2243 3008
509 208 589 236 210
852 196 1537 251 EPISTOLARUM

508 295 598 340 erit,
627 294 907 348 implorantem
927 297 1010 348 ejus
1030 296 1239 335 auxilium.
1285 296 1354 335 Est
1373 297 1550 350 quaedam
1572 296 1654 350 spes
1675 296 1777 336 mihi
1798 298 1892 351 qui-

510 360 602 398 dem
622 373 701 399 non
721 374 877 414 magna,
907 361 970 400 sed
999 362 1040 400 in
1064 361 1127 400 his
1147 362 1245 400 locis
1266 361 1394 408 firma,
1423 362 1636 402 Afranium
1657 364 1698 402 in
1719 363 1897 402 Pirenaeo

510 439 605 473 cum
631 426 834 466 Trebonio
862 427 1060 480 pugnaffe,
1090 427 1250 480 pulsum
1279 428 1546 475 Trebonium,
1575 429 1693 467 etiam
1724 429 1895 467 Fabium

511 501 627 531 tuum
648 492 813 532 transisse
833 507 927 532 cum
947 493 1177 532 cohortibus
1197 508 1206 532 :
1230 493 1382 532 summa
1399 504 1546 541 autern,
1568 494 1780 534 Afranium
1801 509 1895 534 cum

511 558 664 611 magnis
684 559 809 612 copiis
829 559 1047 599 adventare.
1093 559 1138 598 Id
1169 559 1194 597 fi
1224 558 1292 603 est,
1322 560 1363 597 in
1395 560 1508 599 Italia
1533 559 1686 599 fortaffe
1713 561 1893 599 manebi-

512 632 592 663 tur.
636 625 725 677 Ego
752 633 898 670 autem,
929 638 1023 664 cum
1052 625 1142 663 effet
1171 625 1367 663 incertum
1397 625 1472 664 iter
1501 626 1675 671 Caesaris,
1706 626 1814 679 quod
1834 626 1895 665 vel

512 689 560 728 ad
589 691 782 743 Capuam,
811 690 874 729 vel
903 690 950 729 ad
979 692 1203 736 Luceriam,
1234 691 1359 729 iturus
1389 691 1614 745 putabatur,
1646 693 1815 745 Leptam
1848 692 1896 730 ad

513 755 750 808 Pompeium
784 755 885 801 misi,
914 766 953 795 et
986 756 1115 795 literas
1132 775 1145 802 ;
1176 755 1270 808 ipse,
1302 769 1350 794 ne
1384 771 1465 810 quo
1496 756 1727 800 inciderem,
1757 757 1898 795 reverti

514 820 707 860 Formias.
739 821 838 860 Haec
860 831 897 860 te
917 822 1013 861 scire
1032 822 1155 866 volui,
1177 821 1386 874 scripsique
1407 822 1592 860 sedatiore
1612 821 1760 866 animo,
1776 835 1897 873 quam

513 885 693 939 proxime
712 885 950 939 scripseram,
981 887 1138 926 nullum
1159 900 1292 925 meum
1310 887 1509 941 judicium
1535 888 1804 941 interponens,
1835 886 1899 925 sed

515 953 722 1004 exquirens
745 961 874 992 tuum.

854 1153 1096 1193 CICERO
1138 1155 1395 1193 A‘r‘rrco
1437 1155 1568 1193 SAL.

518 1283 592 1321 IV.
614 1281 910 1354 DIONYS
926 1282 1030 1321 IUS
1060 1282 1223 1335 quidem
1243 1292 1333 1322 tuus
1354 1283 1501 1336 potiuS‚
1523 1295 1641 1336 quam
1663 1282 1803 1329 noster,
1825 1296 1898 1322 cn·

707 1349 774 1400 jus
794 1361 868 1400 ego
886 1360 981 1386 cum
1000 1347 1088 1386 satis
1109 1348 1331 1401 cognossem
1353 1361 1494 1394 mores,
1526 1357 1596 1387 tuo
1617 1358 1745 1387 tamen
1767 1349 1902 1402 potius

516 1414 662 1453 stabam
677 1413 847 1466 judicio,
876 1426 995 1467 quarn
1015 1427 1120 1460 meo,
1150 1427 1201 1452 ne
1218 1415 1277 1453 tui
1297 1414 1459 1467 quidem
1481 1414 1709 1460 testimonii,
1738 1414 1843 1468 quod
1863 1414 1900 1452 ei

517 1480 614 1534 saepe
633 1479 736 1533 apud
755 1493 818 1518 me
838 1479 1010 1526 dederas,
1039 1481 1202 1526 veritus,
1232 1480 1442 1534 superbum
1464 1479 1499 1517 se
1519 1481 1687 1533 praebuit
1707 1481 1747 1518 in
1768 1480 1900 1519 fortu-

517 1559 580 1592 na,
611 1559 729 1599 quam
755 1546 908 1598 putavit
934 1545 1103 1584 nostram
1123 1544 1234 1584 fore:
1266 1546 1378 1598 cujus
1399 1544 1567 1583 fortunae
1589 1559 1674 1591 nos,
1705 1554 1902 1598 quantum

516 1611 692 1650 humano
711 1611 874 1650 confilio
892 1611 995 1650 effici
1015 1612 1177 1664 poterit,
1207 1620 1361 1649 motum
1383 1610 1532 1649 ratione
1558 1611 1725 1664 quadam
1754 1610 1900 1664 guber-

515 1677 715 1716 nabimus.
761 1677 838 1715 Cui
858 1677 928 1730 qui
948 1676 1074 1716 noster
1092 1676 1234 1722 honos,
1265 1675 1373 1730 quod
1391 1675 1643 1730 obsequium,
1671 1691 1757 1730 quae
1783 1668 1908 1716 etiam*

517 1743 564 1781 ad
584 1752 741 1782 caeteros
761 1743 981 1796 contempti
1002 1743 1204 1797 cujusdam
1223 1742 1398 1782 hominis
1419 1742 1726 1788 commendatio,
1747 1741 1900 1781 defuit?

519 1819 562 1847 ut
591 1822 724 1847 meum
748 1808 947 1861 judicium
978 1807 1209 1862 reprehendi
1239 1822 1261 1847 a
1290 1808 1445 1860 Qinto
1471 1806 1604 1853 fratre,
1633 1808 1832 1861 vulgoque
1852 1808 1902 1846 ab

517 1874 720 1918 omnibus,
751 1873 927 1919 mallem,
957 1886 1076 1927 quam
1098 1873 1214 1912 illum
1238 1887 1315 1911 non
1336 1871 1470 1911 efferre
1491 1872 1702 1917 laudibus;
1736 1873 1899 1911 Cicero-

518 1939 662 1991 nesque
691 1937 838 1978 nostros
866 1952 954 1977 meo
984 1939 1116 1992 potius
1146 1939 1276 1977 labore
1306 1938 1523 1983 subdoceri,
1555 1952 1672 1991 quam
1695 1952 1757 1977 me
1777 1939 1901 1978 alium

519 2005 566 2043 iis
588 2003 815 2056 magistrum
836 2017 1019 2056 quaerere.
1052 2003 1116 2042 Ad
1137 2017 1255 2058 quem
1276 2018 1349 2057 ego
1370 2018 1464 2057 quas
1486 2004 1629 2049 literas,
1656 2004 1710 2042 dii
1732 2005 1898 2043 immor-

519 2070 629 2116 tales,
674 2069 852 2108 miseram
872 2071 885 2107 ?
929 2079 1123 2123 quantum
1163 2070 1322 2109 honoris
1370 2063 1627 2124 significantes
1648 2072 1660 2108 ?
1707 2081 1901 2124 quantum

518 2136 659 2174 amoris
678 2137 692 2174 ?
735 2135 1012 2175 Dicaearchum
1047 2135 1285 2182 mehercule,
1323 2146 1388 2175 aut
1424 2136 1715 2181 Aristoxenum,
1753 2137 1901 2175 diceres

518 2202 661 2247 arceffi,
694 2215 771 2241 non
794 2216 919 2242 unum
939 2203 1121 2241 omnium
1143 2203 1473 2255 loquaciffimum,
1503 2213 1540 2241 et
1572 2203 1736 2241 minime
1763 2213 1899 2256 aptum

518 2268 563 2306 ad
585 2268 821 2307 docendum.
869 2268 939 2307 Sed
971 2267 1023 2307 est
1045 2269 1232 2307 memoria
1253 2269 1367 2307 bona.
1415 2269 1485 2307 Me
1505 2269 1608 2306 dicet
1629 2268 1700 2307 effe
1723 2269 1897 2308 meliore.

518 2334 676 2386 Qibus
699 2334 821 2372 literis
843 2335 897 2372 ita
917 2334 1128 2387 respondit,
1162 2344 1203 2373 ut
1224 2349 1296 2387 ego
1319 2335 1482 2379 nemini,
1514 2336 1625 2387 cujus
1648 2335 1798 2372 causam
1822 2349 1899 2373 non

519 2401 744 2452 reciperem.
794 2402 953 2453 Semper
972 2401 1094 2446 enim,
1110 2402 1152 2452 si
1173 2410 1325 2453 potcr0;
1340 2402 1383 2451 Ji
1408 2411 1492 2439 anta·
1508 2404 1677 2454 Jtficpm
1703 2401 1809 2454 (σιμ.)
1833 2414 1901 2439 non

517 2466 701 2519 impediar.
750 2467 968 2519 Nunquam
1003 2480 1066 2505 reo
1097 2467 1282 2519 cuiquam
1318 2477 1394 2506 tam
1424 2467 1583 2511 humili,
1617 2477 1695 2506 tam
1732 2466 1898 2510 sordido.
