2243 3008
451 301 504 339 40
803 283 1487 324 EP1sT0LARUM

453 387 682 427 laudemus:
715 386 854 424 deinde
874 386 914 424 in
943 385 1235 423 dissensionibus
1263 384 1333 423 soli
1365 384 1647 437 relinquamur.
1692 384 1833 422 Amal-

453 453 544 492 thea
564 465 647 491 mea
669 461 705 490 te
725 453 914 505 expectat,
936 460 975 488 et
995 450 1145 502 indiget
1166 450 1238 488 tui.
1271 449 1543 488 Tusculanum
1563 459 1602 487 et
1624 449 1833 502 Pompeia-

453 532 551 557 num
571 519 680 556 valde
701 531 763 555 me
784 517 1000 561 delectant5
1033 516 1101 554 nisi
1123 515 1228 568 quod
1249 528 1326 560 me,
1350 515 1466 553 illum
1486 515 1614 567 ipsum
1636 514 1833 553 vindicem

454 584 538 622 aeris
559 583 690 627 alieni,
713 596 783 620 aere
804 595 881 620 non
904 580 1130 625 Corinthio,
1153 579 1215 618 sed
1235 579 1311 618 hoc
1332 578 1659 624 circumforaneo,
1690 579 1832 617 obrue—

455 658 561 687 runt.
609 649 653 686 In
688 647 818 686 Gallia
844 646 1039 699 speramus
1067 645 1139 683 esse
1167 645 1310 683 otium.
1357 644 1608 697 Prognostica
1636 658 1721 682 mea
1741 657 1834 682 cum

454 713 711 752 oratiunculis
732 712 959 765 propediem
978 713 1162 764 expecta:
1194 719 1233 748 et
1254 719 1381 748 tamen
1404 709 1501 763 quid
1521 710 1669 762 cogites
1690 709 1737 748 de
1765 709 1833 747 ad-

398 805 402 811 ·
455 788 575 818 ventu
597 788 679 823 tuo,
711 777 833 815 scribe
853 776 899 814 ad
920 789 990 814 nos
1009 791 1018 814 :
1051 789 1141 813 nam
1162 774 1262 813 mihi
1285 775 1503 827 Pomponia
1523 775 1694 814 nuntiari
1710 774 1834 827 juffit,

454 854 493 883 te
514 844 642 882 mense
664 843 839 894 Qintili
861 843 998 880 Romae
1019 841 1101 879 fore
1120 856 1128 879 :
1162 841 1201 878 id
1222 854 1242 878 a
1263 841 1340 878 tuis
1361 841 1500 885 literis,
1523 853 1617 892 quas
1638 839 1684 877 ad
1706 853 1768 877 me
1788 839 1835 876 de

455 909 603 947 decessu
626 918 695 946 tuo
715 907 884 952 miseras,
906 906 1159 958 discrepabat.
1195 905 1338 949 Paetus,
1370 913 1414 942 ut
1433 914 1545 942 antea
1563 905 1610 941 ad
1632 914 1668 942 te
1690 903 1835 956 scripfi,

455 987 591 1012 omnes
619 973 755 1017 libros,
786 984 884 1023 quos
906 970 1023 1008 frater
1042 970 1132 1008 suus
1153 968 1380 1020 reliquisset,
1411 967 1514 1005 mihi
1540 968 1726 1006 donavit:
1758 967 1836 1006 hoc

454 1039 563 1076 illius
584 1050 728 1075 munus
749 1037 788 1073 in
811 1044 876 1072 tua
896 1034 1100 1086 diligentia
1115 1033 1284 1085 positum
1304 1032 1372 1070 est.
1405 1033 1444 1070 Si
1465 1046 1528 1071 me
1548 1046 1668 1079 amas,
1685 1046 1778 1071 cura
1792 1042 1837 1071 ut

454 1103 743 1146 conserventur,
765 1109 803 1138 et
823 1099 870 1137 ad
890 1112 953 1137 me
974 1098 1244 1151 perferantur:
1277 1097 1353 1136 hoc
1374 1097 1475 1136 mihi
1497 1097 1599 1136 nihil
1620 1099 1744 1151 potest
1764 1098 1837 1137 effe

453 1169 601 1222 gratius
610 1186 622 1213 ς
644 1176 697 1212 et,
719 1179 811 1204 cum
833 1166 1008 1209 Graecos,
1032 1173 1118 1202 tum
1138 1177 1228 1202 vero
1248 1163 1458 1216 diligenter
1479 1163 1656 1209 Latinos,
1674 1173 1718 1202 ut
1737 1177 1835 1202 con-

454 1235 577 1273 serves
597 1232 715 1270 velim
736 1247 744 1270 :
777 1240 891 1269 tuum
918 1230 989 1268 esse
1020 1229 1097 1268 hoc
1118 1229 1400 1267 munusculum
1421 1229 1583 1281 putabo·
1628 1229 1693 1267 Ad
1715 1230 1837 1267 Osta-

454 1299 564 1336 vium
585 1297 673 1335 dedi
694 1297 850 1341 literas;
883 1309 976 1334 cum
1006 1294 1089 1347 ipso
1119 1293 1220 1332 nihil
1241 1307 1346 1332 eram
1365 1293 1522 1332 locutus
1541 1309 1549 1333 :
1583 1307 1709 1347 neque
1729 1294 1838 1333 enim

456 1363 524 1401 ista
544 1372 609 1400 tua
630 1362 785 1415 negotia
804 1359 1059 1413 provincialia
1077 1359 1149 1398 esse
1168 1359 1355 1412 putabam
1372 1377 1384 1405 ς
1417 1373 1542 1412 neque
1569 1368 1607 1397 te
1635 1360 1677 1398 in
1705 1359 1840 1399 tocul—

456 1428 629 1467 lionibus
650 1426 841 1466 habebam
860 1441 869 1465 :
902 1425 965 1464 sed
986 1425 1131 1478 scripsi,
1162 1434 1206 1464 ut
1226 1424 1361 1470 debui,
1391 1424 1616 1479 diligenter.

789 1633 1030 1670 Crczko
1072 1630 1328 1668 A‘r'r1co
1371 1629 1500 1667 SAL.

456 1759 510 1798 11.
536 1756 766 1831 CURA,
797 1759 937 1798 amabo
957 1768 1009 1804 te,
1042 1758 1277 1797 Ciceronem
1299 1755 1488 1795 nostrum.
1521 1755 1571 1795 Ei
1592 1768 1662 1794 nos
1682 1752 1756 1797 θεῖοι
1774 1756 1839 1794 vi-

635 1824 787 1863 demur.
837 1819 1028 1865 Πεὶληιαλων
1062 1823 1103 1861 in
1138 1823 1320 1861 manibus
1355 1822 1565 1867 tenebam3
1608 1830 1647 1859 et
1679 1819 1839 1859 hercule

454 1903 643 1943 magnum
681 1902 862 1929 acervum
902 1887 1122 1926 Dicaearchi
1162 1886 1262 1926 mihi
1297 1895 1385 1925 ante
1420 1879 1534 1939 pedes
1573 1895 1836 1925 extruxeram.

455 1957 494 1993 O
516 1967 704 2007 magnum
726 1952 929 1993 hominem
950 1952 957 1989 !
990 1962 1028 1990 et
1055 1966 1075 1990 a
1104 1966 1184 2005 quo
1210 1951 1340 1990 multo
1360 1951 1471 2004 plura
1491 1951 1688 1996 didiceris,
1720 1964 1839 2004 quam

454 2019 501 2058 de
524 2018 709 2058 Procilio.
763 2014 913 2065 Κορινθίων
931 2026 970 2055 et
990 2012 1151 2057 Ἀθηναίων
1171 2026 1268 2070 puto
1289 2029 1351 2054 me
1373 2017 1510 2055 Romae
1531 2016 1685 2055 habere,
1730 2015 1839 2054 Mihi

454 2085 601 2130 credes,
633 2084 764 2136 leges;
798 2081 879 2121 haec
900 2081 1049 2125 doce03
1083 2081 1274 2120 mirabilis
1295 2082 1353 2119 vir
1379 2081 1446 2119 est.
1492 2075 1630 2130 'meiol-x,
1661 2081 1685 2119 si
1719 2080 1840 2119 homo

454 2150 560 2195 esset,
591 2163 681 2188 eum
704 2149 834 2201 potius
856 2147 1014 2200 legeret,
1046 2160 1164 2199 quam
1193 2159 1310 2185 unam
1342 2146 1494 2184 literam
1527 2145 1737 2185 scriberet:
1771 2147 1838 2199 qui

456 2230 518 2254 mc
538 2214 698 2268 epistola
719 2214 885 2267 petivit:
917 2212 963 2251 ad
986 2222 1036 2257 te,
1061 2221 1103 2250 ut
1124 2213 1250 2257 video,
1273 2212 1498 2250 comminus
1519 2211 1685 2250 accessit.
1728 2213 1838 2249 Con-

451 2281 589 2334 jurasse
625 2280 799 2325 mallem,
842 2292 959 2332 quam
995 2278 1167 2317 restitisse
1201 2278 1480 2330 conjurationi,
1527 2277 1551 2315 si
1588 2277 1702 2316 illum
1739 2277 1840 2315 mihi

456 2345 694 2384 audiendum
736 2345 936 2398 putassem.
990 2345 1050 2383 De
1092 2344 1224 2383 Lollio
1260 2344 1369 2382 sanus
1411 2357 1487 2382 non
1522 2356 1589 2380 cs:
1637 2343 1684 2381 dc
1720 2344 1841 2381 Vinio

458 2410 587 2449 laudo.
639 2410 709 2448 Sed
742 2409 838 2448 heus
874 2419 932 2453 tu,
972 2409 1114 2461 ecquid
1149 2409 1255 2447 vides
1293 2408 1483 2447 Kalendas
1519 2408 1664 2453 venire,
1709 2409 1839 2446 Anto-

460 2477 568 2514 nium
607 2489 682 2513 non
719 2475 879 2513 venire?
914 2474 1067 2526 judices
1101 2474 1223 2527 cogi?
1268 2487 1356 2511 nam
1393 2474 1445 2511 ita
1479 2473 1523 2510 ad
1559 2486 1621 2510 mc
1657 2472 1838 2517 mittunt,

462 2541 670 2593 Nigidium
701 2541 838 2579 minari
868 2541 906 2578 in
935 2540 1141 2586 concione,
1174 2539 1208 2578 se
1234 2539 1427 2592 judicem,
1459 2539 1527 2591 qui
1561 2552 1638 2577 nou
1671 2537 1839 2582 affuerit,
