2243 3008
476 272 543 319 28¹
822 279 1511 319 EPISTOLARUM

477 379 670 418 exclames
705 379 850 417 necesse
883 379 950 424 est,
991 392 1048 416 res
1081 379 1277 416 Romanas
1312 377 1460 416 diutius
1495 378 1589 417 stare
1623 391 1700 417 non
1736 377 1854 432 pofi‘e.

478 446 639 483 Etenim
663 444 747 497 post
775 443 1059 497 profectionem
1087 453 1193 481 tuam
1222 443 1389 496 primus,
1421 452 1465 482 ut
1485 444 1639 496 opinor,
1671 444 1855 483 introitus

478 508 556 547 suit
576 510 616 547 in
638 509 789 547 causam
809 507 950 547 fabulae
973 508 1200 553 Clodianae;
1233 506 1273 545 in
1302 521 1380 560 qua
1407 522 1480 561 ego
1507 511 1654 554 nactus,
1686 518 1730 547 ut
1756 508 1857 547 mihi

478 574 650 619 videbar,
680 575 814 612 locum
840 573 1048 612 resecandae
1078 573 1271 618 libidinis,
1302 583 1341 611 et
1373 574 1593 612 coercenda:
1620 574 1860 626 juventutis,

478 639 686 678 vehemens
707 639 782 683 fui,
804 648 842 677 et
862 652 997 677 omnes
1019 637 1177 691 profudi
1198 639 1296 676 vires
1316 639 1436 676 animi
1457 649 1573 690 atque
1594 639 1743 691 ingenii
1764 639 1857 682 mei,

481 718 559 742 non
597 705 688 743 odio
726 703 912 742 adduftus
950 704 1132 756 alicujus,
1177 703 1239 741 sed
1277 704 1341 756 spe
1376 704 1622 756 Reipublicae
1656 705 1856 757 corrigen—

479 770 551 815 dae,
581 779 621 808 et
649 769 820 808 sanandae
851 769 1036 808 civitatis.
1082 768 1239 807 Affli&a
1269 769 1506 822 Respublica
1534 769 1588 807 est
1616 779 1752 822 empto
1778 769 1858 807 stu-

478 844 667 887 pratoque
681 834 849 886 judicio.
882 834 997 879 Vide,
1029 848 1115 886 quae
1136 834 1209 872 fint
1228 834 1357 886 postea
1376 835 1596 873 consecuta.
1638 834 1785 872 Consul
1808 833 1860 871 est

479 899 682 952 impolitus
704 900 736 937 is
757 899 886 944 nobis,
917 913 1035 953 quem
1057 913 1173 937 nemo
1202 909 1340 952 praeter
1370 913 1440 938 nos
1469 898 1725 952 philosophos
1757 899 1861 950 aspi-

480 977 566 1002 cere
586 964 662 1002 fine
689 963 850 1016 suspirio
876 963 1010 1016 poffet.
1058 965 1264 1015 Qantum
1295 963 1372 1002 hoc
1398 964 1573 1002 vulnus?
1606 965 1724 1001 Fasto
1751 963 1860 1001 sena-

481 1028 748 1066 tus-consulto
768 1029 815 1065 de
835 1028 1002 1072 ambitu,
1034 1027 1275 1079 dejudiciis‚
1306 1028 1415 1066 nulla
1445 1028 1510 1066 lex
1536 1028 1695 1081 perlata,
1727 1029 1861 1081 exagi-

480 1101 582 1130 tatus
610 1094 786 1138 Senatus,
815 1092 973 1130 alienati
1004 1092 1171 1144 Equites
1202 1093 1389 1130 Romani.
1437 1093 1500 1130 Sic
1530 1093 1599 1130 ille
1627 1106 1750 1131 annus
1783 1093 1863 1131 duo

480 1157 727 1196 firmamenta
764 1158 1011 1210 Reipublicae
1049 1171 1118 1210 per
1155 1171 1219 1195 me
1258 1171 1383 1196 unum
1431 1157 1642 1196 constituta
1688 1159 1860 1204 evertit;

458 1237 571 1262 *nam
600 1233 638 1261 et
666 1225 826 1261 Senatus
857 1223 1127 1261 auctoritatem
1158 1222 1316 1275 abjecit,
1347 1231 1386 1262 et
1406 1223 1591 1263 ordinum
1611 1224 1864 1262 concordiam

480 1288 688 1341 disjunxit.
735 1288 854 1326 Instat
883 1287 950 1326 hic
978 1301 1083 1326 nunc
1110 1287 1178 1326 ille
1198 1301 1321 1327 annus
1341 1288 1535 1341 egregius.
1582 1289 1678 1341 Ejus
1700 1289 1862 1327 initium

480 1354 672 1406 ejusmodi
693 1353 784 1399 fuit,
817 1362 860 1392 ut
880 1353 1134 1392 anniversaria
1153 1353 1254 1392 sacra
1272 1355 1500 1405 Juventutis
1521 1368 1600 1393 non
1630 1355 1861 1393 committe-

482 1429 629 1458 rentur.
670 1420 774 1458 Nam
798 1419 860 1458 M.
886 1419 1047 1457 Luculli
1068 1432 1230 1458 uxorem
1251 1419 1473 1458 Memmius
1495 1419 1571 1458 suis
1592 1419 1705 1458 sacris
1727 1420 1861 1458 initia-

481 1485 553 1523 vit.
599 1485 820 1530 Menelaus,
852 1498 949 1537 aegre
980 1484 1021 1522 id
1049 1484 1189 1537 passus,
1220 1484 1435 1523 divortium
1467 1484 1576 1523 fecit.
1623 1487 1864 1538 Qanquam

482 1551 549 1589 ille
578 1549 703 1603 pastor
733 1550 855 1588 Idaeus
886 1550 1116 1588 Menelaum
1146 1550 1273 1588 solum
1302 1550 1614 1603 contempserat:
1646 1550 1712 1589 hic
1738 1551 1864 1589 noster

482 1617 588 1654 Paris
624 1625 703 1654 tam
738 1615 981 1661 Menelaum,
1025 1629 1143 1667 quam
1178 1617 1536 1667 Agamemnonem,
1578 1615 1748 1654 liberum
1784 1630 1863 1655 non

481 1682 647 1735 putavit.
693 1681 760 1719 Est
791 1690 919 1719 autem
954 1682 1001 1718 C.
1026 1681 1251 1718 Herennius
1285 1680 1447 1733 quidam
1481 1680 1689 1719 Tribunus
1720 1682 1862 1734 plebi5‚

483 1761 600 1799 quem
623 1757 663 1784 tu
687 1745 837 1784 fortaffe
859 1760 906 1784 ne
928 1745 1024 1783 nosti
1045 1745 1231 1798 quidem:
1256 1745 1403 1783 tametfi
1427 1754 1536 1797 potes
1558 1745 1682 1784 noss‘e:
1707 1747 1863 1785 tribulis

482 1813 586 1850 enim
611 1823 700 1850 tuus
721 1812 801 1856 cst;
832 1821 870 1849 et
892 1813 1044 1854 Sextus,
1077 1820 1183 1862 pater
1207 1811 1305 1862 ejus,
1338 1823 1521 1848 nummos
1549 1811 1660 1849 vobis
1693 1811 1865 1851 dividere

484 1878 643 1915 solebat.
692 1878 727 1914 Is
757 1876 801 1914 ad
834 1876 989 1928 plebem
1027 1876 1069 1913 P.
1101 1875 1289 1913 Clodium
1325 1875 1520 1920 traducit;
1554 1875 1738 1929 idemque
1771 1875 1869 1925 fert,

486 1953 528 1981 ut
560 1941 758 1980 universus
786 1940 954 1993 populus
987 1941 1031 1978 in
1057 1953 1197 1992 campo
1219 1940 1367 1977 Martio
1389 1939 1616 1992 suffragium
1637 1940 1684 1979 de
1705 1955 1743 1979 re
1765 1942 1864 1980 Clo-

485 2008 539 2046 dii
563 2007 672 2046 ferat.
720 2007 841 2045 Hunc
873 2020 947 2059 ego
978 2006 1109 2058 accepi
1132 2007 1170 2044 in
1193 2007 1349 2049 Senatu,
1381 2015 1423 2044 ut
1446 2006 1575 2044 soleo:
1608 2006 1670 2044 sed
1691 2006 1792 2046 nihil
1813 2008 1867 2047 est

487 2074 558 2112 illo
591 2073 753 2111 homine
787 2072 945 2110 lentius.
994 2071 1182 2109 Metellus
1216 2071 1270 2110 est
1304 2071 1451 2110 Consul
1486 2072 1679 2124 egregius,
1721 2082 1760 2111 et
1794 2087 1865 2113 nos

485 2148 615 2183 amam
659 2137 720 2176 scd
760 2137 964 2175 imminuit
1002 2136 1270 2174 auctoritatem
1311 2135 1431 2180 suam,
1476 2136 1582 2188 quod
1616 2135 1732 2175 habet
1766 2137 1867 2177 dicis

486 2205 597 2244 causa
617 2203 909 2258 promulgatum
932 2201 1032 2240 illud
1052 2201 1155 2239 idem
1177 2201 1223 2240 de
1251 2201 1408 2240 Clodio.
1456 2202 1550 2240 Auli
1581 2211 1710 2240 autem
1744 2202 1864 2249 filius,

489 2273 526 2309 Ο
548 2271 601 2309 dii
625 2268 863 2308 immortales
888 2267 894 2304 !
927 2280 1045 2320 quam
1068 2267 1244 2319 ignavuS,
1275 2281 1316 2305 ac
1340 2267 1415 2305 line
1436 2267 1568 2304 animo
1588 2267 1716 2312 miles,
1747 2282 1866 2321 quam

486 2338 645 2390 dignus,
691 2335 758 2387 qui
800 2334 996 2378 Palicano,
1041 2332 1137 2371 sicut
1178 2332 1286 2377 facit,
1331 2347 1372 2370 os
1412 2332 1457 2370 ad
1493 2333 1593 2371 male
1626 2333 1867 2373 audiendum

488 2402 666 2456 quotidie
696 2399 887 2453 przrbcat!
937 2398 1096 2451 Agraria
1129 2408 1258 2436 autem
1294 2398 1539 2451 promulgata
1573 2398 1624 2436 est
1659 2412 1678 2436 a
1715 2399 1866 2445 Flavio,

491 2470 575 2507 sane
597 2467 705 2511 levis,
736 2465 869 2503 cadem
898 2463 990 2510 fere,
1022 2477 1107 2517 qnae
1139 2462 1214 2501 fuit
1248 2464 1387 2502 Plotia.
1435 2464 1506 2502 Sed
1538 2464 1681 2502 interca
1709 2462 1867 2502 ωλι-ταὶς

487 2531 560 2587 arbe
578 2529 729 2578 &msam
749 2531 952 2583 quisquam
987 2530 1150 2569 inveniri
1180 2529 1315 2582 potest.
1363 2530 1444 2582 Qi
1473 2539 1634 2582 poterat.
1668 2528 1870 2569 familiaris
