2243 3008
456 272 531 310 124
729 256 1489 301 ,EPISTOLARUM

453 373 605 405 omneS,
647 358 710 397 sed
748 358 865 396 etiam
904 369 1093 402 rumores,
1135 355 1429 408 cognoscamus.
1481 357 1556 396 Eas
1594 356 1831 410 accipiemus

456 424 662 464 Brundufii
680 439 690 462 z
722 423 779 461 ibi
799 423 906 461 enim
928 422 1160 460 Pontinium
1180 421 1227 459 ad
1247 435 1331 460 eam
1356 422 1475 467 diem,
1507 435 1625 475 quam
1645 431 1689 460 tu
1709 422 1834 475 scrip-

456 491 545 535 fisti,
562 490 762 542 expectare
781 487 989 526 confilium
1008 486 1075 525 est.
1109 487 1194 525 Nos
1216 487 1394 532 Tarenti,
1411 500 1509 539 quos
1530 501 1623 526 cum
1645 487 1836 540 Pompeio

455 553 615 602 ὢαλόγκς
645 554 691 592 de
724 553 945 605 Republica
978 551 1246 596 habuerimus,
1276 551 1324 589 ad
1355 561 1393 590 te
1425 552 1736 604 perscribemus5
1767 551 1835 590 etsi

455 621 497 658 id
518 619 645 672 ipsum
667 620 761 658 scire
781 619 914 671 cupio,
945 617 1051 670 quod
1072 617 1119 655 ad
1140 627 1295 670 tempus
1317 619 1417 655 reste
1436 617 1482 655 ad
1505 626 1541 656 te
1562 618 1725 656 scribere
1745 617 1835 671 pos-

458 686 543 732 fim,
574 685 614 723 id
634 685 701 730 est,
723 697 841 737 quam
862 683 930 721 diu
951 684 1089 721 Romae
1110 681 1266 720 futurus
1288 682 1348 727 fis,
1371 692 1415 720 ut
1435 692 1500 720 aut
1520 696 1601 735 quo
1619 684 1710 722 dem
1728 683 1837 736 post-

457 751 530 790 hac
550 751 678 789 literas
699 750 832 794 sciam,
862 759 929 787 aut
961 763 1008 786 ne
1037 749 1126 787 dem
1147 748 1298 786 frustra.
1346 748 1419 786 Sed
1449 757 1537 786 ante
1568 762 1685 800 quam
1715 747 1837 801 profi-

459 816 614 860 ciscare,
633 816 770 868 utique
789 815 1031 867 explicatum
1053 814 1097 851 fit
1118 813 1217 851 illud
1240 813 1332 851 H-S
1355 826 1414 851 xx
1431 823 1469 852 et
1493 826 1624 852 Dccc.
1657 813 1749 852 Hoc
1770 826 1838 852 ve-

460 883 532 920 lim
554 882 592 919 in
615 880 795 919 maximis
818 879 930 918 rebus
951 889 990 917 et
1010 879 1180 917 maxime
1203 878 1413 917 neceffariis
1441 879 1611 924 habeas;
1643 888 1701 924 ut,
1732 877 1840 932 quod

461 949 613 986 auctore
634 957 671 984 te
691 946 789 984 velle
809 946 926 997 coepi,
957 944 1133 996 adjutore
1153 943 1334 996 affequar.

799 1147 1040 1185 CxcERo
1081 1146 1335 1185 AT’rrco
1376 1147 1507 1185 SAL.

465 1278 538 1315 VI.
563 1273 1021 1349 TARENTUM
1051 1275 1139 1313 veni
1168 1287 1202 1313 a.
1234 1274 1273 1313 d.
1302 1287 1374 1313 xv.
1407 1273 1574 1314 Kalend.
1597 1274 1693 1325 Jun.
1723 1274 1845 1325 Qod

664 1341 898 1380 Pontinium
918 1341 1122 1379 statueram
1136 1342 1350 1394 expectare,
1367 1339 1726 1379 commodissimum
1748 1339 1844 1377 duxi

466 1410 546 1448 dies
567 1423 646 1453 e05‚
677 1407 806 1461 quoad
826 1407 894 1445 ille
914 1407 1075 1452 veniret,
1107 1420 1201 1445 cum
1222 1407 1412 1459 Pompeio
1436 1406 1662 1445 consumere
1680 1421 1689 1444 ε
1721 1419 1847 1458 eoque

466 1476 606 1528 magis,
628 1473 734 1527 quod
754 1474 788 1511 ei
809 1482 964 1525 gratum
985 1472 1057 1511 effe
1077 1472 1117 1510 id
1137 1471 1316 1510 videbam
1334 1491 1345 1517 ς
1368 1473 1437 1525 qui
1457 1473 1575 1510 etiam
1596 1485 1617 1509 a
1636 1485 1699 1510 me
1719 1471 1845 1524 petie-

470 1543 533 1586 rit,
566 1550 609 1578 ut
630 1540 759 1577 secum
780 1548 817 1576 et
839 1538 940 1591 apud
962 1538 997 1584 se
1017 1537 1132 1576 effem
1153 1537 1331 1590 quotidie
1350 1553 1358 1575 ε
1391 1537 1498 1590 quod
1520 1537 1686 1575 conceffi
1716 1536 1847 1574 liben-

468 1617 538 1645 ter.
586 1605 740 1643 Multos
768 1605 874 1642 enim
894 1605 976 1656 ejus
998 1603 1200 1655 praeclaros
1220 1603 1267 1640 de
1289 1602 1511 1655 Republica
1531 1602 1724 1640 sermones
1743 1602 1849 1640 acci-

470 1672 600 1725 piam:
634 1670 796 1708 instruar
824 1670 942 1707 etiam
971 1669 1142 1706 consiliis
1172 1668 1322 1706 idoneis
1352 1668 1398 1706 ad
1424 1667 1501 1707 hoc
1532 1667 1705 1706 nostrum
1726 1681 1849 1720 nego-

470 1741 584 1776 tium.
619 1737 690 1774 Sed
711 1737 756 1774 ad
779 1746 815 1773 te
838 1735 989 1774 brevior
1003 1736 1086 1787 jam
1107 1736 1148 1773 in
1170 1734 1373 1773 scribendo
1393 1734 1543 1787 incipio
1563 1733 1645 1772 fieri
1666 1733 1850 1772 dubitans

472 1805 658 1842 Romame
680 1803 739 1847 fis,
771 1816 816 1839 an
834 1803 916 1854 jam
939 1799 1149 1854 profectus.
1195 1801 1315 1856 Qod
1345 1809 1473 1838 tamen
1495 1799 1623 1852 quoad
1643 1799 1847 1852 ignorabo,

474 1869 636 1907 scribam
658 1867 806 1920 aliquid
828 1868 974 1920 potius,
992 1879 1110 1918 quam
1131 1866 1397 1910 committam,
1420 1874 1478 1910 ut,
1502 1865 1574 1903 tibi
1596 1878 1688 1903 cum
1709 1864 1852 1917 possint

472 1935 578 1972 reddi
599 1948 618 1971 a
639 1947 700 1971 me
722 1933 856 1976 litcrae,
888 1945 965 1969 non
988 1931 1210 1969 reddantur.
1250 1932 1337 1970 Nec
1360 1941 1488 1969 tamen
1505 1932 1587 1983 jam
1608 1929 1733 1968 habeo
1753 1930 1850 1983 quid

473 2011 537 2038 aut
559 1998 740 2037 mandem
763 1998 850 2042 tibi,
883 2007 946 2035 aut
981 2011 1144 2035 narrem.
1192 1996 1377 2035 Mandavi
1406 1997 1552 2041 omnia,
1585 2010 1670 2049 quae
1690 1996 1852 2049 quidem

475 2076 532 2110 tu,
552 2075 593 2103 ut
616 2064 827 2117 pollicem,
845 2062 1069 2101 exhauries:
1095 2063 1269 2107 narrabo,
1287 2077 1378 2101 cum
1401 2062 1549 2115 aliquid
1571 2062 1724 2100 habebo
1744 2063 1850 2100 novi.

478 2131 580 2169 mud
614 2140 741 2167 tamen
768 2142 844 2167 non
866 2128 1049 2173 defluam,
1080 2128 1175 2166 dum
1206 2128 1324 2167 adesse
1357 2138 1393 2166 tc
1423 2128 1585 2180 putabo,
1617 2127 1663 2165 de
1696 2127 1854 2165 Caesaris

477 2198 636 2235 nomine
656 2209 804 2248 rogare,
836 2206 878 2233 ut
905 2194 1129 2234 confectum
1163 2196 1371 2247 relinquas.
1418 2194 1546 2233 Avide
1576 2196 1738 2247 expecto
1770 2203 1853 2233 tuas

477 2264 620 2306 literas,
651 2272 688 2301 et
709 2263 894 2306 maxime,
928 2272 969 2300 ut
992 2262 1120 2300 norim
1142 2271 1294 2314 tempus
1318 2259 1568 2314 profectionis
1591 2270 1679 2299 tuae.
