2243 3008
472 283 546 337 138
737 281 1507 324 ·EP18·TOLARUM

469 379 590 419 sunt?
620 380 804 434 inquies:
836 393 982 419 nomen
1014 377 1146 417 audivi
1177 391 1398 431 nunquam.
1443 376 1555 430 Qid
1580 390 1655 430 ego
1680 375 1855 418 faciam?

468 460 567 485 num
588 447 701 499 potui
722 445 923 491 Ciliciam,
946 445 1138 485 AEtoliam
1157 453 1224 483 aut
1245 443 1524 482 Macedoniam
1544 443 1702 482 reddere
1719 445 1733 483 ?
1765 445 1861 483 Hoc

463 513 549 565 jam
569 512 620 551 fic
639 511 799 557 habeto,
829 524 900 550 nec
922 509 998 550 hoc
1018 509 1194 550 exercitu
1213 508 1279 548 hic
1301 518 1408 548 tanta
1427 510 1584 562 negotia
1603 510 1686 562 geri
1705 508 1861 563 potuis-

472 576 536 616 se:
567 591 654 630 quae
680 577 871 632 cognosce
891 576 926 612 ἐν
943 573 1092 627 imula-{3
1120 575 1172 614 fic
1197 575 1306 614 enim
1333 575 1518 614 concedis
1544 574 1648 615 mihi
1667 575 1862 628 proximis

470 642 611 682 literis.
648 642 853 696 Ephesum
874 651 918 680 ut
938 641 1111 680 venerim
1132 640 1231 679 nosti
1246 659 1259 686 5
1291 641 1362 694 qui
1381 641 1500 679 etiam
1521 639 1623 679 mihi
1643 641 1860 694 gratulatus

472 722 513 746 es
543 709 651 747 illius
683 709 761 747 diei
795 707 1079 752 celebritatem,
1110 720 1188 760 qua
1220 705 1321 745 nihil
1351 719 1415 744 me
1446 719 1624 759 unquam
1657 706 1862 745 delcetavit

473 774 614 826 magis.
647 774 744 813 inde
763 773 920 827 oppidis
940 773 1005 818 iis,
1036 785 1112 826 qua
1131 773 1267 817 ieram,
1297 771 1534 810 mirabiliter
1553 772 1720 824 accepti,
1756 772 1862 810 Lao-

472 838 624 877 diceam
644 839 771 891 pridie
791 838 881 877 Kal.
905 839 1011 876 Sext.
1035 837 1231 875 venimus.
1278 837 1341 875 Ibi
1361 836 1503 874 morati
1526 835 1709 881 biduum,
1738 835 1863 889 peril-

473 903 609 942 lustres
630 903 797 949 fuimus,
820 901 1128 954 honorificisque
1147 901 1276 940 verbis
1297 914 1433 940 omnes
1453 901 1616 953 injurias
1636 900 1864 940 revellimus

474 969 705 1022 superiores.
751 968 872 1022 Qod
892 968 998 1006 idem
1018 967 1109 1005 dein
1131 968 1316 1020 Apameae
1337 967 1516 1020 quinque
1535 966 1617 1005 dies
1637 967 1796 1013 morati,
1826 976 1866 1006 et

477 1035 666 1087 Synnadis
689 1034 882 1080 triduum,
913 1032 1129 1072 Philomeli
1149 1033 1327 1086 quinque
1348 1032 1445 1079 dies,
1477 1033 1605 1071 Iconii
1625 1032 1776 1078 decem,
1801 1031 1865 1072 fe-

475 1101 619 1138 cimus.
665 1098 785 1138 Nihil
814 1112 858 1137 ea
882 1097 1156 1151 jurisdiffione
1185 1097 1432 1150 aequabilius,
1463 1097 1567 1136 nihil
1587 1097 1731 1143 lenius,
1762 1097 1867 1136 nihil

475 1165 646 1218 gravius.
691 1163 789 1202 Inde
818 1164 860 1202 in
891 1163 1011 1202 castra
1038 1163 1129 1202 veni
1156 1176 1192 1202 a.
1223 1162 1264 1201 d.
1288 1175 1354 1201 v11
1378 1163 1469 1201 Kal.
1501 1163 1609 1216 Sept.
1642 1164 1694 1202 A.
1723 1161 1865 1204 d.,111.

475 1230 695 1269 exercitum
715 1229 872 1268 lustravi
892 1228 995 1282 apud
1016 1229 1214 1268 Iconium.
1262 1229 1324 1267 Ex
1354 1227 1417 1267 his
1440 1227 1587 1274 castris,
1618 1242 1711 1267 cum
1732 1242 1867 1281 graves

477 1298 523 1335 de
542 1295 695 1334 Parthis
718 1295 848 1334 nuntii
869 1295 1062 1341 venirent,
1078 1294 1230 1348 perrexi
1251 1294 1292 1333 in
1314 1294 1500 1333 Ciliciam
1520 1308 1589 1348 per
1610 1294 1869 1349 Cappadociae

478 1372 628 1414 partem
649 1375 750 1406 eam,
781 1374 867 1413 quae
890 1360 1077 1398 Ciliciam
1096 1359 1281 1412 attingit3
1313 1373 1359 1398 eo
1379 1359 1556 1406 confilio,
1588 1369 1632 1398 ut
1653 1360 1869 1399 Armenius

478 1426 722 1472 Artavasdes,
738 1435 777 1464 et
798 1426 867 1479 ipfi
886 1425 1021 1464 Parthi
1037 1425 1287 1479 Cappadocia
1303 1425 1338 1464 se
1359 1425 1517 1464 excludi
1538 1434 1734 1478 putarent.
1760 1426 1869 1464 Cum

478 1494 560 1532 dies
581 1494 758 1546 quinque
778 1493 825 1531 ad
847 1491 1027 1544 Cybistra
1048 1491 1304 1545 Cappadocia:
1325 1491 1443 1530 castra
1461 1491 1695 1536 habuissem,
1726 1491 1870 1529 certior

479 1558 565 1597 sum
597 1557 736 1604 fastus,
768 1557 933 1596 Parthos
963 1557 1012 1595 ab
1044 1557 1116 1596 illo
1144 1557 1253 1595 aditu
1284 1556 1542 1609 Cappadociae
1572 1557 1690 1609 longe
1716 1555 1839 1594 abeffe
1854 1575 1869 1602 ς

479 1625 633 1663 Cilicia:
664 1624 788 1677 magis
823 1623 1058 1662 imminere:
1092 1623 1224 1675 itaque
1255 1621 1464 1672 confestim
1497 1623 1572 1661 iter
1605 1623 1647 1661 in
1683 1621 1872 1661 Ciliciam

480 1690 556 1728 feci
578 1703 644 1743 per
665 1690 788 1728 Tauri
809 1689 932 1742 pylas.
957 1687 1125 1727 Tarsum
1147 1688 1236 1726 veni
1256 1701 1290 1727 a.
1309 1688 1348 1726 d.
1374 1701 1449 1727 111.
1472 1688 1584 1727 Non.
1604 1687 1750 1726 Ostob.
1774 1687 1872 1727 Inde

479 1756 525 1792 ad
547 1756 748 1793 Amanum
769 1753 972 1799 contendi,
1004 1754 1073 1806 qui
1096 1753 1245 1804 Syriam
1265 1766 1286 1791 a
1307 1753 1450 1792 Cilicia
1478 1766 1669 1806 aquarum
1700 1752 1873 1791 divortio

480 1821 646 1866 dividit,
670 1822 740 1874 qui
761 1835 875 1859 mons
896 1830 976 1858 erat
995 1818 1168 1858 hostium
1189 1819 1329 1872 plenus
1351 1819 1694 1871 sempiternorum.
1730 1818 1812 1857 Hic
1833 1831 1869 1857 a.

481 1887 520 1924 d.
559 1899 613 1924 111
650 1886 742 1924 Idus
779 1885 925 1924 Oaestob.
962 1897 1152 1936 magnum
1184 1897 1394 1922 numerum
1426 1882 1601 1921 hostium
1631 1883 1870 1922 occidimus.

482 1951 650 1990 Castella
669 1952 939 1995 munitiffima,
972 1952 1163 1988 nocturno
1185 1950 1346 1988 Pontini
1367 1949 1551 1995 adventu,
1582 1949 1712 1988 nostro
1739 1959 1871 1988 matu-

482 2019 582 2062 tino,
605 2019 798 2070 cepimus,
829 2015 1094 2054 incendimus.
1126 2017 1365 2067 Imperatores
1385 2015 1569 2067 appellati
1591 2015 1740 2054 sumus.
1773 2014 1870 2053 Cas-

482 2095 541 2121 tra
561 2097 703 2136 paucos
725 2083 806 2121 dies
827 2083 1055 2127 habuimus,
1087 2095 1128 2119 ea
1150 2081 1244 2134 ipsu,
1266 2094 1352 2134 qum
1373 2091 1510 2119 contra
1531 2082 1697 2120 Darium
1719 2080 1871 2120 habue-

483 2159 539 2186 rat
560 2149 661 2201 apud
686 2149 802 2187 Issum
826 2147 1061 2191 Alexander,
1087 2147 1295 2199 imperator
1317 2146 1420 2184 haud
1441 2147 1558 2200 paulo
1579 2147 1733 2192 melior,
1751 2160 1871 2199 quam

483 2226 547 2252 aut
571 2224 627 2259 tu,
660 2225 725 2253 aut
746 2228 833 2267 ego.
883 2214 943 2252 Ibi
976 2213 1057 2250 dies
1089 2212 1267 2265 quinque
1298 2212 1454 2258 morati,
1485 2213 1639 2265 direpto
1670 2223 1708 2251 ct
1730 2212 1872 2250 vastato

484 2282 652 2326 Amano,
685 2280 774 2318 inde
795 2279 1047 2318 discessimus.
1081 2279 1162 2316 Scis
1184 2279 1290 2316 enim
1312 2278 1390 2316 dici
1412 2278 1589 2331 quaedam
1611 2275 1758 2316 :sm-mia:
1792 2278 1871 2316 dici

484 2348 578 2384 item
600 2346 643 2382 fjx.
662 2345 740 2381 κενὰ,
760 2343 801 2381 ri
820 2354 972 2394 τολεμκ.
1008 2346 1183 2383 Rumorc
1205 2345 1392 2383 adventus
1415 2345 1546 2389 nostri,
1569 2354 1606 2382 ct
1629 2344 1769 2390 Canio,
1801 2346 1871 2398 qui

483 2410 706 2450 Antiochia?
728 2411 946 2455 tenebatur,
969 2412 1123 2449 animus
1145 2411 1311 2455 acccffit,
1329 2421 1366 2449 ct
1391 2410 1542 2449 Parthis
1567 2411 1685 2449 timor
1708 2411 1871 2463 injce‘tus

481 2478 548 2517 cst.
584 2479 719 2530 ltaque
739 2491 819 2521 cos,
837 2477 1017 2516 cedentes
1038 2477 1086 2515 ab
1107 2478 1269 2530 oppidO,
1288 2477 1434 2516 Caffius
1458 2477 1654 2515 insecutus
1677 2490 1757 2515 rem
1775 2476 1872 2515 bene

482 2543 590 2597 gcffit
609 2559 618 2583 ι
650 2558 727 2597 qua
748 2543 787 2582 in
809 2543 902 2596 fuga
923 2557 1064 2597 magna
1084 2545 1310 2584 auctoritate
1334 2543 1490 2591 Osaces,
1517 2543 1597 2583 dux
1620 2541 1872 2588 Parthorum,
