2243 3008
538 216 644 254 AD
702 216 1132 254 ATTICUM
1200 203 1510 259 LI'B.V111.
1639 235 1721 273 229

329 314 508 352 debuerit
539 324 698 352 mutum
729 313 801 352 effe
828 327 848 351 a
879 313 1030 359 literis;
1063 323 1266 366 propterea
1295 318 1401 368 quod
1432 332 1556 371 neque
1579 321 1716 360 Romae

328 379 544 431 quidquam
565 378 722 416 auditur
742 379 849 423 novi,
881 392 952 416 nec
973 379 1014 415 in
1034 378 1096 416 his
1118 379 1231 424 locis,
1260 394 1346 431 quae
1366 395 1386 418 a
1407 383 1624 423 Brundufio
1644 387 1715 423 ab·

328 444 417 482 sunt
436 444 615 496 propius,
633 457 753 496 quam
775 453 832 489 tu,
857 443 1024 481 biduum
1044 453 1110 482 aut
1131 444 1322 483 triduum.
1357 447 1563 486 Brundufii
1584 461 1716 488 autem

327 522 444 546 omne
475 518 673 547 certamen
705 510 870 547 vertitur
901 508 1020 560 hujus
1052 509 1173 561 primi
1205 511 1422 562 temporis;
1455 527 1532 564 qua
1552 516 1715 565 quidem

325 575 595 626 expe-statione
626 584 838 627 torqueor:
871 574 935 612 sed
961 575 1095 613 omnia
1120 583 1208 612 ante
1234 588 1304 613 nos
1333 575 1514 616 sciemus.
1561 580 1717 619 Eodem

323 640 431 678 enim
452 640 515 678 die
534 640 648 678 video
670 641 860 679 Caesarem
886 653 907 678 a
932 640 1110 678 Corfinio
1139 640 1224 692 post
1255 642 1461 681 meridiem
1491 643 1714 696 profectum

322 704 410 750 effe,
433 705 473 743 id
492 705 546 743 est
566 705 786 751 Feralibus,
807 718 888 758 quo
909 705 1077 743 Canusio
1096 719 1211 744 mane
1232 706 1469 759 Pompeium
1488 723 1497 746 z
1530 723 1575 747 eo
1596 711 1716 749 modo

324 779 455 809 autem
475 771 652 809 ambulat
673 771 812 816 Caesar,
843 780 883 809 et
911 771 958 809 iis
986 770 1118 808 diariis
1147 771 1326 810 militum
1347 773 1587 812 celeritatem
1609 776 1714 814 inci-

324 845 395 882 tat,
427 846 471 875 ut
492 838 668 882 timeam,
700 850 748 875 ne
775 837 893 875 citius
914 836 964 874 ad
982 836 1263 883 Brundufium,
1294 851 1414 891 quam
1435 852 1533 892 opus
1555 840 1614 886 fit,
1647 855 1712 880 ac-

324 901 487 940 cefferit.
535 903 655 941 Dices
674 918 686 941 2
717 902 828 954 Qid
858 903 982 955 igitur
1012 902 1187 956 proficis,
1218 904 1291 955 qui
1320 905 1510 957 anticipes
1543 908 1625 959 ejus
1657 909 1714 946 rei

322 968 558 1014 molestiam,
578 981 698 1021 quam
719 968 850 1006 triduo
871 968 1037 1006 sciturus
1058 969 1105 1006 fis
1125 969 1138 1006 ?
1170 968 1292 1007 Nihil
1311 970 1511 1022 equidem.
1558 972 1645 1017 Sed,
1668 983 1718 1011 ut

322 1033 435 1086 supra
461 1033 560 1079 dixi,
592 1043 728 1072 tecum
751 1033 992 1086 perlibenter
1022 1034 1192 1087 loqu0r5
1225 1043 1263 1072 et
1294 1035 1415 1073 fimul.
1440 1036 1553 1082 scito,
1584 1038 1713 1077 labare

320 1110 457 1138 meum
477 1099 706 1145 confilium,
732 1099 834 1137 illud
855 1100 962 1152 quod
982 1099 1069 1138 satis
1085 1101 1172 1152 jam
1199 1097 1326 1138 fixum
1349 1100 1567 1141 videbatur.
1614 1104 1713 1142 Non

320 1163 423 1202 mihi
443 1164 531 1203 satis
552 1165 685 1202 idonei
714 1164 805 1203 sunt
832 1166 1007 1202 auctores
1036 1165 1080 1210 ii,
1112 1165 1182 1217 qui
1211 1178 1232 1203 a
1261 1175 1298 1203 te
1328 1166 1570 1218 probantur:
1603 1169 1717 1220 quod

319 1230 427 1267 enim
449 1243 624 1282 unquam
644 1243 780 1268 eorum
811 1229 854 1267 in
886 1229 1110 1282 Republica
1139 1228 1243 1267 forte
1270 1229 1424 1269 factum
1447 1233 1612 1271 extitit?
1644 1243 1712 1273 aut

319 1295 408 1347 quis
429 1295 476 1333 ab
496 1294 558 1333 his
580 1295 702 1333 ullam
724 1308 807 1334 rem
827 1295 942 1333 laude
960 1295 1127 1347 dignam
1143 1294 1353 1334 defiderat?
1375 1297 1463 1334 Nec
1484 1297 1709 1337 mehercule

318 1360 533 1399 laudandos
553 1361 752 1407 existimo,
775 1362 845 1414 qui
867 1369 970 1399 trans
991 1374 1097 1399 mare
1117 1360 1216 1398 belli
1234 1362 1398 1413 parandi
1413 1363 1524 1400 causa
1543 1363 1711 1416 profecti

318 1425 430 1471 sunt;
456 1427 701 1480 (quanquam
721 1425 804 1466 haec
824 1425 982 1464 ferenda
1003 1439 1082 1464 non
1102 1425 1229 1476 erant)
1253 1426 1366 1465 video
1385 1428 1494 1465 enim
1513 1438 1715 1480 quantum⁴

319 1491 360 1529 id
391 1492 558 1536 bellum,
589 1501 628 1529 et
655 1505 775 1544 quam
806 1490 1035 1544 pestiferum
1055 1489 1241 1528 futurum
1271 1491 1330 1529 fit.
1378 1492 1450 1529 Sed
1481 1506 1545 1531 me
1577 1505 1710 1533 movet

319 1570 420 1594 unus
441 1557 527 1602 vir;
559 1558 672 1608 cujus
703 1556 895 1609 fugientis
927 1570 1074 1602 comes,
1105 1557 1413 1609 Rempublicam
1444 1561 1706 1612 recuperantis

319 1621 460 1667 socius,
491 1621 625 1660 videor
643 1621 715 1660 effe
735 1621 890 1660 debere.
936 1621 1122 1660 Totiesne
1143 1622 1266 1674 igitur
1292 1622 1522 1662 sententiam
1543 1635 1671 1663 mutas
1692 1627 1704 1663 ?

319 1689 407 1740 Ego
428 1697 576 1733 tecum,
609 1697 795 1740 tanquam
816 1701 990 1733 mecum,
1021 1687 1178 1740 loquor.
1222 1689 1324 1739 Qis
1351 1698 1480 1727 autem
1502 1690 1569 1735 est,
1603 1700 1709 1729 tanta

317 1753 479 1805 quidem
501 1753 548 1792 de
568 1767 627 1799 re,
645 1755 744 1806 quin
762 1754 864 1791 varie
885 1754 1016 1791 secum
1037 1753 1117 1806 ipse
1137 1753 1338 1805 disputet?
1361 1755 1487 1793 Simul
1509 1765 1546 1793 et
1567 1756 1706 1795 elicere

318 1819 437 1872 cupio
458 1819 690 1857 sententiam
715 1829 850 1857 tuam:
883 1819 911 1856 fi
931 1828 1079 1863 manet,
1110 1828 1156 1856 ut
1185 1819 1337 1857 firmior
1367 1820 1467 1865 fim;
1499 1821 1524 1859 fi
1558 1831 1707 1861 mut-ata

318 1885 385 1930 est,
417 1895 462 1923 ut
482 1885 558 1923 tibi
577 1884 767 1923 affentiar.
810 1884 990 1922 Omnino
1010 1884 1058 1922 ad
1077 1883 1132 1929 id,
1164 1884 1211 1922 de
1231 1898 1312 1937 quo
1332 1885 1487 1931 dubito,
1518 1888 1703 1939 pertinet,

317 1964 381 1989 me
402 1951 510 1996 scire,
533 1951 630 2003 quid
652 1950 858 1988 Domitius
878 1952 1032 1989 acturus
1053 1950 1113 1995 fit,
1135 1949 1232 2002 quid
1252 1950 1378 1989 noster
1399 1952 1609 1991 Lentulus.
1643 1953 1706 1991 De

317 2016 500 2054 Domitio
520 2016 623 2054 varia
641 2015 838 2061 audimus,
861 2015 982 2053 modo
1001 2015 1073 2054 effe
1092 2015 1135 2053 in
1156 2015 1375 2054 Tiburtino
1395 2016 1561 2069 Lepidi3
1585 2018 1706 2056 modo

317 2095 409 2120 cum
430 2081 584 2133 Lepido
603 2081 790 2119 acceffisse
809 2081 856 2119 ad
877 2080 1016 2120 urbem
1034 2096 1043 2119 ε
1076 2080 1184 2134 quod
1203 2080 1302 2118 item
1320 2080 1463 2120 falsum
1484 2082 1596 2120 video
1616 2084 1700 2121 esse.

317 2149 387 2186 Ait
406 2148 514 2185 enim
534 2147 724 2200 Lepidus,
755 2161 847 2186 eum
868 2147 998 2186 nescio
1017 2160 1099 2200 quo
1126 2147 1337 2199 penetraffe
1363 2148 1571 2185 itineribus
1589 2166 1599 2191 ;
1632 2161 1702 2186 oc-

318 2213 494 2252 cultandi
528 2213 586 2251 sui
620 2214 744 2259 causa,
775 2228 823 2252 an
858 2214 974 2252 maris
1008 2213 1220 2266 apiscendi,
1253 2227 1300 2250 ne
1331 2213 1372 2250 id
1403 2213 1564 2264 quidem
1600 2214 1670 2251 scit
1690 2230 1698 2252 :

318 2278 471 2328 ignorat
490 2279 596 2316 enirn
617 2278 664 2316 de
684 2278 784 2318 filio.
824 2278 951 2316 Addit
969 2278 1085 2323 illud,
1117 2277 1203 2315 sane
1224 2277 1431 2315 molestum
1451 2296 1460 2322 ς
1493 2279 1702 2330 pecuniam

319 2342 502 2381 Domitio
529 2343 615 2381 satis
643 2343 849 2396 grandem,
876 2357 994 2396 quam
1026 2344 1058 2381 is
1093 2341 1261 2381 Corfinii
1292 2341 1487 2388 habuerit,
1520 2357 1597 2381 non
1630 2344 1709 2382 effu

319 2406 525 2445 redditam.
568 2407 630 2444 De
651 2409 824 2447 Lentulo
843 2418 975 2447 autem
997 2408 1099 2448 nihil
1119 2407 1315 2447 audimus.
1361 2408 1460 2447 Haec
1481 2409 1600 2446 velim
1629 2422 1701 2447 ex·

317 2472 461 2524 quiras‚
492 2470 538 2510 ad
560 2484 699 2524 meque
719 2473 945 2525 perscribas.
