2243 3008
574 298 683 338 AD
741 295 1172 337 ATTICUM
1241 297 1550 339 LIB.V111.
1677 315 1754 355 213

705 531 947 570 Crcho
988 531 1243 570 Αττιεο
1285 531 1416 571 SAL.

363 658 457 696 VII.
485 656 560 731 U
576 657 669 696 NU
685 658 734 696 M
763 658 881 696 etiam
913 658 1025 697 restat
1050 659 1179 697 amico
1204 659 1334 698 nostro
1359 659 1406 698 ad
1427 674 1544 699 omne
1565 662 1750 709 dedecus,

582 733 627 762 ut
652 725 836 762 Domitio
857 738 935 762 non
957 724 1173 763 subveniat.
1219 726 1275 763 At
1304 739 1421 764 nemo
1451 727 1620 773 dubitat,
1651 730 1750 781 quin

364 787 534 828 subfidio
552 798 739 827 venturus
761 790 806 828 fit
824 804 833 828 :
865 803 937 841 ego
958 802 1038 827 non
1059 799 1171 842 puto.
1218 790 1379 829 Deseret
1405 791 1529 844 igitur
1549 793 1667 831 talem
1688 795 1749 832 ci-

363 867 466 899 vem,
497 864 536 892 et
555 867 635 900 eos,
665 868 764 907 quos
785 867 862 893 una
881 854 953 892 scis
973 854 1074 892 effe?
1106 868 1198 892 cum
1220 854 1359 893 habeat
1378 856 1590 909 praesertim
1611 867 1649 896 et
1669 858 1750 911 ipse

364 919 544 959 cohortes
568 933 657 958 xxx
679 921 692 957 ?
724 920 810 959 Nifi
831 933 894 958 me
914 920 1046 958 omnia
1065 919 1225 965 fallunt,
1256 921 1415 960 deseret.
1458 923 1750 962 Incredibiliter

363 985 569 1036 pertimuit
588 1000 597 1023 z
630 984 733 1023 nihil
762 985 905 1038 spestat
934 984 1004 1023 nifi
1022 984 1159 1037 fugam
1178 1000 1186 1023 :
1220 986 1285 1024 cui
1306 995 1348 1024 tu
1373 986 1504 1038 (video
1523 988 1631 1026 enim
1652 988 1750 1040 quid

363 1049 521 1101 sentias)
554 1064 617 1088 me
648 1051 837 1088 comitem
868 1059 981 1103 putas
1008 1050 1148 1088 debere
1174 1050 1260 1089 effe.
1307 1052 1395 1103 Ego
1421 1066 1512 1091 vero
1540 1067 1660 1106 quem
1680 1053 1749 1091 fu-

362 1115 483 1167 giam,
514 1115 664 1161 habeo3
697 1129 817 1168 quem
838 1116 987 1168 sequar,
1009 1129 1088 1153 non
1109 1114 1249 1154 habeo.
1282 1117 1403 1168 Qod
1422 1118 1528 1156 enim
1550 1128 1593 1156 tu
1615 1132 1751 1158 meum

363 1180 510 1226 laudas,
541 1189 580 1219 et
611 1179 912 1218 memorandum
944 1180 1070 1225 ducis,
1102 1180 1220 1218 malle
1247 1181 1353 1233 quod
1384 1182 1551 1220 dixerim
1573 1196 1636 1221 me
1656 1197 1751 1221 cum

363 1244 554 1298 Pompeio
581 1245 702 1290 vinci,
733 1258 852 1298 quam
882 1258 975 1283 cum
1004 1244 1085 1282 istis
1115 1245 1284 1289 vincere,
1316 1258 1388 1297 ego
1418 1260 1508 1285 vero
1535 1247 1652 1293 malo,
1686 1248 1750 1286 sed

363 1324 456 1350 cum
477 1311 548 1350 illo
570 1311 774 1364 Pompeio,
806 1299 875 1364 qui
897 1320 983 1349 tum
1004 1319 1100 1356 erat,
1129 1319 1196 1348 aut
1216 1311 1286 1363 qui
1306 1311 1406 1349 mihi
1428 1312 1500 1350 effe
1520 1313 1746 1352 videbatur:

363 1389 458 1414 cum
478 1375 554 1415 hoc
575 1390 681 1422 vero,
703 1377 781 1430 ‚qui
803 1385 891 1414 ante
911 1375 1032 1429 fugit,
1062 1389 1180 1428 quarn
1201 1375 1273 1414 scit
1293 1385 1359 1414 aut
1379 1390 1498 1428 quem
1519 1376 1661 1429 fugiat,
1683 1388 1750 1416 aut

363 1455 443 1494 quo
460 1461 471 1487 ;
504 1442 574 1494 qui
594 1441 720 1480 nostra
740 1441 899 1480 tradidit
915 1460 927 1487 ς
958 1442 1028 1494 qui
1047 1441 1215 1494 patriam
1235 1441 1411 1495 reliquit,
1443 1442 1597 1480 Italiam
1626 1443 1748 1481 relin-

364 1507 468 1558 quit,
498 1507 524 1544 fi
544 1507 666 1545 malui
682 1526 695 1551 5
726 1507 896 1558 contigit
911 1525 924 1552 ;
955 1508 1081 1545 vietus
1102 1507 1202 1545 sum.
1235 1507 1355 1558 Qod
1376 1506 1557 1559 superest,
1590 1521 1660 1546 nec
1681 1509 1749 1546 ista

363 1571 494 1610 videre
513 1571 681 1624 possum,
703 1584 790 1624 quae
810 1585 1013 1624 nunquam
1034 1572 1168 1617 timui,
1199 1585 1247 1609 ne
1266 1571 1437 1610 viderem
1453 1591 1468 1618 ς
1498 1586 1570 1610 nec
1590 1573 1748 1612 meher-

363 1637 452 1675 cule
482 1637 615 1682 istum,
647 1646 806 1690 propter
836 1649 956 1689 quem
987 1636 1090 1674 mihi
1122 1650 1202 1675 non
1232 1637 1353 1675 modo
1373 1638 1487 1682 meis,
1517 1638 1580 1676 sed
1601 1648 1748 1678 memet

361 1702 460 1755 ipso,
492 1702 703 1741 carendum
722 1702 790 1741 est.
835 1702 901 1740 Ad
931 1701 1197 1740 Philotimum
1224 1701 1353 1755 scripfi
1379 1703 1426 1740 de
1446 1703 1603 1749 viatico,
1634 1705 1707 1743 five
1727 1718 1750 1742 a

363 1767 544 1813 Moneta,
578 1770 713 1820 (nemo
733 1767 840 1805 enim
860 1767 993 1818 solvit)
1026 1768 1100 1806 five
1122 1767 1170 1805 ab
1192 1767 1352 1821 Oppiis,
1383 1767 1460 1806 tuis
1482 1769 1748 1808 contuberna-

363 1833 484 1873 libus.
516 1834 664 1873 Caetera
682 1833 855 1887 apposita
873 1833 949 1871 tibi
967 1833 1179 1872 mandabo.

702 2037 944 2076 CICERO
984 2036 1239 2075 ATT1co
1281 2036 1412 2075 SAL.

364 2164 481 2203 VIII.
507 2162 579 2237 O
612 2164 695 2203 RE
711 2165 761 2203 M
791 2174 961 2218 turpem,
992 2173 1031 2202 et
1050 2177 1093 2202 ea
1112 2177 1151 2202 re
1172 2164 1350 2204 miseram
1369 2166 1378 2203 !
1410 2163 1460 2202 fic
1480 2164 1587 2202 enim
1607 2164 1746 2211 sentio,

603 2230 642 2268 id
663 2230 839 2276 demum,
862 2239 928 2268 aut
947 2230 1079 2282 potius
1100 2229 1141 2267 id
1161 2229 1303 2275 solum,
1324 2230 1396 2268 effe
1416 2229 1616 2274 miserum,
1639 2230 1747 2282 quod

365 2302 478 2346 turpe
498 2295 558 2334 fit.
590 2295 753 2333 Aluerat
774 2295 962 2333 Caesarem
980 2309 990 2332 ε
1021 2294 1190 2332 eundem
1210 2304 1368 2347 repente
1389 2294 1526 2332 timere
1546 2304 1714 2346 coeperat
1733 2310 1742 2333 :

367 2359 635 2398 conditionem
655 2362 762 2413 pacis
783 2360 933 2399 nullam
954 2359 1159 2412 probarat:
1192 2358 1294 2397 nihil
1323 2359 1370 2397 ad
1397 2359 1547 2398 bellum
1567 2369 1714 2412 pararat
1734 2375 1742 2397 :

368 2423 507 2461 urbem
536 2424 770 2476 reliquerat:
802 2427 994 2464 Picenum
1028 2425 1204 2463 amiserat
1237 2425 1379 2478 culpa:
1411 2426 1453 2463 in
1487 2426 1674 2477 Apuliam
1710 2424 1746 2462 se

369 2497 642 2541 compegerat:
674 2489 756 2528 ibat
788 2491 830 2528 in
865 2491 1087 2529 Graeciam:
1119 2504 1254 2528 omnes
1287 2503 1357 2528 nos
1385 2483 1643 2537 ἀπροσφωνήτες,
1673 2501 1742 2526 ex-

368 2564 494 2606 pertes
528 2553 586 2592 sui
621 2554 734 2599 tanti,
779 2563 860 2593 tam
899 2555 1086 2602 inusitati,
1129 2555 1280 2594 consilii
1326 2553 1582 2606 relinquebat.
1641 2554 1749 2593 Ecce
