2243 3008
545 239 653 278 AD
713 238 1143 277 ATTICUM
1209 240 1476 281 LIB.1X.
1584 229 1699 296 ‘251

319 338 421 376 mori
449 336 618 382 maluit,
650 336 820 375 nefarius
841 335 1027 388 Hippias,
1060 336 1242 374 Pisistrati
1263 337 1383 384 filius,
1415 341 1483 391 qui
1506 341 1544 378 in
1568 340 1701 378 Mara-

318 403 455 442 thonia
474 416 606 456 pugna
625 402 783 447 cecidit,
806 415 911 440 arma
930 411 1066 440 contra
1085 403 1252 454 patriam
1272 402 1414 442 ferens.
1447 406 1502 443 At
1525 407 1642 456 Sylla,
1664 417 1703 444 at

317 469 485 513 Marius,
516 477 555 506 at
576 468 707 506 Cinna
726 470 825 506 reete
844 469 858 506 ?
890 467 1015 506 immo
1030 468 1119 520 jure
1139 467 1319 507 fortasse:
1353 469 1415 507 sed
1443 471 1539 522 quid
1566 485 1702 510 eorum

315 534 477 572 victoria
496 531 694 571 crudelius
714 534 727 570 ?
751 532 848 585 quid
868 531 1058 570 funestius
1079 533 1092 570 ?
1114 532 1249 584 Hujus
1271 533 1366 571 belli
1387 547 1509 585 genus
1531 534 1640 586 fugi;
1664 546 1702 573 et

315 610 362 636 eo
387 599 527 650 magis,
558 598 666 651 quod
695 597 913 636 crudeliora
940 597 1060 636 etiam
1089 599 1254 650 cogitari
1283 606 1322 636 et
1352 600 1475 651 parari
1504 599 1700 639 videbam.

314 663 402 708 Me,
434 677 554 716 quem
584 663 768 702 nonnulli
797 662 1106 701 conservatorem
1135 662 1244 700 istius
1266 663 1390 708 urbis,
1422 678 1540 716 quem
1562 678 1701 717 paren-

315 738 412 773 tem,
443 727 515 767 effe
535 728 734 773 dixerunt,
767 729 975 773 Getarum,
1000 736 1040 765 et
1060 728 1358 773 Armeniorum,
1379 738 1418 766 et
1439 729 1700 775 Colchorum,

314 794 446 847 copias
467 794 514 831 ad
533 807 618 833 eam
638 794 858 832 adducere?
891 807 955 832 me
983 793 1081 831 meis
1111 793 1264 831 civibus
1293 792 1456 840 famem,
1486 794 1703 833 vastitatem

314 859 460 898 inferre
494 861 647 898 Italiae?
680 860 804 898 Hunc
840 859 1015 912 primum
1048 858 1257 897 mortalem
1291 858 1377 905 effe,
1409 859 1549 898 deinde
1583 861 1702 898 etiam

314 925 453 964 multis
475 926 603 964 modis
624 925 727 978 poffe
746 926 942 978 extingui,
973 925 1197 977 cogitabam
1215 940 1224 963 ε
1257 925 1397 964 urbem
1417 935 1547 964 autem
1569 936 1607 964 et
1627 940 1701 979 po-

313 990 457 1043 pulum
491 990 666 1029 nostrum
701 991 930 1029 servandum
963 989 1011 1027 ad
1043 989 1400 1035 immortalitatem,
1431 1000 1625 1043 quantum
1659 991 1702 1030 in

313 1055 428 1093 nobis
460 1055 565 1100 effet,
597 1055 812 1108 putabam;
844 1064 883 1093 et
915 1064 1045 1093 tamen
1075 1054 1157 1107 spes
1189 1054 1369 1106 quaedam
1390 1068 1452 1093 me
1473 1055 1701 1094 obtentabat

313 1119 411 1165 fore,
438 1129 483 1158 ut
503 1119 653 1172 aliquid
674 1120 899 1157 conveniret
920 1121 1067 1171 potius,
1090 1133 1209 1172 quam
1229 1129 1296 1157 aut
1315 1119 1382 1158 hic
1405 1129 1559 1158 tantum
1580 1120 1700 1159 scele-

314 1185 382 1230 ris,
413 1195 480 1223 aut
499 1185 567 1223 ille
588 1194 743 1223 tantum
764 1184 918 1236 flagitii,
945 1184 1182 1222 admitteret.
1216 1184 1307 1222 Alia
1327 1199 1384 1223 res
1406 1198 1511 1223 nunc
1533 1194 1613 1223 tota
1632 1186 1700 1232 est,

314 1250 388 1287 alia
407 1263 506 1288 mea.
554 1250 634 1295 Sol,
666 1258 711 1288 ut
730 1249 783 1288 est
810 1250 851 1287 in
879 1259 945 1287 tua
964 1249 1132 1302 quadam
1153 1249 1328 1301 epistola,
1358 1250 1539 1288 excidisse
1560 1250 1661 1288 mihi
1681 1265 1702 1288 e

313 1316 466 1353 mundo
485 1315 654 1354 videtur.
702 1317 760 1353 Ut
790 1323 936 1367 aegroto
963 1315 1060 1353 dum
1080 1315 1210 1353 anima
1230 1315 1297 1360 est,
1329 1315 1412 1367 spes
1433 1314 1505 1353 effe
1525 1315 1699 1360 dicitur;

313 1379 365 1418 fic
395 1393 484 1432 ego,
515 1379 644 1433 quoad
679 1380 892 1432 Pompeius
923 1379 965 1416 in
997 1379 1110 1417 Italia
1140 1378 1234 1424 fuit,
1265 1378 1412 1431 sperare
1444 1393 1523 1417 non
1555 1379 1700 1419 destiti.

313 1445 428 1490 Haec,
459 1444 543 1484 haec
574 1458 638 1483 me
669 1443 924 1489 fefellerunt,
957 1453 1011 1489 et,
1043 1453 1087 1481 ut
1107 1457 1243 1482 verum
1263 1444 1415 1496 loquar,
1447 1453 1550 1489 aetas,
1576 1445 1661 1496 jam
1681 1458 1703 1482 a

313 1511 511 1548 diuturnis
534 1510 733 1548 laboribus
755 1510 899 1548 devexa
919 1509 965 1547 ad
985 1510 1128 1554 otium,
1160 1510 1462 1548 domesticarum
1487 1524 1550 1548 me
1571 1524 1702 1548 rerum

313 1575 569 1613 delectatione
598 1575 759 1613 molliit.
806 1575 944 1619 Nunc,
976 1575 1002 1613 fi
1023 1575 1083 1612 vel
1103 1574 1280 1628 periculo
1301 1575 1590 1627 experiundum
1610 1575 1700 1620 erit,

311 1641 487 1693 experiar
506 1650 624 1685 certe,
650 1649 694 1678 ut
714 1639 809 1678 hinc
830 1640 981 1695 avolem
1000 1655 1009 1678 z
1041 1649 1130 1678 ante
1149 1641 1326 1692 oportuit
1346 1640 1499 1678 fortaffe
1514 1659 1527 1685 3
1560 1641 1622 1678 sed
1642 1655 1698 1685 ea,

313 1719 400 1759 quae
427 1706 572 1758 scripsi,
617 1719 679 1743 me
707 1705 921 1750 tardarunt,
961 1714 1000 1742 et
1028 1706 1234 1743 auctoritas
1265 1706 1437 1744 maxime
1467 1715 1545 1743 tua.
1592 1706 1700 1744 Nam

311 1785 405 1810 cum
439 1771 486 1809 ad
520 1771 628 1809 hunc
662 1771 798 1808 locum
833 1770 1032 1815 veniffem,
1067 1770 1194 1808 evolvi
1229 1770 1415 1808 volumen
1450 1770 1701 1823 epistolarum

313 1846 485 1881 tuarum,
516 1836 623 1889 quod
655 1849 728 1888 ego
760 1835 830 1873 sub
862 1836 970 1888 figno
1001 1835 1140 1880 habeo,
1174 1835 1358 1887 servoque
1389 1835 1697 1887 diligentiffime.

312 1903 407 1941 Erat
433 1902 556 1954 igitur
576 1902 617 1939 in
647 1915 703 1947 ea,
735 1914 854 1954 quam
876 1915 902 1938 x
925 1901 1094 1940 Kalend.
1118 1901 1235 1939 Febr.
1259 1900 1430 1946 dederas,
1461 1900 1537 1938 hoc
1565 1901 1699 1946 modo,

314 1966 385 2006 Sed
399 1966 581 2005 videamus
600 1975 636 2005 et
657 1968 788 2006 Cnaeus
806 1965 895 2019 quid
908 1975 1015 2018 agat,
1045 1975 1081 2004 et
1100 1965 1194 2004 illius
1212 1966 1371 2004 rationes
1390 1966 1700 2018 quoffianfluant.

314 2031 459 2084 Qodfi
473 2032 533 2085 sse
551 2032 700 2072 Italiam
719 2032 895 2085 relinquet
909 2049 921 2076 ;
939 2031 1063 2083 saciet
1081 2031 1218 2070 omnino
1235 2031 1338 2076 male,
1369 2039 1418 2076 et,
1449 2040 1490 2069 ut
1521 2044 1581 2082 ego
1609 2031 1701 2083 exyl-

312 2097 409 2142 timo,
439 2095 622 2143 ἰιλογίςως.
669 2097 742 2136 Sed
766 2106 844 2136 tum
864 2096 1000 2135 demum
1020 2096 1158 2148 corfilia
1177 2096 1295 2148 nostra
1315 2095 1559 2134 commutanda
1578 2104 1701 2133 erunt.

313 2165 405 2202 Hoc
437 2164 572 2202 scribis
604 2163 689 2217 post
720 2163 826 2202 diem
857 2172 1058 2216 quartum,
1090 2175 1209 2216 quam
1241 2162 1290 2200 ab
1320 2162 1415 2199 urbe
1445 2160 1697 2199 disceflimus.

314 2229 468 2268 Deinde
490 2244 575 2269 vul
601 2230 768 2268 Kalend.
801 2230 919 2268 Febr.
953 2227 1222 2272 Tantummodo,
1255 2229 1386 2265 Cnaeus
1414 2225 1539 2276 noster,
1571 2240 1627 2271 ne,
1659 2236 1699 2264 ut

313 2293 433 2332 urbem
451 2294 625 2342 ὠλογίςως
644 2295 802 2348 reliquit,
818 2295 878 2346 stc
897 2295 1046 2334 Italiam
1065 2294 1260 2345 relinquat.
1298 2292 1450 2330 Eodem
1471 2291 1534 2329 die
1555 2291 1619 2329 das
1640 2292 1698 2330 al-

316 2370 429 2404 teras,
459 2359 603 2411 quibus
633 2361 735 2399 mihi
765 2361 985 2399 consulenti
1005 2359 1223 2413 planiffime
1244 2357 1476 2410 respondes:
1510 2357 1562 2394 est
1592 2359 1700 2395 enim

315 2423 378 2467 fic,
412 2422 483 2460 Sed
497 2423 600 2460 venio
617 2424 668 2462 ad
682 2426 966 2478 corfidtationem
986 2434 1101 2463 tuam.
1153 2423 1195 2462 Si
1224 2424 1307 2461 Cnsc
1315 2437 1354 2461 us
1387 2421 1501 2460 Italia
1528 2420 1632 2464 cedit,
1663 2421 1699 2458 in

313 2487 434 2527 urbem
453 2485 665 2526 redeundum
677 2497 769 2541 puto
785 2505 798 2528 .·
819 2504 899 2542 quae
918 2489 1107 2539 enimfinis
1120 2487 1424 2541 peregrinationis
1436 2487 1456 2524 ,ἲ
1487 2487 1578 2525 Hoc
1600 2485 1701 2524 mihi

1295 2553 1310 2590 I
1334 2553 1346 2588 i
1377 2564 1398 2589 2
