2243 3008
561 255 635 310 328
905 253 1595 294 EPISTOLARUM

897 491 1140 528 CxcERo
1181 489 1436 527 Αττιεο
1478 489 1608 528 SAL.

560 617 636 657 IX.
661 615 800 689 NAE
831 629 904 668 ego
923 615 1039 654 effem
1059 615 1125 655 hic
1145 617 1328 662 libenter,
1346 625 1463 668 atque
1483 615 1523 653 id
1544 615 1722 668 quotidie
1741 617 1881 670 magis,
1903 619 1944 656 ni

777 680 867 719 effet
887 693 930 718 ea
949 681 1072 726 causa,
1104 694 1224 734 quam
1251 682 1326 720 tibi
1358 680 1621 733 superioribus
1647 681 1770 720 literis
1799 683 1944 736 scripfi.

560 748 681 789 Nihil
723 747 796 786 hac
839 746 1050 785 solitudine
1084 747 1318 800 jucundius,
1363 747 1433 785 nifi
1476 746 1639 799 paulum
1674 746 1948 800 interpellasset

560 816 746 865 Amyntae
781 811 915 850 filius:
960 808 986 845 ὢ
1020 812 1303 859 &meyri-onmia
1341 806 1466 853 ἀηδὲςέ
1514 813 1663 850 Caetera
1696 812 1779 850 noli
1811 823 1949 865 putare

561 878 790 918 amabiliora
820 877 905 915 fieri
935 875 1040 929 pofl‘e
1069 875 1177 921 villa,
1209 876 1338 921 litore,
1370 876 1575 929 prospectu
1607 878 1739 922 maris,
1770 887 1857 916 tum
1885 877 1948 917 his

561 944 677 983 rebus
697 942 900 981 omnibus.
944 942 1017 980 Sed
1037 955 1164 994 neque
1183 940 1267 980 haec
1289 941 1407 994 digna
1426 942 1673 995 longioribus
1694 943 1817 983 literis
1833 962 1846 990 3
1877 956 1949 983 nec

560 1018 642 1048 erat
662 1008 769 1062 quod
788 1007 997 1047 scriberem
1013 1025 1026 1053 ;
1057 1015 1097 1045 et
1116 1006 1275 1045 somnus
1297 1006 1474 1060 urgebat.

900 1209 1143 1249 Cxcssno
1183 1209 1439 1248 ATT1co
1481 1210 1612 1248 SAL.

562 1338 618 1378 X,
642 1337 874 1411 MALE
904 1337 1130 1377 mehercule
1159 1337 1206 1375 de
1232 1336 1487 1376 Athamante.
1530 1339 1646 1376 Tuus
1675 1344 1806 1375 autem
1838 1337 1951 1376 dolor

765 1403 962 1442 humanus
1002 1404 1033 1442 is
1073 1402 1251 1456 quidem,
1296 1402 1358 1441 sed
1399 1416 1633 1457 magnopere
1672 1402 1948 1442 moderandus.

562 1469 892 1508 Consolationum
922 1478 1054 1508 autem
1081 1469 1217 1506 multae
1245 1469 1331 1513 viae,
1362 1469 1425 1506 sed
1458 1469 1526 1506 illa
1558 1468 1787 1506 reffiffima:
1821 1469 1950 1521 impe·

563 1543 641 1572 tret
662 1535 773 1579 ratio,
805 1534 912 1586 quod
937 1534 1018 1580 dies
1051 1534 1306 1585 impetratura
1333 1532 1401 1571 est.
1448 1533 1609 1570 Alexim
1629 1546 1720 1570 vero
1752 1546 1950 1579 curemus,

562 1599 779 1652 imaginem
800 1599 979 1644 Tironis,
1011 1611 1131 1651 quern
1158 1611 1306 1650 aegrum
1336 1598 1508 1636 Romam
1536 1598 1691 1643 remifi5
1723 1607 1776 1643 et,
1807 1598 1834 1636 fi
1855 1597 1954 1651 quid

561 1664 683 1703 habet
721 1664 834 1702 collis
873 1657 1046 1711 ἐπιδήμιον,
1090 1663 1137 1701 ad
1176 1676 1240 1701 me
1275 1676 1368 1701 cum
1407 1663 1620 1702 Tisameno
1658 1662 1950 1702 transferamus.

563 1731 670 1769 Tota
690 1729 830 1769 domus
852 1729 1026 1782 superior
1045 1738 1170 1775 vacat,
1200 1737 1245 1768 ut
1274 1729 1362 1768 scis.
1409 1730 1502 1768 Hoc
1532 1738 1631 1782 puto
1657 1729 1767 1767 valde
1793 1729 1840 1767 ad
1870 1741 1952 1767 rem

563 1796 772 1848 pertinere.

905 1994 1148 2032 (her-:Ro
1188 1993 1444 2032 Αττιςο
1486 1994 1616 2033 SAL.

564 2122 641 2162 XI.
666 2121 891 2195 MALE
922 2119 969 2158 de
990 2120 1077 2160 Seio
1095 2135 1104 2159 ε
1138 2119 1200 2158 sed
1221 2121 1354 2159 omnia
1373 2120 1545 2160 humana
1567 2120 1783 2160 tolerabilia
1803 2121 1952 2160 ducen-

790 2185 861 2224 da:
886 2185 955 2239 ipsi
976 2186 1082 2224 enim
1105 2185 1201 2239 quid
1224 2186 1355 2226 sumus
1375 2189 1387 2224 ?
1420 2196 1486 2225 aut
1506 2201 1624 2240 quam
1646 2187 1713 2224 diu
1735 2186 1817 2225 haec
1838 2200 1952 2225 cura-

564 2253 646 2291 turi
674 2251 839 2292 sumus?
872 2252 929 2290 Ea
947 2251 1163 2296 videamus,
1195 2265 1281 2304 quse
1313 2252 1359 2290 ad
1389 2265 1459 2290 nos
1487 2252 1610 2305 magis
1639 2252 1851 2304 pertinent,
1884 2264 1954 2289 nec

563 2327 697 2356 tamen
720 2317 864 2362 multo,
896 2317 992 2370 quid
1014 2331 1173 2370 agamus
1201 2318 1248 2357 de
1278 2319 1434 2357 Senatu.
1484 2319 1551 2363 Et,
1583 2327 1626 2355 ut
1657 2331 1704 2355 ne
1731 2317 1827 2370 quid
1855 2331 1953 2370 prae-

564 2383 800 2426 termittam,
842 2382 1041 2420 Caesonius
1075 2383 1122 2420 ad
1158 2396 1220 2422 me
1257 2383 1384 2422 literas
1421 2383 1539 2427 misit,
1587 2382 1826 2421 Postumiam
1863 2381 1954 2420 Sul-

566 2447 663 2502 picii
684 2447 849 2485 domum
870 2446 916 2484 ad
947 2445 982 2484 se
1002 2447 1157 2486 veniss‘e.
1204 2449 1267 2487 De
1299 2448 1478 2501 Pompeii
1513 2448 1654 2500 Magni
1682 2447 1761 2486 filia
1791 2447 1863 2486 tibi
1892 2460 1953 2485 re·

565 2512 697 2567 scripsi
729 2511 831 2551 nihil
863 2525 926 2551 me
957 2510 1035 2551 hoc
1068 2522 1243 2567 tempore
1274 2513 1460 2567 cogitare.
1508 2513 1684 2553 Alteram
1712 2526 1802 2552 vero
1828 2511 1953 2556 illam,
