2243 3008
513 259 587 312 136
855 257 1539 297 EPISTOLARUM

506 359 554 398 ad
576 357 767 411 Cybistra.
813 358 948 398 Hostis
980 360 1022 397 in
1050 356 1294 409 Cyrrhestica
1309 376 1321 403 ς
1352 371 1438 409 quae
1460 357 1576 408 Syriae
1603 369 1686 410 pars
1707 357 1888 410 proxima

507 423 562 462 est
581 423 791 476 provinciae
811 437 920 462 meae.
951 424 1029 462 His
1050 423 1097 460 de
1117 423 1232 460 rebus
1252 421 1381 474 scripsi
1403 421 1448 460 ad
1470 423 1653 460 Senatum
1670 441 1683 466 5
1714 435 1809 474 quas
1834 422 1886 460 li-

509 498 623 535 teras,
654 489 681 527 fi
702 489 839 527 Romae
859 503 913 534 es,
935 489 1084 527 videbis
1105 487 1266 541 putesne
1287 487 1520 533 reddendas;
1543 497 1581 525 et
1602 488 1741 533 multa,
1763 488 1890 526 immo

507 555 668 593 omnia:
701 567 871 606 quorum
890 551 1088 599 κεφάλαιον,
1117 566 1165 591 ne
1193 552 1290 605 quid
1320 553 1421 590 inter
1447 553 1539 590 caesa
1567 562 1604 591 et
1626 555 1812 606 porrecta,
1845 563 1890 590 ut

507 620 632 664 aiunt,
662 620 789 658 oneris
811 618 912 657 mihi
932 618 1092 656 addatur
1112 628 1178 656 aut
1200 619 1400 670 temporis.
1434 618 1563 656 Nobis
1584 620 1706 663 enim,
1729 616 1800 656 hac
1823 619 1886 656 in-

509 685 694 723 firmitate
713 685 921 729 exercitus,
952 685 1085 736 inopia
1104 684 1314 728 sociorum,
1345 683 1556 736 praesertim
1578 683 1771 728 fidelium,
1802 697 1887 722 cer-

508 749 698 788 tiffimum
721 749 932 787 subfidium
952 749 1006 786 est
1026 748 1180 787 hiems:
1212 761 1255 786 ea
1286 748 1311 786 s1
1343 748 1506 792 venerit,
1538 761 1609 784 nec
1640 747 1701 785 illi
1731 758 1818 786 ante
1848 748 1889 785 in

508 829 635 854 meam
657 815 898 867 provinciam
920 813 1152 859 transierint,
1175 827 1300 851 unum
1320 826 1465 858 vereor,
1493 826 1540 851 ne
1561 813 1737 857 Senatus,
1768 827 1889 866 prop-

508 890 567 919 ter
606 881 841 918 urbanarum
880 893 1009 918 rerum
1047 889 1214 923 metum,
1261 879 1496 930 Pompeium
1535 878 1637 916 nolit
1675 878 1888 917 dimittere.

509 945 630 998 Qod
662 945 689 983 fi
718 945 841 982 alium
867 944 914 982 ad
944 958 1009 982 ver
1038 944 1179 988 mittit,
1211 956 1289 981 non
1316 943 1478 981 laboro:
1512 943 1625 981 nobis
1646 943 1765 981 modo
1787 952 1888 981 tem-

508 1010 614 1063 poris
636 1023 683 1047 ne
702 1008 799 1062 quid
819 1017 1062 1062 prorogetur.
1109 1008 1207 1046 Haec
1235 1008 1370 1060 igitur,
1403 1007 1429 1045 fi
1452 1008 1590 1046 Romae
1609 1020 1648 1046 es
1667 1023 1676 1046 ε
1709 1008 1763 1046 sm
1784 1008 1888 1053 abes,

508 1084 575 1114 aut
595 1075 713 1113 etiam
735 1075 760 1112 s1
781 1074 868 1112 ades
885 1092 897 1119 3
928 1073 1011 1112 haec
1033 1074 1189 1126 negotia
1208 1073 1258 1111 fic
1278 1073 1314 1111 se
1334 1072 1495 1112 habent.
1542 1074 1697 1112 Stamus
1718 1074 1858 1111 animis
1876 1093 1888 1118 ς

508 1149 562 1186 et,
594 1140 686 1192 quia
705 1139 892 1184 confiliis,
923 1147 968 1177 ut
987 1138 1180 1184 videmur,
1212 1139 1326 1177 bonis
1354 1139 1518 1183 utimur,
1550 1138 1745 1190 speramus
1772 1139 1891 1177 etiam

509 1218 644 1244 manu.
676 1205 788 1243 Tuto
807 1203 1070 1249 consedimus,
1100 1203 1258 1256 copioso
1279 1217 1298 1241 a
1317 1202 1533 1249 frumento,
1566 1203 1751 1241 Ciliciam
1773 1218 1894 1257 prope

507 1270 788 1323 conspiciente,
829 1269 1013 1322 expedito
1043 1268 1089 1307 ad
1123 1269 1359 1308 mutandum
1393 1269 1509 1315 loco;
1550 1282 1667 1322 parvo
1700 1270 1893 1314 exercitu,

507 1337 587 1382 sed,
618 1344 664 1374 ut
683 1335 806 1387 spero,
837 1335 884 1372 ad
906 1334 1217 1373 benevolentiam
1237 1348 1328 1388 erga
1355 1348 1425 1373 nos
1446 1334 1711 1373 consentiente
1729 1350 1738 1373 :
1771 1348 1890 1387 quem

507 1415 595 1447 nos,
640 1401 816 1452 Dejotari
854 1399 1022 1438 adventu
1059 1413 1152 1438 cum
1187 1400 1264 1438 suis
1298 1400 1484 1439 omnibus
1523 1401 1663 1453 copiis,
1708 1400 1889 1453 duplica-

507 1468 588 1506 turi
622 1479 788 1505 eramus.
830 1466 953 1504 Sociis
987 1465 1117 1504 multo
1151 1465 1394 1504 fidelioribus
1430 1467 1594 1511 utimur,
1628 1480 1746 1519 quam
1781 1467 1891 1519 quis-

506 1546 628 1586 quam
649 1532 738 1570 usus
758 1531 871 1577 effet;
903 1531 1048 1584 quibus
1070 1531 1314 1569 incredibilis
1333 1531 1488 1570 videtur
1507 1540 1546 1569 et
1567 1531 1691 1569 nostra
1711 1531 1892 1570 mansue—

506 1599 607 1638 tudo
639 1607 678 1636 et
712 1596 956 1635 abstinentia.
1004 1597 1189 1635 Delectus
1217 1596 1385 1635 habetur
1418 1597 1567 1635 civium
1602 1597 1891 1636 Romanorum.

507 1664 773 1702 Frumentum
793 1675 841 1699 ex
860 1662 961 1714 agris
982 1662 1023 1700 in
1045 1662 1130 1700 loca
1157 1671 1241 1700 tuta
1271 1671 1555 1715 comportatur.
1603 1663 1640 1700 Si
1671 1661 1791 1700 fuerit
1821 1676 1891 1701 oc-

506 1731 621 1775 cafio,
652 1741 800 1772 manu;
832 1728 885 1766 fin
907 1729 1054 1774 minus,
1086 1728 1198 1774 locis,
1230 1742 1300 1767 nos
1321 1727 1590 1767 defendemus.
1637 1729 1767 1778 Qare
1788 1729 1894 1767 bono

506 1796 639 1834 animo
673 1807 740 1832 es:
772 1792 886 1831 video
919 1794 1026 1832 enim
1062 1804 1113 1838 te,
1144 1803 1197 1838 et,
1229 1793 1333 1846 quasi
1368 1807 1499 1831 coram
1532 1793 1641 1837 adfis,
1686 1793 1737 1830 ita
1771 1807 1891 1832 cerno

507 1855 716 1908 συμπάθειαν
735 1858 875 1896 amoris
898 1859 970 1897 tui.
1018 1858 1090 1896 Sed
1118 1868 1155 1897 te
1185 1872 1293 1910 rogo,
1328 1859 1373 1910 (si
1404 1858 1486 1896 ullo
1519 1860 1629 1910 patfto
1663 1857 1742 1896 fieri
1778 1869 1889 1911 pote-

507 1924 578 1974 rit)
603 1923 627 1962 sl
650 1924 799 1975 integra
819 1922 858 1960 in
881 1923 1012 1961 senatu
1034 1923 1160 1962 nostra
1183 1923 1292 1961 causa
1320 1923 1366 1960 ad
1395 1923 1482 1961 Kal.
1506 1924 1594 1973 jan.
1618 1923 1814 1967 manserit,
1848 1935 1892 1962 ut

508 1989 647 2027 Romae
680 1988 724 2027 fis
755 1989 884 2027 mense
914 1989 1125 2039 Januario:
1160 1987 1334 2040 profedto
1365 1987 1464 2025 nihil
1501 1989 1690 2040 accipiam
1723 1989 1889 2040 injuriae,

509 2055 535 2093 fi
558 2064 601 2093 tu
621 2053 758 2092 aderis.
805 2055 969 2093 Amicos
990 2053 1166 2091 consules
1189 2053 1377 2091 habemus
1396 2072 1406 2097 ς
1440 2053 1628 2098 nostrum,
1661 2054 1889 2092 Tribunum

506 2119 635 2172 plebis
671 2119 892 2158 Furnium:
926 2131 1060 2157 verum
1097 2127 1161 2156 tua
1191 2118 1243 2156 est
1278 2131 1375 2171 opus
1411 2118 1638 2163 affiduitate,
1671 2119 1889 2171 prudentia.

506 2185 643 2238 gratia.
687 2185 866 2237 Tempus
897 2185 949 2223 est
981 2184 1257 2223 necessarium:
1292 2184 1354 2222 sed
1388 2194 1498 2236 turpe
1527 2183 1594 2229 cst,
1626 2198 1688 2221 mc
1711 2185 1890 2237 pluribus

506 2251 635 2290 verbis
656 2264 765 2303 agere
787 2261 932 2290 tecum.
979 2251 1188 2289 Cicerones
1223 2249 1338 2288 nostri
1373 2250 1460 2288 sunt
1492 2251 1593 2303 apud
1626 2251 1886 2302 chotarum;

506 2317 586 2363 sed,
618 2317 643 2355 fi
663 2330 762 2369 opus
781 2318 869 2362 erit,
901 2316 1143 2355 deducentur
1166 2315 1368 2354 Rhodum.
1416 2317 1498 2360 Tu,
1531 2316 1554 2353 fi
1587 2330 1625 2354 cs
1650 2317 1814 2364 Κορης
1848 2327 1891 2355 ut

508 2383 620 2428 soles,
651 2381 969 2434 diligentissime:
1003 2382 1028 2421 fi
1050 2383 1090 2421 in
1113 2382 1262 2435 Epiro;
1295 2382 1409 2420 mitte
1435 2391 1563 2420 tamen
1585 2381 1630 2419 ad
1654 2396 1721 2420 nos
1743 2382 1789 2419 dc
1813 2383 1889 2420 tuis

506 2447 680 2501 aliquem
702 2447 948 2487 tabellarium
964 2467 977 2494 ³
1009 2456 1052 2486 ut
1072 2457 1110 2486 et
1132 2456 1190 2492 tu,
1221 2447 1317 2500 quid
1339 2460 1408 2485 nos
1430 2460 1604 2499 agamus,
1626 2457 1663 2485 ct
1686 2461 1770 2491 nos,
1793 2447 1889 2499 quid

509 2523 553 2554 tu
572 2525 676 2567 agas,
707 2513 882 2568 quidque
913 2515 1067 2554 acturus
1101 2514 1161 2561 fis,
1193 2513 1287 2553 scire
1321 2512 1520 2565 poffimus.
1568 2513 1655 2565 Ego
1687 2513 1744 2552 tui
1777 2513 1890 2551 Bruti
