2243 3008
916 246 1144 299 [267]

561 488 1492 564 'EPISTOLARUM

464 721 657 777 AD
772 719 1580 780 ATTICUM

815 940 1093 979 LIBER
1178 940 1231 978 X.

671 1134 914 1173 C1cl-:Ro
955 1135 1210 1173 ATTICO
1251 1135 1381 1172 SAL,

333 1262 366 1300 1.
526 1262 560 1300 E
579 1262 696 1302 RTI
715 1262 752 1300 O
783 1262 922 1301 Nonas
951 1275 1045 1299 cum
1077 1261 1118 1298 in
1143 1262 1346 1301 Laterium
1367 1262 1495 1301 fratris
1518 1262 1716 1307 venissem,

530 1327 663 1379 accepi
697 1326 843 1372 literas,
873 1335 912 1364 et
946 1326 1110 1379 paulum
1145 1326 1325 1378 respiravi
1342 1346 1353 1371 ;
1391 1328 1498 1380 quod
1531 1326 1616 1379 post
1649 1326 1718 1365 has

332 1391 463 1430 ruinas
483 1391 586 1431 mihi
608 1405 686 1430 non
707 1392 921 1430 acciderat:
944 1405 1013 1444 per
1032 1391 1140 1429 enim
1160 1393 1294 1444 magni
1314 1391 1476 1436 aestimo,
1495 1391 1569 1429 tibi
1589 1391 1716 1429 firmi-

331 1457 513 1495 tudinem
534 1457 656 1495 animi
676 1456 797 1495 nostri
826 1466 865 1495 et
891 1455 1040 1495 saecum
1062 1456 1236 1495 nostrum
1257 1457 1428 1510 probari.
1475 1458 1592 1495 Sexto
1612 1458 1718 1495 enim

332 1523 462 1560 nostro
482 1522 589 1575 quod
610 1522 745 1560 scribis
765 1522 937 1575 probari,
969 1523 1022 1560 ita
1041 1522 1164 1567 laetor,
1197 1533 1240 1561 ut
1259 1537 1322 1561 me
1342 1523 1446 1574 quafi
1468 1523 1587 1575 patris
1617 1524 1715 1575 ejus,

331 1587 397 1625 cui
418 1587 568 1640 semper
588 1587 658 1625 uni
678 1587 898 1640 plurimum
926 1587 1063 1632 tribui,
1086 1588 1241 1638 judicio
1270 1588 1518 1640 comprobari
1550 1597 1685 1640 putem
1706 1603 1715 1626 :

331 1654 402 1705 qui
422 1652 538 1698 mihi,
571 1652 678 1705 quod
707 1652 803 1705 saepe
833 1652 935 1691 soleo
955 1652 1162 1698 recordari,
1193 1653 1295 1692 dixit
1323 1654 1437 1698 olim,
1469 1654 1598 1692 Nonis
1621 1653 1716 1698 illis,

331 1718 411 1756 illis
433 1719 740 1763 Decembribus,
771 1731 865 1756 cum
885 1731 972 1770 ego,
1004 1718 1132 1762 Sexte,
1163 1717 1353 1770 quidnam
1374 1731 1465 1770 ergo
1484 1720 1498 1756 ?

439 1779 492 1825 Μῆ
506 1780 589 1831 μὲν,
619 1783 751 1836 inquit
771 1783 854 1828 ille,
883 1775 1016 1817 oLw-xffi
1030 1795 1069 1829 γε
1088 1775 1114 1817 Ε
1133 1779 1278 1821 ἀκλειῶς
1294 1782 1488 1830 ἀπολοίμην,

441 1842 550 1883 'AM
566 1845 655 1895 μέρει
674 1844 766 1897 ῥέξαις
785 1861 829 1890 τι,
860 1845 887 1901 ᾖ
905 1844 1084 1895 ἐπιμένωσι
1113 1843 1278 1891 πυθέῶεᾳ.

331 1914 430 1967 Ejus
451 1912 575 1965 igitur
594 1910 696 1950 mihi
716 1912 814 1950 vivit
834 1912 1040 1950 auctoritas
1056 1931 1069 1957 5
1101 1920 1140 1949 et
1168 1911 1392 1951 fimillimus
1417 1913 1499 1965 ejus
1522 1912 1626 1952 filius
1647 1927 1714 1952 eo-

331 1979 421 2018 dem
441 1978 494 2017 est
513 1978 616 2032 apud
636 1990 701 2016 me
719 1977 904 2031 pondere,
936 1990 1016 2030 quo
1044 1976 1124 2015 fuit
1151 1977 1248 2016 ille:
1280 1991 1398 2030 quem
1429 1978 1569 2016 salvere
1596 1979 1715 2017 velim

325 2045 464 2098 jubeas
483 2044 718 2097 plurImum.
749 2044 815 2082 Tu
836 2052 951 2082 tuum
971 2042 1180 2082 confilium
1199 2043 1266 2086 etsi
1287 2057 1366 2082 non
1387 2044 1427 2082 in
1448 2044 1716 2096 longinquum

330 2119 485 2164 tempus
507 2108 655 2155 differs,
689 2110 794 2161 (jam
823 2109 930 2147 enim
950 2109 1068 2147 illum
1087 2117 1268 2161 emptum
1289 2108 1577 2162 pacificatorem
1596 2122 1712 2161 pero-

330 2175 420 2215 rafl'e
439 2185 538 2230 puto
553 2193 564 2221 ;
592 2176 676 2228 jam
695 2176 826 2214 astum
845 2175 995 2228 aliquid
1015 2175 1087 2214 effe
1108 2175 1149 2213 in
1169 2174 1341 2214 consess‘u
1362 2175 1590 2212 Senatorum
1607 2192 1618 2219 ;
1642 2175 1711 2212 Se·-

331 2250 468 2280 natum
487 2240 595 2279 enim
615 2253 694 2279 non
715 2240 832 2293 puto)
855 2249 985 2279 tamen
1005 2239 1230 2293 suspensum
1249 2252 1313 2277 me
1333 2238 1424 2276 inde
1445 2247 1565 2282 tenes,
1584 2237 1646 2276 sed
1665 2252 1712 2278 eo

332 2304 479 2349 minus,
509 2304 617 2358 quod
646 2318 726 2343 non
755 2305 911 2350 dubito,
941 2304 1038 2357 quid
1068 2304 1182 2342 nobis
1211 2302 1406 2356 agendum
1427 2312 1554 2355 putes.
1601 2303 1712 2355 Qid

331 2368 440 2407 enim
460 2368 596 2408 Flavio
615 2369 813 2423 legionem
833 2379 872 2409 et
893 2370 1068 2408 Siciliam
1088 2369 1170 2407 dari
1190 2368 1347 2414 scribas,
1378 2377 1416 2407 et
1436 2368 1475 2406 id
1491 2370 1575 2421 jam
1596 2368 1678 2407 fieri
1695 2370 1708 2405 ?

331 2446 418 2484 quae
439 2442 482 2471 tu
502 2433 642 2471 scelera
660 2436 803 2486 partim
824 2436 947 2488 parari
967 2444 1005 2473 et
1020 2435 1104 2487 jam
1124 2434 1302 2486 cogitari,
1321 2433 1464 2486 partim
1484 2447 1531 2471 ex
1553 2442 1708 2485 tempo-

333 2510 370 2535 re
391 2496 536 2543 futura,
558 2497 686 2537 censes
706 2500 719 2535 ?
751 2500 839 2551 Ego
858 2512 948 2539 vero
969 2499 1137 2545 Solonis,
1158 2499 1357 2552 popularis
1379 2499 1452 2543 tui,
1473 2507 1512 2536 et
1533 2506 1575 2536 ut
1595 2507 1706 2549 puto,

1279 2563 1313 2600 L
1344 2563 1356 2599 l
1388 2574 1409 2600 2
