2243 3008
900 167 1129 222 [359]

558 437 1478 487 EPISTOLARUM

448 637 642 695 AD
757 639 1569 702 ATTICUM

764 859 1043 898 LIBER
1114 860 1253 899 XIII.

654 1054 896 1091 C1CERO
939 1054 1193 1092 ATTlco
1236 1055 1367 1094 SAL.

317 1180 352 1218 Ι.
503 1181 541 1219 D
572 1179 807 1218 Ciceronem
829 1180 883 1218 ita
902 1180 1094 1232 scripfisti‚
1121 1181 1195 1219 ulli
1217 1190 1259 1219 ut
1281 1195 1408 1235 neque
1428 1183 1609 1230 severius,
1631 1198 1703 1223 ne-

528 1258 605 1296 que
625 1246 893 1297 temperatius,
925 1245 1041 1284 scribi
1067 1247 1256 1298 potuerit,
1286 1261 1358 1285 nec
1388 1249 1528 1300 magis,
1559 1264 1703 1302 quem-

315 1309 530 1348 admodum
551 1324 624 1362 ego
653 1311 826 1348 maxime
846 1311 1016 1348 vellem:
1047 1310 1343 1363 prudentiffime
1371 1313 1490 1351 etiam
1518 1315 1565 1351 ad
1596 1315 1702 1353 Tul-

316 1375 390 1414 lios
410 1390 419 1414 :
451 1389 569 1429 quare
589 1385 656 1414 aut
675 1376 743 1413 ista
762 1376 988 1429 proficient,
1017 1385 1084 1413 aut
1103 1376 1208 1414 aliud
1229 1390 1404 1428 agamus.
1451 1379 1514 1417 De
1538 1382 1705 1432 pecunia

315 1454 407 1479 vero
437 1442 550 1479 video
577 1454 598 1478 a
628 1449 665 1479 te
696 1455 857 1479 omnem
887 1441 1135 1493 diligentiam
1165 1441 1359 1487 adhiberi,
1390 1443 1450 1481 vel
1472 1444 1603 1495 potius
1619 1447 1703 1497 jam

315 1505 534 1544 adhibitam
553 1521 562 1544 :
595 1506 702 1557 quod
722 1506 749 1543 fi
769 1507 908 1550 efficis,
939 1519 960 1543 a
980 1515 1017 1544 te
1037 1505 1172 1544 hortos
1193 1505 1362 1546 habebo.
1408 1509 1497 1546 Nec
1517 1523 1607 1547 vero
1638 1511 1702 1548 ul-

315 1569 400 1608 lum
431 1584 554 1623 genus
586 1570 821 1622 poffeffionis
852 1570 922 1615 est,
951 1570 1058 1622 quod
1089 1571 1242 1616 malim,
1273 1573 1444 1610 maxime
1473 1573 1621 1612 scilicet
1650 1575 1702 1613 ob

314 1649 399 1674 eam
420 1636 587 1680 causam,
610 1649 696 1687 quae
717 1635 889 1688 suscepta
908 1635 986 1681 est;
1009 1636 1121 1688 cujus
1142 1635 1432 1676 festinationem
1453 1639 1555 1677 mihi
1576 1640 1699 1686 tollis,

315 1703 503 1753 quoniam
524 1701 570 1739 de
591 1700 714 1738 aestate
734 1701 948 1753 polliceris,
980 1702 1039 1739 vel
1060 1703 1192 1754 potius
1213 1703 1353 1755 recipis
1373 1719 1381 1742 :
1414 1704 1554 1742 deinde
1579 1707 1701 1744 etiam

313 1767 360 1804 ad
393 1764 602 1801 καιτοιζίωο-ιν
640 1766 944 1819 moestitiamque
978 1767 1233 1805 minuendam
1266 1767 1368 1806 nihil
1406 1768 1508 1807 mihi
1541 1771 1700 1822 reperiri

313 1831 437 1884 potest
457 1832 600 1883 aptius.
636 1833 762 1884 Cujus
784 1833 837 1869 rei
859 1832 1053 1884 cupiditas
1074 1833 1246 1885 impellit
1267 1847 1330 1871 me
1350 1835 1564 1880 interdum,
1597 1846 1641 1874 ut
1662 1846 1700 1875 te

312 1897 461 1935 hortari
488 1896 633 1934 velim:
666 1897 730 1934 sed
759 1911 823 1935 me
853 1897 932 1949 ipse
962 1911 1129 1942 revoco;
1161 1912 1239 1936 non
1268 1899 1376 1936 enim
1396 1899 1551 1945 dubito,
1582 1902 1702 1953 quin,

313 1962 419 2015 quod
441 1975 504 2000 me
523 1962 633 2000 valde
653 1962 753 2000 velle
773 1971 902 2014 putes,
933 1963 974 1999 in
995 1975 1040 2000 eo
1062 1971 1104 1999 tu
1125 1977 1189 2000 me
1216 1963 1345 2015 ipsum
1371 1965 1587 2016 cupiditate
1608 1967 1698 2004 vin-

312 2041 389 2066 cas.
429 2029 566 2080 Itaque
586 2027 683 2065 istuc
698 2028 782 2079 jam
803 2041 873 2080 pro
894 2027 995 2065 facto
1014 2026 1156 2066 habeo.
1196 2017 1374 2080 Eicpecto
1393 2030 1489 2081 quid
1509 2031 1588 2068 istis
1609 2031 1698 2082 pla-

312 2102 396 2131 ceat
415 2092 462 2130 de
481 2092 642 2145 epistola
660 2093 707 2131 ad
728 2093 930 2131 Caesarem.
964 2093 1101 2131 Nicias
1123 2102 1176 2138 te,
1208 2103 1251 2132 ut
1272 2094 1402 2139 debet,
1433 2105 1553 2139 amat,
1577 2095 1696 2134 vehe-

312 2166 541 2209 menterque
571 2165 636 2194 tua
665 2157 723 2194 sui
752 2158 941 2195 memoria
969 2157 1196 2196 delectatur.
1241 2159 1329 2210 Ego
1350 2172 1439 2195 vero
1469 2159 1695 2198 Peduceum

312 2223 487 2261 nostrum
508 2221 757 2261 vehementer
777 2223 916 2275 diligo.
948 2224 1055 2262 Nam
1074 2225 1258 2275 ecquanti
1278 2233 1429 2274 patrem
1448 2222 1541 2269 feci,
1564 2233 1696 2264 totum

313 2289 353 2325 in
374 2287 481 2326 hunc
500 2303 508 2325 ε
541 2288 669 2340 ipsum
690 2302 759 2340 per
779 2289 814 2326 se
834 2302 943 2340 aeque
962 2302 1066 2333 amo,
1096 2298 1213 2340 atque
1232 2288 1349 2325 illum
1370 2289 1494 2325 amavi
1512 2303 1521 2326 :
1547 2298 1584 2327 te
1605 2304 1703 2329 vero>

314 2353 546 2405 plurimum,
577 2354 646 2405 qui
666 2353 743 2392 hoc
763 2355 810 2392 ab
833 2364 999 2406 utroque
1020 2353 1192 2392 nostrum
1220 2353 1303 2391 fieri
1331 2354 1445 2392 velis.
1489 2355 1527 2392 Si
1557 2354 1692 2394 hortos

314 2417 540 2470 inspexeffi,
570 2427 608 2455 et
633 2418 659 2456 fi
680 2419 727 2456 de
746 2419 906 2471 epistola
924 2419 1133 2458 certiorem
1153 2432 1216 2457 me
1236 2417 1390 2465 feceris,
1421 2418 1569 2457 dederis
1591 2420 1698 2459 mihi,
