2243 3008
529 214 637 254 AD
694 211 1125 253 ATTICUM
1193 213 1336 254 LIB.
1388 216 1462 256 IX.
1613 229 1691 270 255

307 314 423 369 plum
441 313 644 352 literarum
663 325 839 352 mearum
858 310 908 350 ad
927 309 1144 358 Caesarem
1176 313 1322 366 quibus
1344 328 1407 353 me
1427 315 1577 369 aliquid
1598 329 1693 369 pro-

306 379 504 419 fecturum
522 388 636 431 puto.

489 579 717 620 Crcx-:Ro
760 579 888 617 ῙΜΡ.
929 578 967 616 S.
1000 578 1056 616 D.
1089 579 1335 617 CAESAR1
1380 580 1507 619 ΙΜΡ.

307 706 383 779 U
399 708 438 746 T
467 706 547 758 legi
568 715 651 744 tuas
672 706 818 749 literas,
851 718 945 758 quas
966 719 987 744 a
1007 707 1158 745 Furnio
1178 706 1308 744 nostro
1327 720 1565 761 acceperam,
1597 712 1691 764 qui-

408 773 479 811 bus
501 785 660 810 mecum
680 771 834 824 agebas,
865 781 910 809 ut
930 772 976 809 ad
998 772 1135 810 urbem
1157 772 1300 817 essem,
1334 782 1371 811 te
1391 775 1490 813 velle
1512 777 1571 814 uti
1591 791 1691 816 con-

304 840 390 878 filio
409 849 448 878 et
468 839 659 891 dignitate
680 852 780 883 mea,
811 838 943 877 minus
973 839 1060 877 sum
1079 838 1320 878 admiratus:
1353 841 1400 878 de
1426 843 1548 894 gratia
1577 854 1615 882 et
1645 845 1693 883 de

304 920 378 958 ope
399 906 495 958 quid
516 905 748 958 significares
770 918 928 942 mecum
949 904 1030 957 ipse
1049 905 1269 957 quaerebam
1287 921 1295 944 :
1329 906 1394 959 spe
1415 917 1543 946 tamen
1566 910 1691 949 dedu-

303 973 417 1010 cebar
436 972 483 1009 ad
503 985 588 1009 eam
608 971 906 1024 cogitationem,
937 980 982 1009 ut
1003 980 1042 1009 te
1060 984 1131 1024 pro
1152 981 1218 1009 tua
1237 972 1458 1012 admirabili
1485 988 1528 1012 ac
1556 976 1691 1029 fingu-

303 1037 373 1075 lari
393 1038 578 1090 sapientia
598 1036 645 1074 de
665 1037 762 1081 otio,
793 1037 841 1074 de
860 1049 968 1088 pace,
1000 1036 1047 1074 de
1071 1037 1282 1075 concordia
1306 1038 1470 1084 civium,
1501 1041 1563 1092 agi
1589 1042 1694 1081 velle

300 1104 505 1142 arbitrarer
520 1123 532 1149 ;
564 1112 603 1140 et
626 1103 673 1140 ad
693 1116 778 1140 eam
799 1103 990 1140 rationem
1010 1103 1279 1142 existimabam
1301 1104 1389 1142 satis
1410 1115 1540 1158 aptam
1560 1107 1631 1145 effe
1652 1118 1693 1147 et

303 1180 479 1207 naturam
507 1177 546 1206 et
574 1168 779 1220 personam
807 1180 951 1205 meam.
999 1168 1119 1219 Qod
1151 1169 1179 1206 fi
1209 1169 1261 1206 ita
1293 1169 1375 1215 est;
1406 1181 1445 1208 et
1475 1172 1501 1210 fi
1535 1187 1611 1225 qua
1642 1174 1691 1212 de

302 1234 493 1286 Pompeio
514 1232 643 1270 nostro
665 1232 826 1277 tuendo,
858 1240 897 1269 et
927 1232 1002 1270 tibi
1031 1246 1075 1270 ac
1105 1233 1352 1285 Reipublicae
1381 1238 1688 1283 reconciliando,

300 1312 393 1337 cura
413 1309 450 1336 te
469 1299 658 1350 attingit3
690 1298 815 1350 magis
835 1297 1038 1343 idoneum,
1066 1311 1184 1350 quam
1205 1312 1278 1351 ego
1299 1299 1398 1345 sum,
1421 1301 1468 1339 ad
1488 1315 1572 1340 eam
1593 1316 1687 1341 cau-

300 1365 379 1404 fam
399 1364 575 1418 profecto
595 1365 760 1418 reperies
782 1365 982 1402 neminem
1001 1380 1010 1403 :
1039 1365 1110 1417 qui
1129 1374 1170 1403 et
1187 1365 1249 1404 illi
1269 1365 1433 1418 semper,
1454 1377 1493 1405 et
1514 1369 1688 1414 Senatui,

300 1444 394 1468 cum
414 1431 591 1483 primum
613 1430 739 1483 potui,
761 1430 868 1483 pacis
888 1432 1022 1468 audior
1040 1429 1125 1476 fui,
1148 1444 1235 1475 nec,
1253 1430 1420 1484 sumptis
1441 1433 1573 1478 armis,
1592 1433 1690 1473 belli

300 1496 423 1534 ullam
455 1505 607 1548 partem
637 1496 766 1548 attigi,
800 1495 1056 1548 judicavique
1085 1509 1131 1534 eo
1163 1496 1269 1535 bel1o
1301 1507 1339 1535 te
1370 1498 1521 1543 violari,
1553 1509 1689 1538 contra

298 1562 413 1613 cujus
433 1560 638 1606 honorem,
670 1560 810 1613 populi
838 1561 1012 1598 Romani
1041 1561 1234 1599 beneficio
1262 1562 1501 1608 concessum,
1532 1564 1690 1603 inimici

299 1635 416 1677 atque
445 1624 571 1663 invidi
601 1625 835 1664 niterentur.
881 1625 956 1663 Sed
984 1635 1030 1664 ut
1059 1639 1106 1664 eo
1137 1636 1312 1678 tempore
1343 1641 1423 1666 non
1456 1629 1575 1666 modo
1607 1630 1688 1682 ipse

299 1689 429 1728 fautor
449 1690 652 1742 dignitatis
674 1701 749 1728 tuae
769 1689 844 1735 fui,
875 1704 1009 1728 verum
1031 1691 1150 1728 etiam
1171 1692 1319 1729 caeteris
1340 1693 1472 1730 auctor
1491 1693 1537 1730 ad
1559 1703 1596 1731 tc
1617 1695 1687 1732 ad·-

293 1755 515 1807 juvandum
530 1773 544 1800 ς
575 1755 626 1793 fic
647 1769 711 1793 me
732 1769 837 1793 nunc
860 1756 1041 1808 Pompeii
1062 1755 1232 1808 dignitas
1253 1756 1504 1795 vehementer
1523 1769 1656 1797 movet
1674 1775 1683 1798 :

299 1821 451 1873 aliquot
470 1821 579 1858 enim
600 1819 689 1858 sunt
718 1821 825 1865 anni,
857 1834 949 1859 cum
980 1834 1048 1859 vos
1082 1821 1160 1858 duo
1189 1821 1331 1873 delegi,
1363 1836 1462 1874 quos
1491 1825 1687 1877 praecipue

297 1887 481 1931 colerem,
504 1895 543 1924 et
563 1886 708 1938 quibus
729 1886 858 1930 essem,
880 1887 979 1924 ficut
998 1887 1099 1931 sum,
1122 1887 1388 1926 amiciffimus.
1413 1889 1686 1940 Qamobrem

297 1965 319 1989 a
339 1961 375 1990 te
395 1962 501 2004 peto,
533 1952 665 2005 potius
687 1952 873 1990 omnibus
894 1952 1077 2004 precibus
1097 1965 1167 1990 oro
1186 1962 1225 1989 et
1245 1953 1430 1998 obtestor,
1462 1963 1506 1992 ut
1534 1955 1576 1992 in
1606 1956 1686 1994 tuis

297 2017 481 2054 maximis
502 2017 606 2055 curis
627 2017 778 2070 aliquid
798 2017 998 2069 impertias
1021 2018 1208 2070 temporis
1229 2016 1324 2055 huic
1349 2032 1506 2071 quoque
1533 2021 1686 2071 cogita-

298 2083 412 2128 tioni,
436 2093 480 2121 ut
501 2093 570 2121 tuo
591 2082 784 2122 beneficio
805 2083 930 2121 bonus
952 2084 1025 2128 vir,
1056 2093 1203 2136 gratus,
1235 2084 1323 2136 pius
1345 2084 1528 2136 denique,
1550 2085 1621 2122 effe
1642 2087 1687 2124 in.

299 2149 464 2186 maximi
484 2148 666 2186 beneficii
687 2150 878 2188 memoria
894 2149 1031 2203 poffim
1045 2168 1058 2194 ς
1080 2164 1166 2202 quae
1183 2149 1208 2188 fi
1232 2159 1385 2187 tantum
1405 2151 1452 2186 ad
1473 2163 1535 2187 me
1555 2151 1689 2202 ipsum

299 2215 552 2265 pertinerent,
583 2215 774 2267 sperarem
794 2229 858 2254 me
885 2229 905 2253 a
933 2225 970 2254 te
996 2225 1125 2254 tamen
1156 2216 1473 2267 impetraturum.
1520 2216 1607 2260 Sed,
1639 2226 1684 2255 ut

300 2278 479 2324 arbitror,
511 2290 550 2318 et
578 2280 627 2318 ad
655 2291 764 2319 tuam
784 2281 905 2320 fidem
923 2291 963 2320 et
989 2281 1036 2318 ad
1068 2281 1377 2333 Rempublicam
1404 2281 1588 2332 pertinet,
1618 2296 1685 2320 me

298 2356 320 2380 e
340 2345 489 2395 paucis,
519 2354 558 2382 et
588 2345 636 2384 ad
666 2346 868 2399 utriusque
898 2346 1068 2384 vestrum
1099 2355 1137 2384 et
1168 2346 1216 2383 ad
1244 2346 1392 2384 civium
1414 2347 1681 2392 concordiam,

299 2422 367 2460 per
388 2419 438 2453 te,
457 2422 580 2461 quarn
595 2412 1055 2456 accommodatiffimum,
1072 2411 1302 2450 conservari.
1335 2413 1438 2464 Ego,
1460 2426 1551 2450 cum
1573 2422 1686 2450 antea

298 2475 376 2512 tibi
393 2475 439 2512 dc
461 2475 633 2514 Lentulo
652 2478 796 2528 gratias
812 2478 987 2530 egissem,
1007 2491 1102 2518 cum
1121 2478 1158 2517 ei
1177 2478 1306 2523 saluti,
1328 2479 1398 2529 qui
1419 2477 1519 2516 mihi
1540 2477 1682 2523 fuerat,
