<?xml version="1.0" encoding="UTF-8"?>
<!DOCTYPE html PUBLIC "-//W3C//DTD XHTML 1.0 Transitional//EN"
    "http://www.w3.org/TR/xhtml1/DTD/xhtml1-transitional.dtd">
<html xmlns="http://www.w3.org/1999/xhtml" xml:lang="en" lang="en">
 <head>
  <title>
</title>
<meta http-equiv="Content-Type" content="text/html;charset=utf-8" />
  <meta name='ocr-system' content='tesseract 3.04.00' />
  <meta name='ocr-capabilities' content='ocr_page ocr_carea ocr_par ocr_line ocrx_word'/>
</head>
<body>
  <div class='ocr_page' id='page_1' title='image "./operacumindicibu08ciceuoft_0085.png"; bbox 0 0 2243 3008; ppageno 0'>
   <div class='ocr_carea' id='block_1_1' title="bbox 539 245 1698 302">
    <p class='ocr_par' dir='ltr' id='par_1_1' title="bbox 539 245 1698 302">
     <span class='ocr_line' id='line_1_1' title="bbox 539 245 1698 302; baseline -0.002 -14"><span class='ocrx_word' id='word_1_1' title='bbox 539 250 645 288; x_wconf 92' lang='lat' dir='ltr'>AD</span> <span class='ocrx_word' id='word_1_2' title='bbox 703 245 1134 285; x_wconf 76' lang='lat' dir='ltr'>ATTIcUM</span> <span class='ocrx_word' id='word_1_3' title='bbox 1200 247 1341 285; x_wconf 84' lang='lat' dir='ltr'>LIB.</span> <span class='ocrx_word' id='word_1_4' title='bbox 1393 248 1470 286; x_wconf 90' lang='lat'>111.</span> <span class='ocrx_word' id='word_1_5' title='bbox 1645 263 1698 302; x_wconf 83' lang='lat'>77</span> 
     </span>
    </p>
   </div>
   <div class='ocr_carea' id='block_1_2' title="bbox 312 344 1700 400">
    <p class='ocr_par' dir='ltr' id='par_1_2' title="bbox 312 344 1700 400">
     <span class='ocr_line' id='line_1_2' title="bbox 312 344 1700 400; baseline -0.001 -13"><span class='ocrx_word' id='word_1_6' title='bbox 312 361 431 387; x_wconf 92' lang='lat' dir='ltr'>nemo</span> <span class='ocrx_word' id='word_1_7' title='bbox 459 347 587 400; x_wconf 85' lang='lat' dir='ltr'>poffit.</span> <span class='ocrx_word' id='word_1_8' title='bbox 613 345 840 397; x_wconf 87' lang='lat' dir='ltr'>·Qintum</span> <span class='ocrx_word' id='word_1_9' title='bbox 873 344 1034 383; x_wconf 84' lang='lat' dir='ltr'>fratrem</span> <span class='ocrx_word' id='word_1_10' title='bbox 1065 345 1267 396; x_wconf 89' lang='lat' dir='ltr'>optimum</span> <span class='ocrx_word' id='word_1_11' title='bbox 1296 344 1700 399; x_wconf 86' lang='lat' dir='ltr'>humaniffimumque</span> 
     </span>
    </p>
   </div>
   <div class='ocr_carea' id='block_1_3' title="bbox 315 410 1697 529">
    <p class='ocr_par' dir='ltr' id='par_1_3' title="bbox 315 410 1697 529">
     <span class='ocr_line' id='line_1_3' title="bbox 315 410 1697 462; baseline -0.001 -10"><span class='ocrx_word' id='word_1_12' title='bbox 315 413 493 451; x_wconf 90' lang='lat' dir='ltr'>sustenta.</span> <span class='ocrx_word' id='word_1_13' title='bbox 534 411 599 449; x_wconf 93' lang='lat' dir='ltr'>Ad</span> <span class='ocrx_word' id='word_1_14' title='bbox 619 424 698 456; x_wconf 87' lang='lat' dir='ltr'>me,</span> <span class='ocrx_word' id='word_1_15' title='bbox 729 410 889 448; x_wconf 90' lang='lat' dir='ltr'>obsecro</span> <span class='ocrx_word' id='word_1_16' title='bbox 910 418 961 455; x_wconf 90' lang='lat' dir='ltr'>te,</span> <span class='ocrx_word' id='word_1_17' title='bbox 993 419 1038 448; x_wconf 90' lang='lat' dir='ltr'>ut</span> <span class='ocrx_word' id='word_1_18' title='bbox 1056 411 1190 448; x_wconf 89' lang='lat' dir='ltr'>omnia</span> <span class='ocrx_word' id='word_1_19' title='bbox 1209 419 1313 449; x_wconf 83' lang='lat' dir='ltr'>certa</span> <span class='ocrx_word' id='word_1_20' title='bbox 1334 411 1560 462; x_wconf 84' lang='lat' dir='ltr'>perscribas.</span> <span class='ocrx_word' id='word_1_21' title='bbox 1602 412 1697 451; x_wconf 80' lang='lat' dir='ltr'>Dat.</span> 
     </span>
     <span class='ocr_line' id='line_1_4' title="bbox 317 476 670 529; baseline -0.011 -12"><span class='ocrx_word' id='word_1_22' title='bbox 317 491 379 518; x_wconf 80' lang='grc' dir='ltr'>ιν.</span> <span class='ocrx_word' id='word_1_23' title='bbox 402 477 492 516; x_wconf 90' lang='lat' dir='ltr'>Kal.</span> <span class='ocrx_word' id='word_1_24' title='bbox 525 476 670 529; x_wconf 87' lang='lat' dir='ltr'>Qint.</span> 
     </span>
    </p>
   </div>
   <div class='ocr_carea' id='block_1_4' title="bbox 655 675 1367 713">
    <p class='ocr_par' dir='ltr' id='par_1_4' title="bbox 655 675 1367 713">
     <span class='ocr_line' id='line_1_5' title="bbox 655 675 1367 713; baseline 0 0"><span class='ocrx_word' id='word_1_25' title='bbox 655 675 897 713; x_wconf 82' lang='lat' dir='ltr'>C1CERO</span> <span class='ocrx_word' id='word_1_26' title='bbox 938 675 1194 713; x_wconf 82' lang='lat' dir='ltr'>ATtho</span> <span class='ocrx_word' id='word_1_27' title='bbox 1236 675 1367 713; x_wconf 82' lang='lat' dir='ltr'>SAL.</span> 
     </span>
    </p>
   </div>
   <div class='ocr_carea' id='block_1_5' title="bbox 292 799 1716 1968">
    <p class='ocr_par' dir='ltr' id='par_1_5' title="bbox 317 799 1704 875">
     <span class='ocr_line' id='line_1_6' title="bbox 317 799 1704 875; baseline 0.002 -33"><span class='ocrx_word' id='word_1_28' title='bbox 317 804 415 843; x_wconf 90' lang='lat' dir='ltr'>XII.</span> <span class='ocrx_word' id='word_1_29' title='bbox 439 799 526 875; x_wconf 83' lang='lat' dir='ltr'>T</span> <span class='ocrx_word' id='word_1_30' title='bbox 541 803 580 841; x_wconf 93' lang='lat' dir='ltr'>U</span> <span class='ocrx_word' id='word_1_31' title='bbox 610 801 772 855; x_wconf 92' lang='lat' dir='ltr'>quidem</span> <span class='ocrx_word' id='word_1_32' title='bbox 793 801 926 840; x_wconf 89' lang='lat' dir='ltr'>sedulo</span> <span class='ocrx_word' id='word_1_33' title='bbox 946 802 1244 854; x_wconf 85' lang='lat' dir='ltr'>argumentaris,</span> <span class='ocrx_word' id='word_1_34' title='bbox 1273 802 1370 855; x_wconf 90' lang='lat' dir='ltr'>quid</span> <span class='ocrx_word' id='word_1_35' title='bbox 1390 802 1436 841; x_wconf 86' lang='lat' dir='ltr'>fit</span> <span class='ocrx_word' id='word_1_36' title='bbox 1456 804 1704 857; x_wconf 88' lang='lat' dir='ltr'>sperandum,</span> 
     </span>
    </p>

    <p class='ocr_par' dir='ltr' id='par_1_6' title="bbox 292 866 1716 1968">
     <span class='ocr_line' id='line_1_7' title="bbox 547 866 1705 923; baseline 0.003 -17"><span class='ocrx_word' id='word_1_37' title='bbox 547 876 586 906; x_wconf 91' lang='lat' dir='ltr'>et</span> <span class='ocrx_word' id='word_1_38' title='bbox 606 867 778 906; x_wconf 86' lang='lat' dir='ltr'>maxime</span> <span class='ocrx_word' id='word_1_39' title='bbox 797 880 865 919; x_wconf 91' lang='lat' dir='ltr'>per</span> <span class='ocrx_word' id='word_1_40' title='bbox 886 867 1098 904; x_wconf 87' lang='lat' dir='ltr'><strong>Senatum:</strong></span> <span class='ocrx_word' id='word_1_41' title='bbox 1131 866 1316 920; x_wconf 87' lang='lat' dir='ltr'>idemque</span> <span class='ocrx_word' id='word_1_42' title='bbox 1345 878 1461 921; x_wconf 87' lang='lat' dir='ltr'>caput</span> <span class='ocrx_word' id='word_1_43' title='bbox 1491 872 1705 923; x_wconf 84' lang='lat' dir='ltr'>rogationis</span> 
     </span>
     <span class='ocr_line' id='line_1_8' title="bbox 319 931 1706 988; baseline 0.002 -16"><span class='ocrx_word' id='word_1_44' title='bbox 319 934 489 987; x_wconf 87' lang='lat' dir='ltr'>proponi</span> <span class='ocrx_word' id='word_1_45' title='bbox 509 932 662 977; x_wconf 85' lang='lat' dir='ltr'>scribis,</span> <span class='ocrx_word' id='word_1_46' title='bbox 692 945 809 985; x_wconf 89' lang='lat' dir='ltr'>quare</span> <span class='ocrx_word' id='word_1_47' title='bbox 829 932 871 983; x_wconf 82' lang='lat' dir='ltr'>in</span> <span class='ocrx_word' id='word_1_48' title='bbox 893 932 1034 969; x_wconf 88' lang='lat' dir='ltr'>Senatu</span> <span class='ocrx_word' id='word_1_49' title='bbox 1054 931 1134 969; x_wconf 90' lang='lat' dir='ltr'>dici</span> <span class='ocrx_word' id='word_1_50' title='bbox 1155 931 1257 970; x_wconf 90' lang='lat' dir='ltr'>nihil</span> <span class='ocrx_word' id='word_1_51' title='bbox 1278 933 1394 971; x_wconf 87' lang='lat' dir='ltr'>liceat</span> <span class='ocrx_word' id='word_1_52' title='bbox 1412 949 1420 972; x_wconf 90' lang='lat'><strong>:</strong></span> <span class='ocrx_word' id='word_1_53' title='bbox 1453 935 1585 988; x_wconf 85' lang='lat' dir='ltr'>itaque</span> <span class='ocrx_word' id='word_1_54' title='bbox 1616 937 1706 975; x_wconf 87' lang='lat' dir='ltr'>file-</span> 
     </span>
     <span class='ocr_line' id='line_1_9' title="bbox 322 995 1705 1048; baseline 0.003 -12"><span class='ocrx_word' id='word_1_55' title='bbox 322 1009 400 1036; x_wconf 89' lang='lat' dir='ltr'>tur.</span> <span class='ocrx_word' id='word_1_56' title='bbox 446 998 530 1037; x_wconf 77' lang='lat' dir='ltr'>Hic</span> <span class='ocrx_word' id='word_1_57' title='bbox 557 1007 600 1036; x_wconf 91' lang='lat' dir='ltr'>tu</span> <span class='ocrx_word' id='word_1_58' title='bbox 627 1010 691 1035; x_wconf 86' lang='lat' dir='ltr'>me</span> <span class='ocrx_word' id='word_1_59' title='bbox 711 996 880 1041; x_wconf 87' lang='lat' dir='ltr'>accusas,</span> <span class='ocrx_word' id='word_1_60' title='bbox 910 996 1018 1048; x_wconf 90' lang='lat' dir='ltr'>quod</span> <span class='ocrx_word' id='word_1_61' title='bbox 1038 1010 1102 1035; x_wconf 89' lang='lat' dir='ltr'>me</span> <span class='ocrx_word' id='word_1_62' title='bbox 1121 995 1303 1035; x_wconf 68' lang='lat' dir='ltr'>affiictem</span> <span class='ocrx_word' id='word_1_63' title='bbox 1321 1016 1333 1042; x_wconf 82' lang='lat'>;</span> <span class='ocrx_word' id='word_1_64' title='bbox 1366 1012 1459 1037; x_wconf 89' lang='lat' dir='ltr'>cum</span> <span class='ocrx_word' id='word_1_65' title='bbox 1479 1001 1533 1038; x_wconf 91' lang='lat' dir='ltr'>ita</span> <span class='ocrx_word' id='word_1_66' title='bbox 1553 1001 1624 1039; x_wconf 90' lang='lat' dir='ltr'>fim</span> <span class='ocrx_word' id='word_1_67' title='bbox 1644 1001 1705 1040; x_wconf 92' lang='lat' dir='ltr'>af-</span> 
     </span>
     <span class='ocr_line' id='line_1_10' title="bbox 321 1060 1708 1116; baseline 0.003 -15"><span class='ocrx_word' id='word_1_68' title='bbox 321 1063 466 1108; x_wconf 68' lang='lat' dir='ltr'>flictus,</span> <span class='ocrx_word' id='word_1_69' title='bbox 492 1071 536 1101; x_wconf 90' lang='lat' dir='ltr'>ut</span> <span class='ocrx_word' id='word_1_70' title='bbox 555 1075 673 1100; x_wconf 88' lang='lat' dir='ltr'>nemo</span> <span class='ocrx_word' id='word_1_71' title='bbox 695 1074 898 1114; x_wconf 82' lang='lat' dir='ltr'>unquam3</span> <span class='ocrx_word' id='word_1_72' title='bbox 930 1060 1038 1112; x_wconf 90' lang='lat' dir='ltr'>quod</span> <span class='ocrx_word' id='word_1_73' title='bbox 1059 1070 1142 1100; x_wconf 89' lang='lat' dir='ltr'>tute</span> <span class='ocrx_word' id='word_1_74' title='bbox 1162 1061 1368 1114; x_wconf 88' lang='lat' dir='ltr'>intelligis.</span> <span class='ocrx_word' id='word_1_75' title='bbox 1402 1064 1518 1116; x_wconf 88' lang='lat' dir='ltr'>Spem</span> <span class='ocrx_word' id='word_1_76' title='bbox 1539 1066 1708 1106; x_wconf 86' lang='lat' dir='ltr'>ostendis</span> 
     </span>
     <span class='ocr_line' id='line_1_11' title="bbox 321 1126 1710 1183; baseline 0.003 -16"><span class='ocrx_word' id='word_1_77' title='bbox 321 1128 538 1167; x_wconf 85' lang='lat' dir='ltr'>secundum</span> <span class='ocrx_word' id='word_1_78' title='bbox 567 1127 744 1165; x_wconf 89' lang='lat' dir='ltr'>comitia.</span> <span class='ocrx_word' id='word_1_79' title='bbox 791 1127 890 1177; x_wconf 84' lang='lat' dir='ltr'>Qae</span> <span class='ocrx_word' id='word_1_80' title='bbox 919 1126 989 1164; x_wconf 86' lang='lat' dir='ltr'>ista</span> <span class='ocrx_word' id='word_1_81' title='bbox 1016 1126 1084 1171; x_wconf 89' lang='lat' dir='ltr'>est,</span> <span class='ocrx_word' id='word_1_82' title='bbox 1116 1127 1254 1165; x_wconf 90' lang='lat' dir='ltr'>eodem</span> <span class='ocrx_word' id='word_1_83' title='bbox 1282 1128 1466 1167; x_wconf 88' lang='lat' dir='ltr'>Tribuno</span> <span class='ocrx_word' id='word_1_84' title='bbox 1493 1131 1637 1183; x_wconf 88' lang='lat' dir='ltr'>plebis,</span> <span class='ocrx_word' id='word_1_85' title='bbox 1669 1142 1710 1171; x_wconf 91' lang='lat' dir='ltr'>et</span> 
     </span>
     <span class='ocr_line' id='line_1_12' title="bbox 321 1191 1711 1243; baseline 0.003 -11"><span class='ocrx_word' id='word_1_86' title='bbox 321 1193 487 1232; x_wconf 88' lang='lat' dir='ltr'>inimico</span> <span class='ocrx_word' id='word_1_87' title='bbox 520 1191 692 1231; x_wconf 89' lang='lat' dir='ltr'>Consule</span> <span class='ocrx_word' id='word_1_88' title='bbox 726 1191 954 1243; x_wconf 85' lang='lat' dir='ltr'>defignato?</span> <span class='ocrx_word' id='word_1_89' title='bbox 996 1191 1214 1229; x_wconf 82' lang='lat' dir='ltr'>Percuffisti</span> <span class='ocrx_word' id='word_1_90' title='bbox 1247 1202 1379 1231; x_wconf 88' lang='lat' dir='ltr'>autem</span> <span class='ocrx_word' id='word_1_91' title='bbox 1411 1208 1475 1233; x_wconf 90' lang='lat' dir='ltr'>me</span> <span class='ocrx_word' id='word_1_92' title='bbox 1508 1198 1627 1235; x_wconf 89' lang='lat' dir='ltr'>etiam</span> <span class='ocrx_word' id='word_1_93' title='bbox 1662 1197 1711 1236; x_wconf 86' lang='lat' dir='ltr'>de</span> 
     </span>
     <span class='ocr_line' id='line_1_13' title="bbox 322 1257 1709 1316; baseline -0.002 -18"><span class='ocrx_word' id='word_1_94' title='bbox 322 1260 497 1299; x_wconf 87' lang='lat' dir='ltr'>oratione</span> <span class='ocrx_word' id='word_1_95' title='bbox 517 1258 693 1311; x_wconf 86' lang='lat' dir='ltr'>prolata:</span> <span class='ocrx_word' id='word_1_96' title='bbox 725 1257 791 1297; x_wconf 88' lang='lat' dir='ltr'>cui</span> <span class='ocrx_word' id='word_1_97' title='bbox 810 1257 979 1302; x_wconf 88' lang='lat' dir='ltr'>vulneri,</span> <span class='ocrx_word' id='word_1_98' title='bbox 1011 1266 1056 1295; x_wconf 90' lang='lat' dir='ltr'>ut</span> <span class='ocrx_word' id='word_1_99' title='bbox 1076 1257 1227 1303; x_wconf 84' lang='lat' dir='ltr'>scribis,</span> <span class='ocrx_word' id='word_1_100' title='bbox 1259 1259 1428 1305; x_wconf 88' lang='lat' dir='ltr'>medere,</span> <span class='ocrx_word' id='word_1_101' title='bbox 1458 1261 1485 1298; x_wconf 90' lang='lat' dir='ltr'><strong>fi</strong></span> <span class='ocrx_word' id='word_1_102' title='bbox 1517 1263 1613 1314; x_wconf 90' lang='lat' dir='ltr'>quid</span> <span class='ocrx_word' id='word_1_103' title='bbox 1633 1277 1709 1316; x_wconf 85' lang='lat' dir='ltr'>po-</span> 
     </span>
     <span class='ocr_line' id='line_1_14' title="bbox 292 1323 1706 1380; baseline 0.005 -20"><span class='ocrx_word' id='word_1_104' title='bbox 292 1358 295 1360; x_wconf 75' lang='grc'>,</span> <span class='ocrx_word' id='word_1_105' title='bbox 322 1335 396 1365; x_wconf 88' lang='lat' dir='ltr'>tes.</span> <span class='ocrx_word' id='word_1_106' title='bbox 443 1324 583 1377; x_wconf 75' lang='lat' dir='ltr'>Scripsi</span> <span class='ocrx_word' id='word_1_107' title='bbox 613 1323 799 1377; x_wconf 88' lang='lat' dir='ltr'>equidem</span> <span class='ocrx_word' id='word_1_108' title='bbox 830 1323 929 1361; x_wconf 89' lang='lat' dir='ltr'>olim</span> <span class='ocrx_word' id='word_1_109' title='bbox 960 1324 1096 1368; x_wconf 87' lang='lat' dir='ltr'>iratus,</span> <span class='ocrx_word' id='word_1_110' title='bbox 1128 1323 1235 1376; x_wconf 90' lang='lat' dir='ltr'>quod</span> <span class='ocrx_word' id='word_1_111' title='bbox 1264 1324 1332 1362; x_wconf 89' lang='lat' dir='ltr'>ille</span> <span class='ocrx_word' id='word_1_112' title='bbox 1352 1326 1458 1378; x_wconf 90' lang='lat' dir='ltr'>prior</span> <span class='ocrx_word' id='word_1_113' title='bbox 1477 1326 1676 1380; x_wconf 89' lang='lat' dir='ltr'>scripserat</span> <span class='ocrx_word' id='word_1_114' title='bbox 1692 1348 1706 1375; x_wconf 68' lang='grc' dir='ltr'><strong><em>ς</em></strong></span> 
     </span>
     <span class='ocr_line' id='line_1_15' title="bbox 324 1389 1713 1447; baseline 0.003 -18"><span class='ocrx_word' id='word_1_115' title='bbox 324 1390 389 1429; x_wconf 92' lang='lat' dir='ltr'>sed</span> <span class='ocrx_word' id='word_1_116' title='bbox 408 1391 464 1430; x_wconf 91' lang='lat' dir='ltr'>ita</span> <span class='ocrx_word' id='word_1_117' title='bbox 482 1389 794 1442; x_wconf 78' lang='lat' dir='ltr'>comprefl‘eram,</span> <span class='ocrx_word' id='word_1_118' title='bbox 816 1398 861 1427; x_wconf 94' lang='lat' dir='ltr'>ut</span> <span class='ocrx_word' id='word_1_119' title='bbox 880 1402 1086 1441; x_wconf 88' lang='lat' dir='ltr'>nunquam</span> <span class='ocrx_word' id='word_1_120' title='bbox 1105 1398 1370 1428; x_wconf 89' lang='lat' dir='ltr'>emanaturam</span> <span class='ocrx_word' id='word_1_121' title='bbox 1391 1400 1570 1444; x_wconf 88' lang='lat' dir='ltr'>putarem</span> <span class='ocrx_word' id='word_1_122' title='bbox 1589 1408 1598 1431; x_wconf 78' lang='lat' dir='ltr'><em>z</em></span> <span class='ocrx_word' id='word_1_123' title='bbox 1630 1408 1713 1447; x_wconf 88' lang='lat' dir='ltr'>quo</span> 
     </span>
     <span class='ocr_line' id='line_1_16' title="bbox 324 1453 1713 1508; baseline 0.003 -14"><span class='ocrx_word' id='word_1_124' title='bbox 324 1456 444 1495; x_wconf 88' lang='lat' dir='ltr'>modo</span> <span class='ocrx_word' id='word_1_125' title='bbox 464 1455 669 1500; x_wconf 83' lang='lat' dir='ltr'>exciderit,</span> <span class='ocrx_word' id='word_1_126' title='bbox 700 1454 845 1494; x_wconf 88' lang='lat' dir='ltr'>nescio.</span> <span class='ocrx_word' id='word_1_127' title='bbox 877 1453 950 1492; x_wconf 90' lang='lat' dir='ltr'>Sed</span> <span class='ocrx_word' id='word_1_128' title='bbox 970 1454 1063 1507; x_wconf 86' lang='lat' dir='ltr'>quia</span> <span class='ocrx_word' id='word_1_129' title='bbox 1083 1468 1287 1508; x_wconf 89' lang='lat' dir='ltr'>nunquam</span> <span class='ocrx_word' id='word_1_130' title='bbox 1307 1456 1465 1502; x_wconf 90' lang='lat' dir='ltr'>accidit,</span> <span class='ocrx_word' id='word_1_131' title='bbox 1489 1467 1532 1496; x_wconf 91' lang='lat' dir='ltr'>ut</span> <span class='ocrx_word' id='word_1_132' title='bbox 1552 1472 1646 1497; x_wconf 88' lang='lat' dir='ltr'>cum</span> <span class='ocrx_word' id='word_1_133' title='bbox 1666 1473 1713 1498; x_wconf 89' lang='lat' dir='ltr'>eo</span> 
     </span>
     <span class='ocr_line' id='line_1_17' title="bbox 323 1520 1711 1576; baseline 0.002 -16"><span class='ocrx_word' id='word_1_134' title='bbox 323 1522 445 1560; x_wconf 81' lang='lat' dir='ltr'>verbo</span> <span class='ocrx_word' id='word_1_135' title='bbox 476 1534 556 1560; x_wconf 91' lang='lat' dir='ltr'>uno</span> <span class='ocrx_word' id='word_1_136' title='bbox 586 1530 852 1560; x_wconf 89' lang='lat' dir='ltr'>concertarem</span> <span class='ocrx_word' id='word_1_137' title='bbox 867 1539 880 1566; x_wconf 65' lang='grc' dir='ltr'><strong><em>ς</em></strong></span> <span class='ocrx_word' id='word_1_138' title='bbox 912 1529 952 1558; x_wconf 91' lang='lat' dir='ltr'>et</span> <span class='ocrx_word' id='word_1_139' title='bbox 983 1521 1075 1572; x_wconf 89' lang='lat' dir='ltr'>quia</span> <span class='ocrx_word' id='word_1_140' title='bbox 1106 1520 1247 1574; x_wconf 89' lang='lat' dir='ltr'>scripta</span> <span class='ocrx_word' id='word_1_141' title='bbox 1272 1521 1375 1560; x_wconf 91' lang='lat' dir='ltr'>mihi</span> <span class='ocrx_word' id='word_1_142' title='bbox 1395 1523 1550 1561; x_wconf 91' lang='lat' dir='ltr'>videtur</span> <span class='ocrx_word' id='word_1_143' title='bbox 1581 1525 1711 1576; x_wconf 90' lang='lat' dir='ltr'>negli-</span> 
     </span>
     <span class='ocr_line' id='line_1_18' title="bbox 326 1579 1712 1639; baseline 0.003 -15"><span class='ocrx_word' id='word_1_144' title='bbox 326 1587 498 1638; x_wconf 84' lang='lat' dir='ltr'>gentius,</span> <span class='ocrx_word' id='word_1_145' title='bbox 521 1599 640 1638; x_wconf 88' lang='lat' dir='ltr'>quam</span> <span class='ocrx_word' id='word_1_146' title='bbox 660 1595 806 1625; x_wconf 82' lang='lat' dir='ltr'>caeterae</span> <span class='ocrx_word' id='word_1_147' title='bbox 821 1604 834 1630; x_wconf 66' lang='grc' dir='ltr'>ς</span> <span class='ocrx_word' id='word_1_148' title='bbox 865 1594 963 1638; x_wconf 92' lang='lat' dir='ltr'>puto</span> <span class='ocrx_word' id='word_1_149' title='bbox 983 1585 1086 1637; x_wconf 84' lang='lat' dir='ltr'>poffe</span> <span class='ocrx_word' id='word_1_150' title='bbox 1106 1587 1262 1639; x_wconf 90' lang='lat' dir='ltr'>probari</span> <span class='ocrx_word' id='word_1_151' title='bbox 1283 1601 1363 1625; x_wconf 90' lang='lat' dir='ltr'>non</span> <span class='ocrx_word' id='word_1_152' title='bbox 1383 1588 1455 1626; x_wconf 88' lang='lat' dir='ltr'>effe</span> <span class='ocrx_word' id='word_1_153' title='bbox 1475 1579 1618 1627; x_wconf 27' lang='lat' dir='ltr'>meams.</span> <span class='ocrx_word' id='word_1_154' title='bbox 1650 1590 1712 1636; x_wconf 90' lang='lat' dir='ltr'>Id,</span> 
     </span>
     <span class='ocr_line' id='line_1_19' title="bbox 327 1651 1714 1706; baseline 0.004 -17"><span class='ocrx_word' id='word_1_155' title='bbox 327 1653 353 1690; x_wconf 86' lang='lat' dir='ltr'><strong>fi</strong></span> <span class='ocrx_word' id='word_1_156' title='bbox 379 1661 492 1704; x_wconf 87' lang='lat' dir='ltr'>putas</span> <span class='ocrx_word' id='word_1_157' title='bbox 519 1664 582 1689; x_wconf 89' lang='lat' dir='ltr'>me</span> <span class='ocrx_word' id='word_1_158' title='bbox 613 1651 716 1703; x_wconf 85' lang='lat' dir='ltr'>poffe</span> <span class='ocrx_word' id='word_1_159' title='bbox 748 1651 884 1695; x_wconf 87' lang='lat' dir='ltr'>sanari,</span> <span class='ocrx_word' id='word_1_160' title='bbox 915 1664 1026 1688; x_wconf 87' lang='lat' dir='ltr'>cures</span> <span class='ocrx_word' id='word_1_161' title='bbox 1047 1652 1194 1690; x_wconf 87' lang='lat' dir='ltr'>velim:</span> <span class='ocrx_word' id='word_1_162' title='bbox 1228 1652 1280 1690; x_wconf 92' lang='lat' dir='ltr'>s1n</span> <span class='ocrx_word' id='word_1_163' title='bbox 1302 1653 1416 1705; x_wconf 90' lang='lat' dir='ltr'>plane</span> <span class='ocrx_word' id='word_1_164' title='bbox 1435 1655 1549 1706; x_wconf 90' lang='lat' dir='ltr'>perii,</span> <span class='ocrx_word' id='word_1_165' title='bbox 1580 1656 1714 1694; x_wconf 86' lang='lat' dir='ltr'>minus</span> 
     </span>
     <span class='ocr_line' id='line_1_20' title="bbox 327 1715 1716 1769; baseline 0.004 -14"><span class='ocrx_word' id='word_1_166' title='bbox 327 1717 475 1755; x_wconf 84' lang='lat' dir='ltr'>laboro.</span> <span class='ocrx_word' id='word_1_167' title='bbox 522 1717 610 1767; x_wconf 87' lang='lat' dir='ltr'>Ego</span> <span class='ocrx_word' id='word_1_168' title='bbox 629 1716 748 1754; x_wconf 89' lang='lat' dir='ltr'>etiam</span> <span class='ocrx_word' id='word_1_169' title='bbox 777 1729 883 1754; x_wconf 91' lang='lat' dir='ltr'>nunc</span> <span class='ocrx_word' id='word_1_170' title='bbox 912 1715 1050 1754; x_wconf 88' lang='lat' dir='ltr'>eodem</span> <span class='ocrx_word' id='word_1_171' title='bbox 1081 1717 1122 1754; x_wconf 89' lang='lat' dir='ltr'>in</span> <span class='ocrx_word' id='word_1_172' title='bbox 1155 1717 1244 1754; x_wconf 93' lang='lat' dir='ltr'>loco</span> <span class='ocrx_word' id='word_1_173' title='bbox 1270 1718 1396 1769; x_wconf 87' lang='lat' dir='ltr'>jaceo,</span> <span class='ocrx_word' id='word_1_174' title='bbox 1427 1720 1506 1757; x_wconf 89' lang='lat' dir='ltr'>fine</span> <span class='ocrx_word' id='word_1_175' title='bbox 1537 1720 1716 1760; x_wconf 86' lang='lat' dir='ltr'>sermone</span> 
     </span>
     <span class='ocr_line' id='line_1_21' title="bbox 328 1782 1713 1838; baseline 0.004 -18"><span class='ocrx_word' id='word_1_176' title='bbox 328 1783 427 1828; x_wconf 91' lang='lat' dir='ltr'>ullo,</span> <span class='ocrx_word' id='word_1_177' title='bbox 458 1782 536 1820; x_wconf 88' lang='lat' dir='ltr'>fine</span> <span class='ocrx_word' id='word_1_178' title='bbox 556 1782 795 1834; x_wconf 86' lang='lat' dir='ltr'>cogitatione</span> <span class='ocrx_word' id='word_1_179' title='bbox 816 1782 910 1819; x_wconf 87' lang='lat' dir='ltr'>ulla.</span> <span class='ocrx_word' id='word_1_180' title='bbox 942 1782 1057 1820; x_wconf 85' lang='lat' dir='ltr'>Licet</span> <span class='ocrx_word' id='word_1_181' title='bbox 1078 1782 1167 1827; x_wconf 89' lang='lat' dir='ltr'>tibi,</span> <span class='ocrx_word' id='word_1_182' title='bbox 1199 1792 1244 1820; x_wconf 91' lang='lat' dir='ltr'>ut</span> <span class='ocrx_word' id='word_1_183' title='bbox 1263 1783 1413 1829; x_wconf 85' lang='lat' dir='ltr'>scribis,</span> <span class='ocrx_word' id='word_1_184' title='bbox 1445 1786 1713 1838; x_wconf 87' lang='lat' dir='ltr'>fignificarim,</span> 
     </span>
     <span class='ocr_line' id='line_1_22' title="bbox 328 1846 1711 1904; baseline 0.003 -18"><span class='ocrx_word' id='word_1_185' title='bbox 328 1857 373 1886; x_wconf 90' lang='lat' dir='ltr'>ut</span> <span class='ocrx_word' id='word_1_186' title='bbox 402 1847 449 1886; x_wconf 91' lang='lat' dir='ltr'>ad</span> <span class='ocrx_word' id='word_1_187' title='bbox 483 1861 547 1885; x_wconf 88' lang='lat' dir='ltr'>me</span> <span class='ocrx_word' id='word_1_188' title='bbox 576 1847 725 1885; x_wconf 86' lang='lat' dir='ltr'>venires</span> <span class='ocrx_word' id='word_1_189' title='bbox 759 1846 954 1892; x_wconf 83' lang='lat' dir='ltr'>Dodona;</span> <span class='ocrx_word' id='word_1_190' title='bbox 987 1856 1116 1885; x_wconf 89' lang='lat' dir='ltr'>tamen</span> <span class='ocrx_word' id='word_1_191' title='bbox 1148 1848 1331 1900; x_wconf 86' lang='lat' dir='ltr'>intelligo</span> <span class='ocrx_word' id='word_1_192' title='bbox 1363 1858 1399 1887; x_wconf 89' lang='lat' dir='ltr'>te</span> <span class='ocrx_word' id='word_1_193' title='bbox 1432 1864 1470 1888; x_wconf 90' lang='lat' dir='ltr'>re</span> <span class='ocrx_word' id='word_1_194' title='bbox 1502 1851 1586 1889; x_wconf 89' lang='lat' dir='ltr'>istic</span> <span class='ocrx_word' id='word_1_195' title='bbox 1618 1866 1711 1904; x_wconf 89' lang='lat' dir='ltr'>pro-</span> 
     </span>
     <span class='ocr_line' id='line_1_23' title="bbox 330 1910 1715 1968; baseline 0.003 -18"><span class='ocrx_word' id='word_1_196' title='bbox 330 1912 443 1957; x_wconf 82' lang='lat' dir='ltr'>desse,</span> <span class='ocrx_word' id='word_1_197' title='bbox 475 1910 541 1949; x_wconf 75' lang='lat' dir='ltr'>hic</span> <span class='ocrx_word' id='word_1_198' title='bbox 562 1925 610 1949; x_wconf 89' lang='lat' dir='ltr'>ne</span> <span class='ocrx_word' id='word_1_199' title='bbox 631 1912 749 1949; x_wconf 91' lang='lat' dir='ltr'>verbo</span> <span class='ocrx_word' id='word_1_200' title='bbox 769 1911 931 1964; x_wconf 88' lang='lat' dir='ltr'>quidem</span> <span class='ocrx_word' id='word_1_201' title='bbox 952 1911 1076 1949; x_wconf 87' lang='lat' dir='ltr'>levare</span> <span class='ocrx_word' id='word_1_202' title='bbox 1096 1925 1159 1949; x_wconf 88' lang='lat' dir='ltr'>me</span> <span class='ocrx_word' id='word_1_203' title='bbox 1178 1912 1296 1964; x_wconf 85' lang='lat' dir='ltr'>poffe.</span> <span class='ocrx_word' id='word_1_204' title='bbox 1343 1914 1438 1951; x_wconf 91' lang='lat' dir='ltr'>Non</span> <span class='ocrx_word' id='word_1_205' title='bbox 1472 1928 1573 1967; x_wconf 89' lang='lat' dir='ltr'>queo</span> <span class='ocrx_word' id='word_1_206' title='bbox 1602 1916 1715 1968; x_wconf 88' lang='lat' dir='ltr'>plura</span> 
     </span>
    </p>
   </div>
   <div class='ocr_carea' id='block_1_6' title="bbox 331 1976 1712 2082">
    <p class='ocr_par' dir='ltr' id='par_1_7' title="bbox 331 1976 1712 2082">
     <span class='ocr_line' id='line_1_24' title="bbox 331 1976 1712 2033; baseline 0.005 -19"><span class='ocrx_word' id='word_1_207' title='bbox 331 1977 510 2021; x_wconf 91' lang='lat' dir='ltr'>scribere,</span> <span class='ocrx_word' id='word_1_208' title='bbox 542 1990 613 2014; x_wconf 92' lang='lat' dir='ltr'>nec</span> <span class='ocrx_word' id='word_1_209' title='bbox 645 1976 712 2021; x_wconf 91' lang='lat' dir='ltr'>est,</span> <span class='ocrx_word' id='word_1_210' title='bbox 743 1976 851 2029; x_wconf 90' lang='lat' dir='ltr'>quod</span> <span class='ocrx_word' id='word_1_211' title='bbox 879 1976 1044 2015; x_wconf 90' lang='lat' dir='ltr'>scribam</span> <span class='ocrx_word' id='word_1_212' title='bbox 1061 1996 1074 2022; x_wconf 88' lang='lat'>;</span> <span class='ocrx_word' id='word_1_213' title='bbox 1106 1977 1225 2016; x_wconf 80' lang='lat' dir='ltr'>vestra</span> <span class='ocrx_word' id='word_1_214' title='bbox 1254 1979 1378 2030; x_wconf 87' lang='lat' dir='ltr'>magis</span> <span class='ocrx_word' id='word_1_215' title='bbox 1408 1983 1583 2033; x_wconf 69' lang='lat' dir='ltr'>expecto.</span> <span class='ocrx_word' id='word_1_216' title='bbox 1616 1982 1712 2022; x_wconf 84' lang='lat' dir='ltr'>Dat.</span> 
     </span>
     <span class='ocr_line' id='line_1_25' title="bbox 334 2042 1001 2082; baseline 0.001 -1"><span class='ocrx_word' id='word_1_217' title='bbox 334 2057 425 2081; x_wconf 76' lang='lat' dir='ltr'>xvl.</span> <span class='ocrx_word' id='word_1_218' title='bbox 452 2042 539 2081; x_wconf 86' lang='lat' dir='ltr'>Kal.</span> <span class='ocrx_word' id='word_1_219' title='bbox 573 2043 678 2082; x_wconf 84' lang='lat' dir='ltr'>Sext.</span> <span class='ocrx_word' id='word_1_220' title='bbox 703 2042 1001 2082; x_wconf 73' lang='lat' dir='ltr'>Theffissonicae.</span> 
     </span>
    </p>
   </div>
   <div class='ocr_carea' id='block_1_7' title="bbox 670 2246 1380 2285">
    <p class='ocr_par' dir='ltr' id='par_1_8' title="bbox 670 2246 1380 2285">
     <span class='ocr_line' id='line_1_26' title="bbox 670 2246 1380 2285; baseline 0.001 -2"><span class='ocrx_word' id='word_1_221' title='bbox 670 2246 912 2284; x_wconf 81' lang='lat' dir='ltr'>C1CERO</span> <span class='ocrx_word' id='word_1_222' title='bbox 953 2246 1207 2284; x_wconf 80' lang='lat' dir='ltr'><strong>ATTICO</strong></span> <span class='ocrx_word' id='word_1_223' title='bbox 1250 2247 1380 2285; x_wconf 85' lang='lat' dir='ltr'>SAL.</span> 
     </span>
    </p>
   </div>
   <div class='ocr_carea' id='block_1_8' title="bbox 337 2371 1715 2459">
    <p class='ocr_par' dir='ltr' id='par_1_9' title="bbox 337 2371 1715 2459">
     <span class='ocr_line' id='line_1_27' title="bbox 337 2371 1715 2459; baseline 0.003 -49"><span class='ocrx_word' id='word_1_224' title='bbox 337 2372 455 2410; x_wconf 86' lang='lat' dir='ltr'>XIII.</span> <span class='ocrx_word' id='word_1_225' title='bbox 479 2371 652 2459; x_wconf 81' lang='lat' dir='ltr'>QUO</span> <span class='ocrx_word' id='word_1_226' title='bbox 666 2373 705 2411; x_wconf 96' lang='lat' dir='ltr'>D</span> <span class='ocrx_word' id='word_1_227' title='bbox 735 2372 782 2411; x_wconf 90' lang='lat' dir='ltr'>ad</span> <span class='ocrx_word' id='word_1_228' title='bbox 802 2383 840 2412; x_wconf 86' lang='lat' dir='ltr'>te</span> <span class='ocrx_word' id='word_1_229' title='bbox 859 2373 1082 2426; x_wconf 88' lang='lat' dir='ltr'>scripseram</span> <span class='ocrx_word' id='word_1_230' title='bbox 1103 2387 1166 2412; x_wconf 88' lang='lat' dir='ltr'>me</span> <span class='ocrx_word' id='word_1_231' title='bbox 1187 2374 1227 2412; x_wconf 93' lang='lat' dir='ltr'>in</span> <span class='ocrx_word' id='word_1_232' title='bbox 1249 2375 1373 2427; x_wconf 91' lang='lat' dir='ltr'>Epiro</span> <span class='ocrx_word' id='word_1_233' title='bbox 1393 2374 1574 2414; x_wconf 90' lang='lat' dir='ltr'>futurum</span> <span class='ocrx_word' id='word_1_234' title='bbox 1592 2395 1602 2421; x_wconf 88' lang='lat'>;</span> <span class='ocrx_word' id='word_1_235' title='bbox 1626 2377 1715 2429; x_wconf 87' lang='lat' dir='ltr'>pos-</span> 
     </span>
    </p>
   </div>
   <div class='ocr_carea' id='block_1_9' title="bbox 337 2441 1718 2553">
    <p class='ocr_par' dir='ltr' id='par_1_10' title="bbox 337 2441 1718 2553">
     <span class='ocr_line' id='line_1_28' title="bbox 575 2441 1716 2494; baseline 0.004 -18"><span class='ocrx_word' id='word_1_236' title='bbox 575 2447 636 2476; x_wconf 90' lang='lat' dir='ltr'>tea</span> <span class='ocrx_word' id='word_1_237' title='bbox 655 2451 776 2490; x_wconf 85' lang='lat' dir='ltr'>quam</span> <span class='ocrx_word' id='word_1_238' title='bbox 794 2441 995 2479; x_wconf 83' lang='lat' dir='ltr'>extenuari</span> <span class='ocrx_word' id='word_1_239' title='bbox 1015 2441 1122 2494; x_wconf 89' lang='lat' dir='ltr'>spem</span> <span class='ocrx_word' id='word_1_240' title='bbox 1144 2441 1326 2486; x_wconf 83' lang='lat' dir='ltr'>nostram,</span> <span class='ocrx_word' id='word_1_241' title='bbox 1357 2451 1395 2479; x_wconf 88' lang='lat' dir='ltr'>et</span> <span class='ocrx_word' id='word_1_242' title='bbox 1415 2442 1635 2480; x_wconf 87' lang='lat' dir='ltr'>evanescere</span> <span class='ocrx_word' id='word_1_243' title='bbox 1656 2445 1716 2480; x_wconf 91' lang='lat' dir='ltr'>vi-</span> 
     </span>
     <span class='ocr_line' id='line_1_29' title="bbox 337 2501 1718 2553; baseline 0.004 -14"><span class='ocrx_word' id='word_1_244' title='bbox 337 2501 391 2547; x_wconf 91' lang='lat' dir='ltr'>di,</span> <span class='ocrx_word' id='word_1_245' title='bbox 414 2502 563 2541; x_wconf 85' lang='lat' dir='ltr'>mutavi</span> <span class='ocrx_word' id='word_1_246' title='bbox 583 2503 789 2544; x_wconf 80' lang='lat' dir='ltr'>confilium</span> <span class='ocrx_word' id='word_1_247' title='bbox 805 2523 818 2550; x_wconf 66' lang='grc' dir='ltr'><strong><em>ς</em></strong></span> <span class='ocrx_word' id='word_1_248' title='bbox 849 2519 921 2545; x_wconf 91' lang='lat' dir='ltr'>nec</span> <span class='ocrx_word' id='word_1_249' title='bbox 941 2519 1006 2546; x_wconf 88' lang='lat' dir='ltr'>me</span> <span class='ocrx_word' id='word_1_250' title='bbox 1025 2506 1299 2546; x_wconf 76' lang='lat' dir='ltr'>Thefi‘alonica</span> <span class='ocrx_word' id='word_1_251' title='bbox 1319 2508 1533 2553; x_wconf 88' lang='lat' dir='ltr'>commovi,</span> <span class='ocrx_word' id='word_1_252' title='bbox 1557 2508 1625 2546; x_wconf 87' lang='lat' dir='ltr'>ubi</span> <span class='ocrx_word' id='word_1_253' title='bbox 1645 2507 1718 2545; x_wconf 81' lang='lat' dir='ltr'>effe</span> 
     </span>
    </p>
   </div>
  </div>
 </body>
</html>
