2243 3008
469 224 577 261 AD
634 222 1065 260 ATTICUM
1133 222 1401 266 LIB.X1.
1556 243 1631 283 303

248 321 470 366 discedere;
502 319 609 373 quod
642 319 778 357 scribis
814 328 851 356 te
885 317 1064 370 flagitari.
1113 320 1150 357 Ο
1186 334 1267 359 rem
1299 324 1504 363 miseram!
1537 328 1635 378 quid

250 386 449 424 scribam?
482 395 547 424 aut
576 385 673 436 quid
703 384 855 422 velim?
887 385 1008 423 Breve
1039 384 1210 431 faciam3
1243 387 1423 439 lacrymae
1457 392 1563 430 enirn
1598 393 1634 432 se

248 451 379 489 subito
398 449 659 503 profuderunt
678 465 686 488 :
720 449 795 489 tibi
814 449 1028 502 permitto,
1062 459 1104 489 tu
1126 451 1299 490 consule.
1332 455 1510 493 Tantum
1530 457 1631 503 vide,

246 529 295 553 ne
314 515 391 553 hoc
414 515 601 568 temporis
623 515 697 553 tibi
717 514 843 553 obeffe
863 514 1013 566 aliquid
1033 515 1161 567 poffit.
1195 517 1371 569 Ignosce,
1389 519 1549 558 obsecro
1570 531 1630 561 te:

246 594 324 618 non
346 581 497 633 poffum
518 594 595 633 prae
617 579 710 618 fletu
731 589 770 618 et
791 579 924 617 dolore
945 579 1093 619 diutius
1115 581 1155 619 in
1176 580 1253 620 hoc
1274 583 1362 621 loco
1378 587 1629 625 commorari.

245 647 424 684 Tantum
445 646 589 690 dicam,
621 644 723 682 nihil
744 643 846 683 mihi
864 645 1012 696 gratius
1033 645 1119 691 effe,
1150 659 1269 698 quam
1297 649 1404 700 quod
1431 663 1514 692 earn
1536 651 1631 688 dili·

242 711 318 763 giS.
361 712 480 763 Qod
501 712 646 756 literas,
677 711 823 763 quibus
844 719 956 762 putas
978 724 1076 763 opus
1097 711 1183 757 effe,
1215 726 1325 752 curas
1346 714 1503 761 dandas,
1534 715 1631 756 facis

244 778 468 815 commode.
516 778 716 827 Qintum
751 775 880 814 filium
916 775 996 813 vidi
1030 777 1099 828 qui
1135 778 1239 815 Sami
1273 778 1438 825 vidiffet,
1479 791 1630 833 patrem

244 843 431 893 Sicyone:
464 855 635 894 quorum
655 841 875 894 deprecatio
895 840 948 878 est
968 839 1111 880 facilis.
1146 842 1311 881 Utinam
1331 844 1407 889 illi,
1431 846 1500 898 qui
1520 848 1629 899 prius

241 907 359 945 illum
391 907 587 951 viderunt,
619 920 682 944 me
714 905 816 959 apud
843 919 934 943 eum
955 905 1078 944 velint
1098 907 1278 959 adjutum
1300 917 1469 955 tantum,
1502 925 1628 964 quan-

242 981 330 1009 tum
351 985 424 1023 ego
445 972 535 1009 illos
557 971 714 1016 vellem,
747 971 772 1010 s1
793 971 890 1023 quid
910 970 1072 1023 possem.
1116 972 1236 1023 Qod
1257 986 1383 1025 rogas,
1415 985 1458 1012 ut
1490 976 1530 1013 in
1554 977 1627 1015 bo-

242 1050 332 1074 nam
370 1046 518 1089 partem
551 1037 756 1089 accipiam,
798 1036 824 1073 fi
859 1049 935 1088 qua
970 1036 1043 1073 fint
1077 1037 1119 1075 in
1154 1037 1232 1075 tuis
1267 1038 1404 1084 literis,
1443 1053 1529 1092 quae
1564 1056 1627 1080 me

239 1102 444 1140 mordeant
463 1117 472 1140 ι
495 1116 568 1153 ego
588 1115 678 1139 vero
698 1102 739 1139 in
760 1102 976 1152 optimam,
1001 1110 1117 1154 teque
1138 1116 1233 1153 rogo
1254 1112 1298 1140 ut
1318 1113 1461 1155 aperte,
1483 1119 1626 1158 quem-

237 1166 451 1205 admodum
473 1166 584 1211 facis,
616 1166 758 1203 scribas
787 1165 834 1202 ad
863 1178 926 1202 me
955 1167 1252 1219 omnia,·idque
1278 1167 1396 1207 facias
1418 1183 1537 1222 quam
1558 1172 1626 1210 scc-

238 1231 403 1284 piffime.
438 1231 549 1269 Vale.
582 1244 660 1269 xlv
684 1230 851 1268 Kalend.
875 1230 1034 1281 Januar.

575 1431 817 1469 CrcERo
858 1430 1115 1468 ATT1co
1157 1430 1288 1471 SAL.

238 1559 354 1597 VIII.
469 1557 553 1594 UA
568 1557 609 1594 N
624 1558 661 1594 T
678 1558 695 1595 I
712 1558 735 1594 S
765 1557 869 1595 curis
890 1557 1035 1595 afficiar
1053 1557 1120 1595 etfi
1142 1557 1318 1610 profecto
1337 1560 1459 1607 vides,
1492 1571 1623 1602 tamen

486 1621 695 1674 cognosces
725 1635 772 1659 ex
800 1622 925 1673 Lepta
949 1631 989 1659 et
1009 1622 1213 1661 Trebatio.
1259 1623 1458 1663 Maximas
1487 1641 1622 1678 poenas

236 1689 364 1741 pendo
385 1688 614 1727 temeritatis
635 1701 758 1732 meae;
790 1701 909 1739 quam
931 1697 973 1725 tu
994 1687 1242 1740 prudentiam
1268 1689 1369 1728 mihi
1391 1691 1513 1730 videri
1533 1694 1589 1731 vis
1608 1708 1620 1732 :

235 1767 362 1805 neque
393 1763 429 1790 te
460 1752 646 1797 deterreo,
679 1766 758 1804 quo
787 1752 920 1790 minus
950 1751 990 1789 id
1020 1752 1208 1804 disputes,
1239 1753 1457 1806 scribasque
1483 1757 1530 1794 ad
1558 1771 1622 1797 me

235 1832 353 1870 quam
389 1817 600 1870 saepiffime.
648 1816 848 1855 Nonnihil
883 1818 989 1855 enim
1024 1831 1088 1855 me
1122 1817 1251 1856 levant
1285 1828 1360 1857 tuae
1392 1820 1511 1860 literae
1543 1821 1621 1861 hoc

235 1895 423 1936 tempore.
463 1884 534 1920 Per
553 1896 633 1928 eos,
664 1883 734 1934 qui
757 1882 883 1920 nostra
901 1883 1012 1920 causa
1030 1883 1185 1930 volunt,
1217 1883 1424 1937 valentque
1441 1886 1547 1938 ⁴apud
1568 1888 1620 1926 il-

232 1950 333 1993 lum,
351 1948 644 2000 diligentissime
663 1947 875 1986 contendas
896 1961 994 2000 opus
1015 1947 1083 1993 est,
1100 1961 1170 2000 per
1188 1949 1359 1987 Balbum
1379 1960 1418 1988 et
1439 1952 1621 2004 Oppium

232 2015 418 2058 maxime,
441 2023 484 2051 ut
505 2013 552 2051 de
573 2027 636 2051 me
656 2013 826 2052 scribant
845 2026 966 2065 quam
985 2013 1295 2065 diligentiffime.
1327 2015 1622 2068 oppugnamur

231 2080 353 2124 enim,
377 2088 421 2116 ut
441 2079 571 2123 audio,
593 2089 631 2116 et
652 2092 671 2116 a
692 2078 945 2131 praesentibus
965 2078 1217 2131 quibusdam,
1237 2088 1276 2117 et
1298 2093 1365 2131 per
1384 2081 1536 2120 literas:
1567 2083 1616 2120 iis

232 2146 285 2182 ita
305 2144 606 2188 occurrendum,
638 2154 682 2182 ut
703 2145 757 2182 rei
778 2144 1011 2196 magnitudo
1031 2144 1214 2197 postulat.
1249 2145 1420 2183 Furnius
1441 2146 1493 2184 est
1514 2147 1620 2192 illic,

232 2208 332 2247 mihi
353 2210 658 2247 inimiciffimus.
684 2210 861 2261 Qin'tus
883 2210 987 2248 misit
1007 2209 1138 2248 filium
1154 2223 1232 2247 non
1254 2210 1381 2247 solum
1397 2210 1453 2248 sui
1475 2211 1614 2264 depre-

231 2284 417 2318 catorem,
449 2274 511 2312 sed
531 2275 649 2319 etiam
678 2275 940 2319 accusatorem
960 2276 1054 2312 mei.
1101 2275 1281 2319 Diffitat*
1299 2274 1336 2311 se
1367 2287 1388 2312 a
1418 2289 1481 2313 me
1512 2277 1615 2328 apud

233 2337 422 2376 Caesarem
450 2341 696 2390 oppugnari3
729 2340 836 2392 quod
864 2339 1009 2378 refellit
1031 2339 1154 2377 Caesar
1171 2338 1268 2390 ipse,
1299 2340 1511 2392 omnesque
1530 2343 1613 2393 ejus

230 2402 369 2443 amici:
403 2415 528 2454 neque
550 2417 638 2440 vero
657 2403 814 2449 defistit,
845 2405 1075 2456 ubicunque
1093 2403 1161 2449 est,
1192 2404 1325 2442 omnia
1344 2405 1385 2442 in
1408 2419 1469 2443 me
1488 2408 1614 2445 male-

225 2467 330 2505 dieta
351 2465 541 2505 conferre.
589 2465 709 2505 Nihil
738 2467 842 2508 mihi
873 2481 1048 2522 unquam
1080 2477 1160 2507 tam
1191 2468 1424 2508 incredibile
1452 2470 1610 2516 accidit,
1645 2493 1650 2498 -
