2243 3008
544 249 651 288 AD
709 248 1138 288 ATTICUM
1206 250 1346 289 ΜΒ.
1399 253 1469 291 1v.
1629 267 1701 307 105

311 347 359 386 de
379 347 439 387 his
460 348 589 392 rebus,
619 355 658 386 et
679 347 726 386 de
746 347 947 392 omnibus,
978 347 1156 400 quotidie
1177 349 1333 388 scribas,
1381 351 1463 389 Ubi
1493 350 1594 390 nihil
1618 353 1691 390 erit

316 413 422 465 quod
442 412 598 458 scribas,
628 412 671 451 id
690 413 819 466 ipsum
840 412 1014 452 scribito.
1048 413 1152 452 Cura
1173 424 1216 453 ut
1236 415 1374 455 valeas.

650 615 891 653 CICERO
932 615 1186 653 Αττιοο
1228 616 1357 655 SAL.

311 740 385 778 IX.
411 740 559 811 SAN
574 743 607 780 E
630 742 748 780 velim
769 741 864 780 scire
884 756 981 781 num
1001 742 1160 782 censum
1182 743 1399 796 impediant
1415 744 1588 783 Tribuni
1610 745 1693 783 die-

488 807 559 845 bus
581 807 778 853 vitiandis,
799 807 871 859 (est
890 809 997 846 enim
1018 808 1084 846 hic
1106 809 1257 858 rumor)
1278 818 1436 862 totaque
1457 810 1504 849 de
1525 811 1697 849 Censura

314 870 411 921 quid
438 881 566 924 agant,
598 872 695 924 quid
722 873 912 924 cogitent.
963 874 1049 912 Nos
1080 872 1147 911 h'ic
1179 887 1272 912 cum
1305 875 1496 927 Pompeio
1527 874 1692 913 fuimus.

313 935 448 974 Multa
467 950 625 974 mecum
645 937 692 974 de
713 938 928 990 republica,
960 938 1046 976 sane
1076 938 1144 976 fibi
1177 938 1402 990 displicens,
1435 949 1479 977 ut
1505 940 1694 993 loqueba-

307 1009 390 1045 tur,
425 1001 493 1054 (fic
514 1001 567 1039 est
586 1003 692 1040 enim
719 1003 759 1040 in
789 1002 865 1040 hoc
890 1003 1052 1041 homine
1072 1004 1303 1054 dicendum)
1328 1005 1476 1055 Syriam
1498 1006 1694 1058 spernens,

312 1066 546 1118 Hispaniam
571 1068 747 1118 jactans:
791 1068 858 1105 hic
892 1082 1064 1121 quoque,
1097 1079 1140 1106 ut
1174 1069 1435 1121 loquebatur;
1467 1080 1505 1109 et
1539 1072 1694 1123 opinor,

311 1130 588 1183 usquequaque
609 1131 656 1169 de
675 1131 751 1170 hoc
772 1146 865 1171 curn
885 1133 1077 1180 dicemus,
1096 1135 1140 1172 fit
1160 1133 1358 1187 hoquuafi
1375 1133 1401 1188 ᾖ
1420 1129 1486 1170 τόδὲ
1501 1129 1692 1174 Φωκυλίὸόῑ

313 1195 388 1233 tibi
422 1196 540 1233 etiam
569 1197 710 1248 gratias
742 1198 893 1249 agebat,
927 1198 1034 1251 quod
1066 1199 1170 1250 figna
1203 1199 1475 1251 componenda
1509 1199 1696 1251 suscepis—

312 1261 395 1300 ses:
428 1262 469 1299 in
499 1275 568 1300 nos
598 1276 688 1300 vero
716 1262 929 1301 suaviffirne
958 1262 1117 1302 hercule
1148 1263 1306 1303 effusus.
1352 1265 1475 1302 Venit
1503 1265 1621 1303 etiam
1650 1266 1696 1302 ad

311 1339 376 1364 me
396 1326 437 1364 in
459 1327 686 1365 Cumanum
707 1340 726 1364 a
747 1328 783 1365 se
802 1343 810 1365 :
843 1327 945 1366 nihil
965 1329 1098 1367 minus
1119 1329 1218 1367 velle
1239 1328 1341 1366 mihi
1361 1329 1462 1367 visus
1484 1328 1550 1373 est,
1577 1343 1696 1381 quam

313 1391 535 1430 Meffallam
565 1392 826 1432 Consulatum
854 1403 1012 1447 petere3
1044 1394 1091 1432 de
1125 1407 1205 1447 quo
1233 1394 1317 1446 ipso
1345 1394 1371 1432 fi
1392 1394 1488 1447 quid
1510 1394 1597 1439 scis,
1628 1408 1694 1433 ve-

313 1456 385 1495 lim
425 1457 533 1496 scire.
590 1458 710 1510 Qod
740 1460 914 1497 Lucceio
941 1459 1076 1497 scribis
1110 1468 1148 1503 te
1177 1459 1344 1497 nostram
1377 1460 1544 1512 gloriam
1582 1473 1695 1498 com-

311 1523 604 1568 mendaturum,
635 1533 674 1562 et
705 1525 916 1563 aedificium
944 1525 1119 1564 nostrum
1147 1525 1253 1578 quod
1273 1526 1410 1563 crebro
1429 1525 1576 1570 invisis,
1606 1539 1695 1578 gra-

311 1596 412 1626 tum.
459 1589 634 1639 Qintus
665 1588 783 1627 frater
811 1590 858 1627 ad
887 1603 950 1628 me
975 1590 1137 1642 scripfit,
1169 1589 1220 1635 se,
1251 1590 1438 1642 quoniam
1462 1591 1695 1629 Ciceronem

313 1651 577 1690 suaviffimum
598 1652 728 1691 secum
749 1653 923 1699 haberet,
951 1654 997 1691 ad
1019 1664 1056 1691 te
1077 1654 1207 1692 Nonis
1230 1655 1330 1692 Maii
1350 1664 1575 1693 venturum.
1595 1652 1697 1707 ¹Ego

313 1730 375 1755 me
395 1717 442 1754 de
471 1718 652 1756 Cumano
682 1719 788 1756 movi
818 1729 906 1757 ante
926 1718 1030 1756 diem
1054 1733 1076 1755 v
1100 1719 1189 1757 Kal.
1214 1719 1314 1757 Maii
1334 1735 1342 1757 :
1375 1733 1420 1757 eo
1441 1719 1503 1757 die
1525 1720 1695 1772 Neapoli

312 1782 414 1834 apud
435 1783 590 1820 Laetum
611 1797 619 1820 :
652 1793 740 1821 ante
761 1784 865 1823 diem
889 1799 932 1823 ιν
957 1783 1046 1823 Kal.
1070 1784 1186 1829 Maii,
1218 1785 1300 1823 iens
1330 1785 1370 1825 in
1393 1785 1694 1837 Pompeianum,

313 1848 410 1885 bene
430 1860 542 1886 mane
563 1846 645 1886 haec
667 1849 811 1902 scripfi.

650 2053 891 2091 C1cER0
934 2053 1188 2090 ATT1co
1232 2053 1360 2089 SAL.

311 2180 363 2218 X.
389 2178 443 2251 P
458 2179 740 2218 UTEOLIS
762 2193 927 2233 magnus
948 2181 1000 2218 est
1022 2194 1154 2219 rumor
1172 2180 1429 2218 Ptolemaeum
1451 2179 1521 2217 effe
1543 2181 1581 2217 in
1605 2194 1691 2231 reg-

468 2258 518 2282 no
537 2259 545 2282 :
578 2245 604 2282 s1
625 2245 720 2297 quid
742 2244 860 2283 habes
881 2247 1041 2290 certius,
1074 2246 1192 2283 velim
1215 2245 1322 2282 scire.
1367 2246 1453 2296 Ego
1474 2243 1539 2282 hic
1560 2245 1693 2297 pascor

315 2309 555 2348 bibliotheca
588 2311 733 2350 Fausti.
780 2311 949 2350 Fortasse
978 2321 1021 2349 tu
1057 2312 1233 2363 putabas,
1265 2310 1326 2348 his
1359 2311 1472 2348 rebus
1509 2310 1691 2348 Puteola-

316 2376 374 2413 nis
395 2384 434 2412 et
454 2376 773 2416 Lucrinenfibus.
821 2378 885 2420 Ne
915 2377 982 2415 ista
1008 2377 1170 2430 quidem
1190 2376 1327 2414 desunt
1346 2391 1354 2414 ε
1387 2375 1450 2413 sed
1471 2375 1694 2414 mehercule

315 2456 334 2478 a
367 2441 514 2479 caeteris
552 2442 880 2481 oblectationibus
922 2444 1085 2488 deseror,
1131 2452 1169 2481 et
1208 2442 1491 2495 voluptatibus,
1535 2451 1694 2494 propter

316 2505 648 2557 Rempublicam;
680 2508 730 2546 fic
751 2509 873 2547 literis
896 2509 1084 2547 sustentor
1103 2519 1140 2547 et
1163 2522 1333 2553 recreor;
1365 2507 1547 2559 maloque
1567 2507 1605 2544 in
1629 2506 1696 2543 illa

402 2573 540 2610 TOM.
575 2571 690 2610 VIII.
1362 2574 1398 2609 O
