2243 3008
451 273 498 310 14
790 257 1480 298 EPISTOLARUM

445 359 532 399 fint.
579 360 693 398 Tuus
723 367 853 396 autem
885 358 951 396 ille
978 357 1127 396 amicus
1149 357 1262 410 (scin'
1283 370 1402 409 quem
1423 356 1552 395 dicam
1570 357 1585 395 ?
1615 355 1662 394 de
1682 368 1762 409 quo
1783 364 1827 394 tu

444 425 491 463 ad
521 439 583 464 me
616 424 807 477 scripsisti,
841 424 968 476 postea
993 436 1113 476 quam
1140 436 1218 461 non
1239 423 1395 461 auderet
1415 422 1708 476 reprehendere,
1739 422 1826 460 lau-

444 479 532 529 dare
566 490 738 543 coepiss‘e)
780 503 864 535 nos,
896 499 940 527 ut
971 489 1154 534 ostendit,
1186 488 1398 527 admodum
1432 489 1580 542 diligit,
1619 488 1825 541 ampleffi-

445 565 524 600 tur,
555 564 672 600 amat,
702 565 832 608 aperte
864 554 1021 598 laudat;
1053 554 1223 599 occulte,
1255 553 1318 592 sed
1345 554 1400 591 ita
1428 562 1472 591 ut
1491 554 1743 607 perspicuum
1764 552 1824 596 fit,

442 621 618 660 invidet:
651 620 752 659 nihil
779 634 906 665 come,
939 618 1039 658 nihil
1071 619 1250 671 simplex,
1282 618 1384 663 nihil
1415 622 1450 656 eo
1469 620 1525 657 πῖς
1544 617 1722 656 πολιτικοῖς
1749 617 1825 656 ho-

444 686 612 731 nestum,
644 685 746 723 nihil
766 685 928 730 illustre,
961 683 1062 723 nihil
1083 684 1199 730 forte,
1231 684 1333 723 nihil
1354 685 1540 723 liberum.
1583 684 1657 722 Sed
1677 682 1759 722 haec
1780 681 1828 720 ad

442 761 482 791 te
504 752 668 790 scribam
688 752 779 790 alias
807 751 1018 790 subtilius:
1051 764 1142 789 nam
1173 763 1300 803 neque
1326 750 1454 789 adhuc
1484 749 1585 789 mihi
1617 750 1705 788 satis
1735 758 1827 787 nota

443 818 560 863 sunt;
592 826 630 855 et
650 816 744 855 huic
766 826 873 856 terrae
894 817 978 855 filio
998 817 1128 854 nescio
1147 817 1212 854 cui
1238 817 1488 855 committere
1512 815 1716 869 epistolam
1738 824 1825 853 tan-

440 884 490 921 tis
523 883 570 921 de
600 883 714 920 rebus
748 896 825 920 non
852 883 988 920 audeo.
1036 882 1259 920 Provincias
1289 891 1470 935 proetores
1501 881 1678 920 nondum
1700 880 1826 918 sortiti

442 948 531 986 sunt
549 962 558 985 :
591 961 649 985 res
669 947 807 985 eodem
827 947 880 985 est
901 947 993 991 loci,
1024 959 1104 998 quo
1125 947 1331 998 reliquisti.
1375 942 1567 984 rameseiam
1594 957 1714 998 quam
1735 944 1827 997 pos-

440 1013 556 1057 tulas,
590 1011 735 1050 Miseni
767 1021 805 1049 et
838 1012 1093 1050 Puteolorum
1128 1011 1330 1049 includam
1361 1010 1528 1048 orationi
1563 1023 1673 1049 meae.
1719 1011 1827 1048 Ante

439 1078 478 1115 d.
507 1090 578 1114 111.
603 1077 712 1115 Non.
744 1076 938 1114 Decemb.
969 1074 1153 1114 mendose
1178 1074 1289 1114 fuisse
1317 1075 1680 1114 animadverteram.
1726 1075 1825 1125 Qae

439 1142 570 1180 laudas
591 1155 637 1180 ex
659 1141 922 1186 orationibus,
953 1140 1054 1178 mihi
1077 1140 1203 1186 crede,
1235 1141 1345 1179 valde
1365 1140 1467 1179 mihi
1495 1141 1730 1193 placebant;
1763 1140 1826 1178 sed

439 1221 519 1245 non
555 1206 744 1245 audebam
779 1216 889 1244 antea
921 1206 1077 1245 dicere:
1122 1220 1227 1244 nunc
1261 1220 1366 1252 vero,
1398 1206 1505 1258 quod
1538 1220 1558 1244 a
1592 1216 1631 1244 te
1663 1206 1826 1259 probata

440 1273 544 1317 sunt,
575 1272 704 1310 multo
724 1271 826 1310 mihi
845 1267 1032 1321 ἄθικῶτερα
1052 1271 1248 1311 videntur.
1293 1273 1339 1311 In
1361 1272 1471 1310 illam
1491 1273 1709 1310 orationem
1730 1272 1825 1310 Me-

439 1339 617 1377 tellinam
653 1338 785 1376 addidi
818 1337 1024 1391 quaedam:
1071 1338 1171 1376 liber
1206 1338 1280 1376 tibi
1319 1339 1514 1383 mittetur,
1559 1338 1748 1390 quoniam
1788 1347 1826 1376 te

439 1418 548 1443 amor
569 1403 687 1442 nostri
716 1401 899 1454 φιλορήπρα.
925 1403 1108 1442 reddidit.
1155 1404 1263 1443 Novi
1297 1405 1370 1442 tibi
1401 1403 1592 1458 quidnam
1624 1404 1824 1442 scribam?

438 1469 536 1523 quid
556 1470 706 1507 etiam?
739 1467 900 1507 Meffala
927 1468 1075 1507 Consul
1097 1470 1384 1508 Autronianam
1413 1469 1577 1508 domum
1601 1469 1699 1508 emit
1730 1469 1824 1507 H-S

441 1547 739 1573 ccccxxxvn.
789 1533 900 1585 Qid
934 1533 973 1584 id
1006 1533 1053 1572 ad
1087 1548 1165 1580 me,
1208 1535 1395 1588 inquies?
1439 1544 1608 1579 tantum,
1639 1533 1747 1586 quod
1780 1547 1825 1572 ea

437 1601 637 1652 emptione
667 1609 705 1637 et
734 1611 804 1636 nos
833 1599 930 1636 bene
959 1598 1091 1637 emiffe
1113 1599 1283 1652 judicati
1303 1599 1466 1644 sumus;
1497 1609 1536 1637 et
1555 1599 1738 1637 homines
1758 1599 1823 1637 in-

437 1665 613 1717 telligere
647 1674 866 1716 coeperunt,
898 1664 1014 1702 licere
1048 1665 1267 1703 amicorum
1295 1664 1552 1703 facultatibus
1584 1665 1624 1702 in
1656 1663 1824 1702 emendo

436 1730 482 1768 ad
503 1729 737 1781 dignitatem
759 1728 931 1780 aliquam
958 1729 1173 1781 pervenire.
1219 1730 1387 1768 Teucris
1418 1729 1485 1767 illa
1513 1729 1667 1767 lentum
1700 1742 1823 1780 nego-

436 1796 539 1833 tium
559 1794 626 1839 est,
658 1793 721 1832 sed
742 1803 870 1832 tamen
892 1794 945 1832 est
966 1795 1006 1831 in
1029 1794 1092 1846 spe
1111 1809 1120 1832 :
1153 1804 1195 1832 tu
1217 1794 1285 1832 ista
1305 1794 1470 1833 confice.
1517 1796 1552 1832 A
1576 1794 1689 1832 nobis
1716 1794 1820 1831 libe-

436 1861 579 1899 riorem
608 1859 810 1911 epistolam
839 1861 1012 1912 expecta.
1047 1873 1108 1898 v1.
1138 1860 1305 1899 Kalend.
1340 1860 1458 1899 Febr.
1504 1860 1569 1899 M.
1593 1859 1753 1899 Meffala
1783 1869 1822 1898 et

439 1927 501 1966 M.
527 1926 664 1965 Pisone
685 1926 790 1965 Coff.

770 2128 1011 2165 Cictno
1053 2129 1306 2165 Αττιοο
1349 2129 1479 2166 SAL.

438 2256 550 2294 xlv,
574 2253 891 2324 VERDOR
924 2269 971 2294 ne
998 2256 1182 2309 putidum
1204 2256 1247 2294 [ιε
1271 2255 1433 2294 scribere
1458 2256 1503 2294 ad
1526 2266 1577 2301 te,
1609 2270 1727 2309 quam
1750 2257 1818 2294 lim

653 2331 891 2374 occupatus:
916 2321 976 2360 sed
999 2331 1128 2360 tamen
1149 2322 1372 2367 distinebar,
1396 2332 1437 2360 ut
1459 2321 1552 2360 huic
1574 2323 1637 2361 vix
1661 2323 1821 2360 tantulae

436 2387 605 2439 epistola:
629 2397 783 2440 tempus
804 2386 1024 2433 habuerim,
1056 2398 1171 2441 atque
1195 2388 1231 2426 id
1252 2398 1430 2440 ereptum
1457 2402 1478 2426 e
1509 2389 1669 2427 summis
1697 2403 1819 2427 occu-

437 2454 676 2506 pationibus.
726 2453 856 2492 Prima
881 2455 1022 2493 concio
1044 2454 1222 2507 Pompeii
1243 2455 1369 2508 qualis
1392 2454 1534 2498 fuiss‘et.
1568 2455 1694 2507 scripsi
1716 2455 1762 2492 ad
1784 2464 1822 2493 te

431 2529 561 2564 antea,
585 2533 660 2559 non
678 2519 855 2572 jucunda
874 2521 1038 2566 miseris,
1072 2522 1196 2560 inanis
1218 2521 1423 2573 improbis,
1457 2521 1577 2559 beatis
1599 2534 1676 2559 non
1697 2529 1820 2572 grata,
