<?xml version="1.0" encoding="UTF-8"?>
<!DOCTYPE html PUBLIC "-//W3C//DTD XHTML 1.0 Transitional//EN"
    "http://www.w3.org/TR/xhtml1/DTD/xhtml1-transitional.dtd">
<html xmlns="http://www.w3.org/1999/xhtml" xml:lang="en" lang="en">
 <head>
  <title>
</title>
<meta http-equiv="Content-Type" content="text/html;charset=utf-8" />
  <meta name='ocr-system' content='tesseract 3.04.00' />
  <meta name='ocr-capabilities' content='ocr_page ocr_carea ocr_par ocr_line ocrx_word'/>
</head>
<body>
  <div class='ocr_page' id='page_1' title='image "./operacumindicibu08ciceuoft_0452.png"; bbox 0 0 2243 3008; ppageno 0'>
   <div class='ocr_carea' id='block_1_1' title="bbox 443 232 1485 284">
    <p class='ocr_par' dir='ltr' id='par_1_1' title="bbox 443 232 1485 284">
     <span class='ocr_line' id='line_1_1' title="bbox 443 232 1485 284; baseline 0.003 -14"><span class='ocrx_word' id='word_1_1' title='bbox 443 246 524 284; x_wconf 84' lang='lat'>444</span> <span class='ocrx_word' id='word_1_2' title='bbox 792 232 1485 273; x_wconf 87' lang='lat' dir='ltr'>EPISTOLARUM</span> 
     </span>
    </p>
   </div>
   <div class='ocr_carea' id='block_1_2' title="bbox 431 327 1833 1624">
    <p class='ocr_par' dir='ltr' id='par_1_2' title="bbox 431 327 1833 1624">
     <span class='ocr_line' id='line_1_2' title="bbox 443 327 1833 382; baseline 0.001 -16"><span class='ocrx_word' id='word_1_3' title='bbox 443 329 601 382; x_wconf 87' lang='lat' dir='ltr'>quando</span> <span class='ocrx_word' id='word_1_4' title='bbox 622 328 728 367; x_wconf 91' lang='lat' dir='ltr'>enim</span> <span class='ocrx_word' id='word_1_5' title='bbox 750 328 866 366; x_wconf 85' lang='lat' dir='ltr'>illum</span> <span class='ocrx_word' id='word_1_6' title='bbox 886 330 899 366; x_wconf 93' lang='lat'>?</span> <span class='ocrx_word' id='word_1_7' title='bbox 931 329 993 366; x_wconf 87' lang='lat' dir='ltr'>sed</span> <span class='ocrx_word' id='word_1_8' title='bbox 1015 327 1188 367; x_wconf 89' lang='lat' dir='ltr'>humana</span> <span class='ocrx_word' id='word_1_9' title='bbox 1206 327 1391 367; x_wconf 86' lang='lat' dir='ltr'>ferenda:</span> <span class='ocrx_word' id='word_1_10' title='bbox 1426 338 1467 367; x_wconf 91' lang='lat' dir='ltr'>tu</span> <span class='ocrx_word' id='word_1_11' title='bbox 1498 328 1579 382; x_wconf 87' lang='lat' dir='ltr'>ipse</span> <span class='ocrx_word' id='word_1_12' title='bbox 1610 341 1702 368; x_wconf 87' lang='lat' dir='ltr'>eum</span> <span class='ocrx_word' id='word_1_13' title='bbox 1723 329 1833 369; x_wconf 83' lang='lat' dir='ltr'>vide·</span> 
     </span>
     <span class='ocr_line' id='line_1_3' title="bbox 443 392 1833 446; baseline -0.001 -14"><span class='ocrx_word' id='word_1_14' title='bbox 443 408 484 432; x_wconf 89' lang='lat' dir='ltr'>re</span> <span class='ocrx_word' id='word_1_15' title='bbox 505 408 582 432; x_wconf 90' lang='lat' dir='ltr'>non</span> <span class='ocrx_word' id='word_1_16' title='bbox 607 403 730 446; x_wconf 85' lang='lat' dir='ltr'>potes.</span> <span class='ocrx_word' id='word_1_17' title='bbox 778 393 848 431; x_wconf 90' lang='lat' dir='ltr'>Dii</span> <span class='ocrx_word' id='word_1_18' title='bbox 881 393 942 430; x_wconf 90' lang='lat' dir='ltr'>illi</span> <span class='ocrx_word' id='word_1_19' title='bbox 964 402 1137 437; x_wconf 88' lang='lat' dir='ltr'>mortuo,</span> <span class='ocrx_word' id='word_1_20' title='bbox 1167 393 1238 445; x_wconf 90' lang='lat' dir='ltr'>qui</span> <span class='ocrx_word' id='word_1_21' title='bbox 1259 406 1435 445; x_wconf 88' lang='lat' dir='ltr'>unquam</span> <span class='ocrx_word' id='word_1_22' title='bbox 1454 392 1713 433; x_wconf 86' lang='lat' dir='ltr'>Buthrotum.</span> <span class='ocrx_word' id='word_1_23' title='bbox 1760 393 1833 432; x_wconf 89' lang='lat' dir='ltr'>Sed</span> 
     </span>
     <span class='ocr_line' id='line_1_4' title="bbox 442 457 1832 510; baseline -0.001 -12"><span class='ocrx_word' id='word_1_24' title='bbox 442 462 524 498; x_wconf 72' lang='lat' dir='ltr'>afta</span> <span class='ocrx_word' id='word_1_25' title='bbox 545 459 680 498; x_wconf 81' lang='lat' dir='ltr'>missa:</span> <span class='ocrx_word' id='word_1_26' title='bbox 712 459 912 497; x_wconf 87' lang='lat' dir='ltr'>videamus</span> <span class='ocrx_word' id='word_1_27' title='bbox 943 472 1030 510; x_wconf 86' lang='lat' dir='ltr'>quae</span> <span class='ocrx_word' id='word_1_28' title='bbox 1059 458 1207 509; x_wconf 85' lang='lat' dir='ltr'>agenda</span> <span class='ocrx_word' id='word_1_29' title='bbox 1235 457 1323 496; x_wconf 86' lang='lat' dir='ltr'>fint.</span> <span class='ocrx_word' id='word_1_30' title='bbox 1367 459 1555 497; x_wconf 87' lang='lat' dir='ltr'>Rationes</span> <span class='ocrx_word' id='word_1_31' title='bbox 1586 461 1734 505; x_wconf 85' lang='lat' dir='ltr'>Erotis,</span> <span class='ocrx_word' id='word_1_32' title='bbox 1765 459 1832 497; x_wconf 83' lang='lat' dir='ltr'>etsi</span> 
     </span>
     <span class='ocr_line' id='line_1_5' title="bbox 443 522 1832 578; baseline -0.001 -15"><span class='ocrx_word' id='word_1_33' title='bbox 443 525 572 578; x_wconf 88' lang='lat' dir='ltr'>ipsum</span> <span class='ocrx_word' id='word_1_34' title='bbox 594 525 772 563; x_wconf 89' lang='lat' dir='ltr'>nondum</span> <span class='ocrx_word' id='word_1_35' title='bbox 794 525 890 568; x_wconf 91' lang='lat' dir='ltr'>vidi,</span> <span class='ocrx_word' id='word_1_36' title='bbox 922 532 1051 560; x_wconf 88' lang='lat' dir='ltr'>tamen</span> <span class='ocrx_word' id='word_1_37' title='bbox 1073 531 1111 560; x_wconf 90' lang='lat' dir='ltr'>et</span> <span class='ocrx_word' id='word_1_38' title='bbox 1141 535 1189 560; x_wconf 89' lang='lat' dir='ltr'>ex</span> <span class='ocrx_word' id='word_1_39' title='bbox 1216 522 1339 559; x_wconf 88' lang='lat' dir='ltr'>literis</span> <span class='ocrx_word' id='word_1_40' title='bbox 1360 523 1458 574; x_wconf 82' lang='lat' dir='ltr'>ejus,</span> <span class='ocrx_word' id='word_1_41' title='bbox 1489 532 1528 562; x_wconf 90' lang='lat' dir='ltr'>et</span> <span class='ocrx_word' id='word_1_42' title='bbox 1555 538 1604 562; x_wconf 85' lang='lat' dir='ltr'>ex</span> <span class='ocrx_word' id='word_1_43' title='bbox 1633 538 1694 569; x_wconf 90' lang='lat' dir='ltr'>eo,</span> <span class='ocrx_word' id='word_1_44' title='bbox 1724 524 1832 577; x_wconf 91' lang='lat' dir='ltr'>quod</span> 
     </span>
     <span class='ocr_line' id='line_1_6' title="bbox 442 586 1830 642; baseline -0.001 -14"><span class='ocrx_word' id='word_1_45' title='bbox 442 591 543 628; x_wconf 88' lang='lat' dir='ltr'>Tiro</span> <span class='ocrx_word' id='word_1_46' title='bbox 564 590 766 642; x_wconf 83' lang='lat' dir='ltr'>cognovit,</span> <span class='ocrx_word' id='word_1_47' title='bbox 798 588 1085 641; x_wconf 85' lang='lat' dir='ltr'>propemodum</span> <span class='ocrx_word' id='word_1_48' title='bbox 1106 587 1284 639; x_wconf 87' lang='lat' dir='ltr'>cognitas</span> <span class='ocrx_word' id='word_1_49' title='bbox 1313 586 1454 625; x_wconf 85' lang='lat' dir='ltr'>habeo.</span> <span class='ocrx_word' id='word_1_50' title='bbox 1497 588 1706 627; x_wconf 89' lang='lat' dir='ltr'>Versuram</span> <span class='ocrx_word' id='word_1_51' title='bbox 1735 589 1830 627; x_wconf 89' lang='lat' dir='ltr'>scri-</span> 
     </span>
     <span class='ocr_line' id='line_1_7' title="bbox 442 651 1828 705; baseline -0.001 -11"><span class='ocrx_word' id='word_1_52' title='bbox 442 656 502 693; x_wconf 87' lang='lat' dir='ltr'>bis</span> <span class='ocrx_word' id='word_1_53' title='bbox 524 656 596 694; x_wconf 81' lang='lat' dir='ltr'>effe</span> <span class='ocrx_word' id='word_1_54' title='bbox 615 654 833 693; x_wconf 78' lang='lat' dir='ltr'>faciendam</span> <span class='ocrx_word' id='word_1_55' title='bbox 856 653 1047 691; x_wconf 76' lang='lat' dir='ltr'>mentium</span> <span class='ocrx_word' id='word_1_56' title='bbox 1070 653 1262 705; x_wconf 88' lang='lat' dir='ltr'>quinque,</span> <span class='ocrx_word' id='word_1_57' title='bbox 1293 651 1334 689; x_wconf 92' lang='lat' dir='ltr'>id</span> <span class='ocrx_word' id='word_1_58' title='bbox 1355 652 1408 690; x_wconf 89' lang='lat' dir='ltr'>est</span> <span class='ocrx_word' id='word_1_59' title='bbox 1428 651 1474 689; x_wconf 91' lang='lat' dir='ltr'>ad</span> <span class='ocrx_word' id='word_1_60' title='bbox 1504 653 1594 691; x_wconf 90' lang='lat' dir='ltr'>Kal.</span> <span class='ocrx_word' id='word_1_61' title='bbox 1627 653 1828 692; x_wconf 88' lang='lat' dir='ltr'>Novemb.</span> 
     </span>
     <span class='ocr_line' id='line_1_8' title="bbox 441 717 1829 769; baseline -0.002 -10"><span class='ocrx_word' id='word_1_62' title='bbox 441 721 535 759; x_wconf 88' lang='lat' dir='ltr'>H-S</span> <span class='ocrx_word' id='word_1_63' title='bbox 559 734 611 759; x_wconf 90' lang='lat' dir='ltr'>cc</span> <span class='ocrx_word' id='word_1_64' title='bbox 630 739 641 765; x_wconf 68' lang='grc' dir='ltr'><strong><em>ς</em></strong></span> <span class='ocrx_word' id='word_1_65' title='bbox 674 721 714 757; x_wconf 87' lang='lat' dir='ltr'>in</span> <span class='ocrx_word' id='word_1_66' title='bbox 735 733 819 757; x_wconf 89' lang='lat' dir='ltr'>eam</span> <span class='ocrx_word' id='word_1_67' title='bbox 841 718 946 756; x_wconf 91' lang='lat' dir='ltr'>diem</span> <span class='ocrx_word' id='word_1_68' title='bbox 968 718 1102 756; x_wconf 89' lang='lat' dir='ltr'>cadere</span> <span class='ocrx_word' id='word_1_69' title='bbox 1124 731 1325 762; x_wconf 85' lang='lat' dir='ltr'>nummos,</span> <span class='ocrx_word' id='word_1_70' title='bbox 1356 717 1427 769; x_wconf 84' lang='lat' dir='ltr'>qui</span> <span class='ocrx_word' id='word_1_71' title='bbox 1456 731 1477 755; x_wconf 87' lang='lat' dir='ltr'>a</span> <span class='ocrx_word' id='word_1_72' title='bbox 1498 718 1653 769; x_wconf 87' lang='lat' dir='ltr'>Qinto</span> <span class='ocrx_word' id='word_1_73' title='bbox 1682 718 1829 756; x_wconf 90' lang='lat' dir='ltr'>deben-</span> 
     </span>
     <span class='ocr_line' id='line_1_9' title="bbox 440 783 1830 837; baseline -0.002 -12"><span class='ocrx_word' id='word_1_74' title='bbox 440 796 518 825; x_wconf 86' lang='lat' dir='ltr'>tur.</span> <span class='ocrx_word' id='word_1_75' title='bbox 558 787 689 824; x_wconf 86' lang='lat' dir='ltr'>Velim</span> <span class='ocrx_word' id='word_1_76' title='bbox 712 786 848 837; x_wconf 84' lang='lat' dir='ltr'>igitur,</span> <span class='ocrx_word' id='word_1_77' title='bbox 884 785 1091 837; x_wconf 86' lang='lat' dir='ltr'>(quoniam</span> <span class='ocrx_word' id='word_1_78' title='bbox 1112 784 1213 822; x_wconf 90' lang='lat' dir='ltr'>Tiro</span> <span class='ocrx_word' id='word_1_79' title='bbox 1233 793 1349 836; x_wconf 89' lang='lat' dir='ltr'>negat</span> <span class='ocrx_word' id='word_1_80' title='bbox 1371 783 1444 821; x_wconf 89' lang='lat' dir='ltr'>tibi</span> <span class='ocrx_word' id='word_1_81' title='bbox 1466 783 1632 836; x_wconf 88' lang='lat' dir='ltr'>placere,</span> <span class='ocrx_word' id='word_1_82' title='bbox 1662 797 1727 822; x_wconf 88' lang='lat' dir='ltr'>me</span> <span class='ocrx_word' id='word_1_83' title='bbox 1748 785 1830 836; x_wconf 80' lang='lat' dir='ltr'>ejus</span> 
     </span>
     <span class='ocr_line' id='line_1_10' title="bbox 439 848 1830 900; baseline -0.002 -9"><span class='ocrx_word' id='word_1_84' title='bbox 439 854 494 891; x_wconf 88' lang='lat' dir='ltr'>rei</span> <span class='ocrx_word' id='word_1_85' title='bbox 521 851 632 890; x_wconf 84' lang='lat' dir='ltr'>causa</span> <span class='ocrx_word' id='word_1_86' title='bbox 659 853 832 889; x_wconf 84' lang='lat' dir='ltr'>Romam</span> <span class='ocrx_word' id='word_1_87' title='bbox 862 850 1012 900; x_wconf 89' lang='lat' dir='ltr'>venire)</span> <span class='ocrx_word' id='word_1_88' title='bbox 1046 851 1072 888; x_wconf 88' lang='lat' dir='ltr'>fi</span> <span class='ocrx_word' id='word_1_89' title='bbox 1103 859 1140 888; x_wconf 88' lang='lat' dir='ltr'>te</span> <span class='ocrx_word' id='word_1_90' title='bbox 1171 863 1215 887; x_wconf 81' lang='lat' dir='ltr'>ea</span> <span class='ocrx_word' id='word_1_91' title='bbox 1245 863 1302 887; x_wconf 88' lang='lat' dir='ltr'>res</span> <span class='ocrx_word' id='word_1_92' title='bbox 1333 848 1436 887; x_wconf 72' lang='lat' dir='ltr'>nihil</span> <span class='ocrx_word' id='word_1_93' title='bbox 1465 849 1654 895; x_wconf 88' lang='lat' dir='ltr'>offendet,</span> <span class='ocrx_word' id='word_1_94' title='bbox 1686 849 1830 895; x_wconf 87' lang='lat' dir='ltr'>videas,</span> 
     </span>
     <span class='ocr_line' id='line_1_11' title="bbox 439 914 1829 970; baseline -0.001 -14"><span class='ocrx_word' id='word_1_95' title='bbox 439 919 542 956; x_wconf 86' lang='lat' dir='ltr'>unde</span> <span class='ocrx_word' id='word_1_96' title='bbox 564 918 719 956; x_wconf 88' lang='lat' dir='ltr'>nummi</span> <span class='ocrx_word' id='word_1_97' title='bbox 742 918 842 961; x_wconf 91' lang='lat' dir='ltr'>fint;</span> <span class='ocrx_word' id='word_1_98' title='bbox 875 914 976 955; x_wconf 88' lang='lat' dir='ltr'>mihi</span> <span class='ocrx_word' id='word_1_99' title='bbox 999 915 1096 954; x_wconf 86' lang='lat' dir='ltr'>feras</span> <span class='ocrx_word' id='word_1_100' title='bbox 1115 915 1347 968; x_wconf 86' lang='lat' dir='ltr'>expe-nsum.</span> <span class='ocrx_word' id='word_1_101' title='bbox 1395 916 1488 954; x_wconf 90' lang='lat' dir='ltr'>Hoc</span> <span class='ocrx_word' id='word_1_102' title='bbox 1517 915 1631 954; x_wconf 89' lang='lat' dir='ltr'>video</span> <span class='ocrx_word' id='word_1_103' title='bbox 1658 915 1699 954; x_wconf 91' lang='lat' dir='ltr'>in</span> <span class='ocrx_word' id='word_1_104' title='bbox 1727 929 1829 970; x_wconf 84' lang='lat' dir='ltr'>prae-</span> 
     </span>
     <span class='ocr_line' id='line_1_12' title="bbox 438 980 1830 1036; baseline -0.001 -14"><span class='ocrx_word' id='word_1_105' title='bbox 438 985 560 1022; x_wconf 86' lang='lat' dir='ltr'>sentia</span> <span class='ocrx_word' id='word_1_106' title='bbox 580 997 678 1036; x_wconf 89' lang='lat' dir='ltr'>opus</span> <span class='ocrx_word' id='word_1_107' title='bbox 699 983 784 1022; x_wconf 80' lang='lat' dir='ltr'>efl‘e.</span> <span class='ocrx_word' id='word_1_108' title='bbox 818 982 990 1035; x_wconf 84' lang='lat' dir='ltr'>Reliqua</span> <span class='ocrx_word' id='word_1_109' title='bbox 1009 981 1240 1034; x_wconf 75' lang='lat' dir='ltr'>diligentius</span> <span class='ocrx_word' id='word_1_110' title='bbox 1262 995 1309 1019; x_wconf 86' lang='lat' dir='ltr'>ex</span> <span class='ocrx_word' id='word_1_111' title='bbox 1330 980 1407 1019; x_wconf 93' lang='lat' dir='ltr'>hoc</span> <span class='ocrx_word' id='word_1_112' title='bbox 1429 981 1512 1034; x_wconf 90' lang='lat' dir='ltr'>ipso</span> <span class='ocrx_word' id='word_1_113' title='bbox 1533 981 1738 1034; x_wconf 83' lang='lat' dir='ltr'>exquiram</span> <span class='ocrx_word' id='word_1_114' title='bbox 1753 1001 1766 1027; x_wconf 85' lang='lat'>;</span> <span class='ocrx_word' id='word_1_115' title='bbox 1789 983 1830 1020; x_wconf 82' lang='lat' dir='ltr'>in</span> 
     </span>
     <span class='ocr_line' id='line_1_13' title="bbox 436 1046 1830 1100; baseline -0.001 -13"><span class='ocrx_word' id='word_1_116' title='bbox 436 1049 515 1094; x_wconf 87' lang='lat' dir='ltr'>his,</span> <span class='ocrx_word' id='word_1_117' title='bbox 534 1049 580 1087; x_wconf 91' lang='lat' dir='ltr'>de</span> <span class='ocrx_word' id='word_1_118' title='bbox 601 1049 848 1087; x_wconf 84' lang='lat' dir='ltr'>mercedibus</span> <span class='ocrx_word' id='word_1_119' title='bbox 870 1048 1064 1086; x_wconf 88' lang='lat' dir='ltr'>dotalium</span> <span class='ocrx_word' id='word_1_120' title='bbox 1084 1047 1341 1100; x_wconf 85' lang='lat' dir='ltr'>praediorum:</span> <span class='ocrx_word' id='word_1_121' title='bbox 1366 1061 1452 1100; x_wconf 84' lang='lat' dir='ltr'>quae</span> <span class='ocrx_word' id='word_1_122' title='bbox 1474 1047 1499 1085; x_wconf 87' lang='lat' dir='ltr'>fi</span> <span class='ocrx_word' id='word_1_123' title='bbox 1521 1046 1690 1086; x_wconf 86' lang='lat' dir='ltr'>fideliter</span> <span class='ocrx_word' id='word_1_124' title='bbox 1711 1048 1830 1086; x_wconf 89' lang='lat' dir='ltr'>Cice-</span> 
     </span>
     <span class='ocr_line' id='line_1_14' title="bbox 435 1112 1832 1166; baseline -0.002 -13"><span class='ocrx_word' id='word_1_125' title='bbox 435 1115 522 1153; x_wconf 88' lang='lat' dir='ltr'>roni</span> <span class='ocrx_word' id='word_1_126' title='bbox 543 1115 801 1158; x_wconf 79' lang='lat' dir='ltr'>curabuntur,</span> <span class='ocrx_word' id='word_1_127' title='bbox 819 1127 1044 1166; x_wconf 83' lang='lat' dir='ltr'>quanquam</span> <span class='ocrx_word' id='word_1_128' title='bbox 1062 1113 1151 1151; x_wconf 91' lang='lat' dir='ltr'>volo</span> <span class='ocrx_word' id='word_1_129' title='bbox 1172 1112 1315 1158; x_wconf 86' lang='lat' dir='ltr'>laxius,</span> <span class='ocrx_word' id='word_1_130' title='bbox 1333 1121 1463 1151; x_wconf 88' lang='lat' dir='ltr'>tamen</span> <span class='ocrx_word' id='word_1_131' title='bbox 1485 1113 1520 1151; x_wconf 89' lang='lat' dir='ltr'>ei</span> <span class='ocrx_word' id='word_1_132' title='bbox 1540 1112 1832 1166; x_wconf 88' lang='lat' dir='ltr'>propemodum</span> 
     </span>
     <span class='ocr_line' id='line_1_15' title="bbox 434 1177 1827 1232; baseline -0.001 -14"><span class='ocrx_word' id='word_1_133' title='bbox 434 1180 537 1219; x_wconf 85' lang='lat' dir='ltr'>nihil</span> <span class='ocrx_word' id='word_1_134' title='bbox 560 1180 696 1218; x_wconf 87' lang='lat' dir='ltr'>deerit.</span> <span class='ocrx_word' id='word_1_135' title='bbox 744 1178 943 1232; x_wconf 87' lang='lat' dir='ltr'>Equidem</span> <span class='ocrx_word' id='word_1_136' title='bbox 965 1178 1078 1216; x_wconf 87' lang='lat' dir='ltr'>video</span> <span class='ocrx_word' id='word_1_137' title='bbox 1098 1177 1199 1216; x_wconf 85' lang='lat' dir='ltr'>mihi</span> <span class='ocrx_word' id='word_1_138' title='bbox 1221 1191 1379 1230; x_wconf 90' lang='lat' dir='ltr'>quoque</span> <span class='ocrx_word' id='word_1_139' title='bbox 1399 1191 1497 1231; x_wconf 88' lang='lat' dir='ltr'>opus</span> <span class='ocrx_word' id='word_1_140' title='bbox 1517 1178 1590 1216; x_wconf 86' lang='lat' dir='ltr'>effe</span> <span class='ocrx_word' id='word_1_141' title='bbox 1610 1179 1798 1217; x_wconf 88' lang='lat' dir='ltr'>viaticum</span> <span class='ocrx_word' id='word_1_142' title='bbox 1818 1193 1827 1216; x_wconf 91' lang='lat'>:</span> 
     </span>
     <span class='ocr_line' id='line_1_16' title="bbox 436 1243 1829 1298; baseline -0.002 -14"><span class='ocrx_word' id='word_1_143' title='bbox 436 1247 499 1284; x_wconf 87' lang='lat' dir='ltr'>sed</span> <span class='ocrx_word' id='word_1_144' title='bbox 520 1246 559 1284; x_wconf 94' lang='lat' dir='ltr'>id</span> <span class='ocrx_word' id='word_1_145' title='bbox 580 1260 628 1284; x_wconf 86' lang='lat' dir='ltr'>ex</span> <span class='ocrx_word' id='word_1_146' title='bbox 650 1245 820 1298; x_wconf 83' lang='lat' dir='ltr'>praediis‚</span> <span class='ocrx_word' id='word_1_147' title='bbox 853 1254 896 1283; x_wconf 84' lang='lat' dir='ltr'>ut</span> <span class='ocrx_word' id='word_1_148' title='bbox 917 1244 1043 1289; x_wconf 82' lang='lat' dir='ltr'>cadet,</span> <span class='ocrx_word' id='word_1_149' title='bbox 1075 1244 1129 1283; x_wconf 88' lang='lat' dir='ltr'>ita</span> <span class='ocrx_word' id='word_1_150' title='bbox 1150 1243 1348 1282; x_wconf 87' lang='lat' dir='ltr'>solvetur:</span> <span class='ocrx_word' id='word_1_151' title='bbox 1382 1243 1482 1283; x_wconf 88' lang='lat' dir='ltr'>mihi</span> <span class='ocrx_word' id='word_1_152' title='bbox 1503 1254 1634 1282; x_wconf 90' lang='lat' dir='ltr'>autem</span> <span class='ocrx_word' id='word_1_153' title='bbox 1655 1257 1754 1297; x_wconf 89' lang='lat' dir='ltr'>opus</span> <span class='ocrx_word' id='word_1_154' title='bbox 1775 1244 1829 1282; x_wconf 92' lang='lat' dir='ltr'>est</span> 
     </span>
     <span class='ocr_line' id='line_1_17' title="bbox 436 1309 1828 1364; baseline -0.003 -14"><span class='ocrx_word' id='word_1_155' title='bbox 436 1312 615 1350; x_wconf 89' lang='lat' dir='ltr'>universo</span> <span class='ocrx_word' id='word_1_156' title='bbox 635 1311 811 1364; x_wconf 90' lang='lat' dir='ltr'>quidem.</span> <span class='ocrx_word' id='word_1_157' title='bbox 845 1310 926 1349; x_wconf 90' lang='lat' dir='ltr'>Ets1</span> <span class='ocrx_word' id='word_1_158' title='bbox 948 1309 1050 1348; x_wconf 88' lang='lat' dir='ltr'>mihi</span> <span class='ocrx_word' id='word_1_159' title='bbox 1071 1309 1225 1348; x_wconf 91' lang='lat' dir='ltr'>videtur</span> <span class='ocrx_word' id='word_1_160' title='bbox 1245 1309 1327 1354; x_wconf 90' lang='lat' dir='ltr'>iste,</span> <span class='ocrx_word' id='word_1_161' title='bbox 1351 1310 1420 1360; x_wconf 93' lang='lat' dir='ltr'>qui</span> <span class='ocrx_word' id='word_1_162' title='bbox 1441 1309 1599 1348; x_wconf 88' lang='lat' dir='ltr'>umbras</span> <span class='ocrx_word' id='word_1_163' title='bbox 1621 1310 1750 1355; x_wconf 88' lang='lat' dir='ltr'>timet,</span> <span class='ocrx_word' id='word_1_164' title='bbox 1780 1309 1828 1347; x_wconf 89' lang='lat' dir='ltr'>ad</span> 
     </span>
     <span class='ocr_line' id='line_1_18' title="bbox 435 1374 1826 1429; baseline -0.001 -15"><span class='ocrx_word' id='word_1_165' title='bbox 435 1377 582 1415; x_wconf 83' lang='lat' dir='ltr'>caedem</span> <span class='ocrx_word' id='word_1_166' title='bbox 602 1376 796 1429; x_wconf 64' lang='lat' dir='ltr'>spectare5</span> <span class='ocrx_word' id='word_1_167' title='bbox 830 1385 977 1420; x_wconf 87' lang='lat' dir='ltr'>tamen,</span> <span class='ocrx_word' id='word_1_168' title='bbox 1004 1375 1074 1413; x_wconf 84' lang='lat' dir='ltr'>nifi</span> <span class='ocrx_word' id='word_1_169' title='bbox 1094 1375 1289 1427; x_wconf 85' lang='lat' dir='ltr'>explicata</span> <span class='ocrx_word' id='word_1_170' title='bbox 1309 1374 1517 1420; x_wconf 87' lang='lat' dir='ltr'>solutione,</span> <span class='ocrx_word' id='word_1_171' title='bbox 1541 1387 1620 1413; x_wconf 87' lang='lat' dir='ltr'>non</span> <span class='ocrx_word' id='word_1_172' title='bbox 1641 1375 1726 1413; x_wconf 92' lang='lat' dir='ltr'>sum</span> <span class='ocrx_word' id='word_1_173' title='bbox 1747 1374 1826 1413; x_wconf 87' lang='lat' dir='ltr'>dis-</span> 
     </span>
     <span class='ocr_line' id='line_1_19' title="bbox 434 1440 1824 1492; baseline -0.001 -11"><span class='ocrx_word' id='word_1_174' title='bbox 434 1443 619 1481; x_wconf 82' lang='lat' dir='ltr'>ceffurus.</span> <span class='ocrx_word' id='word_1_175' title='bbox 667 1442 798 1479; x_wconf 84' lang='lat' dir='ltr'>Sit-ne</span> <span class='ocrx_word' id='word_1_176' title='bbox 827 1450 959 1479; x_wconf 90' lang='lat' dir='ltr'>autem</span> <span class='ocrx_word' id='word_1_177' title='bbox 989 1441 1192 1484; x_wconf 83' lang='lat' dir='ltr'>extricata,</span> <span class='ocrx_word' id='word_1_178' title='bbox 1223 1453 1385 1485; x_wconf 89' lang='lat' dir='ltr'>nec-ne,</span> <span class='ocrx_word' id='word_1_179' title='bbox 1418 1449 1551 1479; x_wconf 89' lang='lat' dir='ltr'>tecum</span> <span class='ocrx_word' id='word_1_180' title='bbox 1575 1440 1824 1492; x_wconf 86' lang='lat' dir='ltr'>cognoscam.</span> 
     </span>
     <span class='ocr_line' id='line_1_20' title="bbox 434 1504 1827 1559; baseline -0.003 -12"><span class='ocrx_word' id='word_1_181' title='bbox 434 1510 552 1547; x_wconf 88' lang='lat' dir='ltr'>Hanc</span> <span class='ocrx_word' id='word_1_182' title='bbox 576 1507 707 1559; x_wconf 89' lang='lat' dir='ltr'>putavi</span> <span class='ocrx_word' id='word_1_183' title='bbox 729 1520 815 1544; x_wconf 88' lang='lat' dir='ltr'>mea</span> <span class='ocrx_word' id='word_1_184' title='bbox 837 1519 953 1544; x_wconf 88' lang='lat' dir='ltr'>manu</span> <span class='ocrx_word' id='word_1_185' title='bbox 986 1505 1258 1549; x_wconf 85' lang='lat' dir='ltr'>scribendam;</span> <span class='ocrx_word' id='word_1_186' title='bbox 1291 1505 1421 1556; x_wconf 90' lang='lat' dir='ltr'>itaque</span> <span class='ocrx_word' id='word_1_187' title='bbox 1453 1504 1545 1548; x_wconf 83' lang='lat' dir='ltr'>feci.</span> <span class='ocrx_word' id='word_1_188' title='bbox 1592 1505 1655 1542; x_wconf 89' lang='lat' dir='ltr'>De</span> <span class='ocrx_word' id='word_1_189' title='bbox 1687 1505 1827 1550; x_wconf 71' lang='lat' dir='ltr'>fadio.</span> 
     </span>
     <span class='ocr_line' id='line_1_21' title="bbox 431 1569 1646 1624; baseline -0.002 -11"><span class='ocrx_word' id='word_1_190' title='bbox 431 1585 478 1613; x_wconf 77' lang='lat' dir='ltr'>ut</span> <span class='ocrx_word' id='word_1_191' title='bbox 498 1573 633 1612; x_wconf 85' lang='lat' dir='ltr'>scribis</span> <span class='ocrx_word' id='word_1_192' title='bbox 649 1591 664 1618; x_wconf 69' lang='lat'>5</span> <span class='ocrx_word' id='word_1_193' title='bbox 698 1574 835 1624; x_wconf 88' lang='lat' dir='ltr'>utique</span> <span class='ocrx_word' id='word_1_194' title='bbox 856 1571 922 1610; x_wconf 86' lang='lat' dir='ltr'>alii</span> <span class='ocrx_word' id='word_1_195' title='bbox 942 1571 1110 1611; x_wconf 83' lang='lat' dir='ltr'>nemini.</span> <span class='ocrx_word' id='word_1_196' title='bbox 1145 1569 1350 1608; x_wconf 81' lang='lat' dir='ltr'>Rescribas</span> <span class='ocrx_word' id='word_1_197' title='bbox 1373 1570 1492 1609; x_wconf 87' lang='lat' dir='ltr'>velim</span> <span class='ocrx_word' id='word_1_198' title='bbox 1513 1569 1646 1610; x_wconf 88' lang='lat' dir='ltr'>hodie.</span> 
     </span>
    </p>
   </div>
   <div class='ocr_carea' id='block_1_3' title="bbox 770 1775 1484 1815">
    <p class='ocr_par' dir='ltr' id='par_1_3' title="bbox 770 1775 1484 1815">
     <span class='ocr_line' id='line_1_22' title="bbox 770 1775 1484 1815; baseline -0.003 0"><span class='ocrx_word' id='word_1_199' title='bbox 770 1778 1014 1815; x_wconf 73' lang='lat' dir='ltr'>CicERo</span> <span class='ocrx_word' id='word_1_200' title='bbox 1055 1775 1312 1814; x_wconf 67' lang='lat' dir='ltr'>Armc‘o</span> <span class='ocrx_word' id='word_1_201' title='bbox 1353 1775 1484 1813; x_wconf 76' lang='lat' dir='ltr'>SAL.</span> 
     </span>
    </p>
   </div>
   <div class='ocr_carea' id='block_1_4' title="bbox 430 1902 1822 1978">
    <p class='ocr_par' dir='ltr' id='par_1_4' title="bbox 430 1902 1822 1978">
     <span class='ocr_line' id='line_1_23' title="bbox 430 1902 1822 1978; baseline -0.001 -32"><span class='ocrx_word' id='word_1_202' title='bbox 430 1908 545 1946; x_wconf 78' lang='lat' dir='ltr'>XXI.</span> <span class='ocrx_word' id='word_1_203' title='bbox 569 1905 832 1978; x_wconf 84' lang='lat' dir='ltr'>NARRO</span> <span class='ocrx_word' id='word_1_204' title='bbox 855 1905 958 1950; x_wconf 83' lang='lat' dir='ltr'>tibi;</span> <span class='ocrx_word' id='word_1_205' title='bbox 983 1905 1159 1956; x_wconf 85' lang='lat' dir='ltr'>Qintus</span> <span class='ocrx_word' id='word_1_206' title='bbox 1181 1913 1288 1957; x_wconf 88' lang='lat' dir='ltr'>pater</span> <span class='ocrx_word' id='word_1_207' title='bbox 1307 1903 1457 1942; x_wconf 86' lang='lat' dir='ltr'>exultat</span> <span class='ocrx_word' id='word_1_208' title='bbox 1479 1902 1628 1941; x_wconf 82' lang='lat' dir='ltr'>laetitia.</span> <span class='ocrx_word' id='word_1_209' title='bbox 1662 1903 1822 1958; x_wconf 77' lang='lat' dir='ltr'>Scripsit</span> 
     </span>
    </p>
   </div>
   <div class='ocr_carea' id='block_1_5' title="bbox 420 1967 1821 2541">
    <p class='ocr_par' dir='ltr' id='par_1_5' title="bbox 420 1967 1821 2541">
     <span class='ocr_line' id='line_1_24' title="bbox 684 1967 1819 2021; baseline 0 -13"><span class='ocrx_word' id='word_1_210' title='bbox 684 1972 791 2009; x_wconf 89' lang='lat' dir='ltr'>enim</span> <span class='ocrx_word' id='word_1_211' title='bbox 815 1970 935 2015; x_wconf 85' lang='lat' dir='ltr'>filius,</span> <span class='ocrx_word' id='word_1_212' title='bbox 958 1970 993 2008; x_wconf 89' lang='lat' dir='ltr'>se</span> <span class='ocrx_word' id='word_1_213' title='bbox 1015 1970 1164 2007; x_wconf 85' lang='lat' dir='ltr'>idcirco</span> <span class='ocrx_word' id='word_1_214' title='bbox 1184 1967 1392 2021; x_wconf 88' lang='lat' dir='ltr'>profugere</span> <span class='ocrx_word' id='word_1_215' title='bbox 1413 1968 1458 2005; x_wconf 90' lang='lat' dir='ltr'>ad</span> <span class='ocrx_word' id='word_1_216' title='bbox 1481 1969 1650 2006; x_wconf 90' lang='lat' dir='ltr'>Brutum</span> <span class='ocrx_word' id='word_1_217' title='bbox 1671 1970 1819 2008; x_wconf 82' lang='lat' dir='ltr'>voluis-</span> 
     </span>
     <span class='ocr_line' id='line_1_25' title="bbox 429 2034 1820 2090; baseline -0.002 -14"><span class='ocrx_word' id='word_1_218' title='bbox 429 2038 479 2084; x_wconf 87' lang='lat' dir='ltr'>se,</span> <span class='ocrx_word' id='word_1_219' title='bbox 511 2036 634 2090; x_wconf 88' lang='lat' dir='ltr'>quod,</span> <span class='ocrx_word' id='word_1_220' title='bbox 664 2050 758 2074; x_wconf 89' lang='lat' dir='ltr'>cum</span> <span class='ocrx_word' id='word_1_221' title='bbox 779 2035 849 2073; x_wconf 87' lang='lat' dir='ltr'>fibi</span> <span class='ocrx_word' id='word_1_222' title='bbox 872 2036 1076 2087; x_wconf 86' lang='lat' dir='ltr'>negotium</span> <span class='ocrx_word' id='word_1_223' title='bbox 1098 2034 1205 2071; x_wconf 87' lang='lat' dir='ltr'>daret</span> <span class='ocrx_word' id='word_1_224' title='bbox 1226 2035 1442 2078; x_wconf 86' lang='lat' dir='ltr'>Antonius,</span> <span class='ocrx_word' id='word_1_225' title='bbox 1476 2043 1518 2071; x_wconf 91' lang='lat' dir='ltr'>ut</span> <span class='ocrx_word' id='word_1_226' title='bbox 1539 2046 1631 2071; x_wconf 88' lang='lat' dir='ltr'>eum</span> <span class='ocrx_word' id='word_1_227' title='bbox 1652 2034 1820 2074; x_wconf 65' lang='lat' dir='ltr'>dictato-</span> 
     </span>
     <span class='ocr_line' id='line_1_26' title="bbox 428 2097 1821 2153; baseline -0.001 -12"><span class='ocrx_word' id='word_1_228' title='bbox 428 2116 510 2142; x_wconf 89' lang='lat' dir='ltr'>rem</span> <span class='ocrx_word' id='word_1_229' title='bbox 544 2101 730 2146; x_wconf 82' lang='lat' dir='ltr'>efficeret,</span> <span class='ocrx_word' id='word_1_230' title='bbox 772 2099 993 2153; x_wconf 67' lang='lat' dir='ltr'>praesidium</span> <span class='ocrx_word' id='word_1_231' title='bbox 1027 2107 1251 2151; x_wconf 86' lang='lat' dir='ltr'>occuparet,</span> <span class='ocrx_word' id='word_1_232' title='bbox 1292 2098 1332 2135; x_wconf 88' lang='lat' dir='ltr'>id</span> <span class='ocrx_word' id='word_1_233' title='bbox 1367 2097 1566 2136; x_wconf 73' lang='lat' dir='ltr'>recusaffet</span> <span class='ocrx_word' id='word_1_234' title='bbox 1585 2113 1594 2136; x_wconf 71' lang='grc' dir='ltr'>ε</span> <span class='ocrx_word' id='word_1_235' title='bbox 1638 2100 1821 2139; x_wconf 86' lang='lat' dir='ltr'>recusasse</span> 
     </span>
     <span class='ocr_line' id='line_1_27' title="bbox 420 2164 1818 2220; baseline -0.002 -13"><span class='ocrx_word' id='word_1_236' title='bbox 420 2178 558 2207; x_wconf 81' lang='lat' dir='ltr'>autem</span> <span class='ocrx_word' id='word_1_237' title='bbox 582 2167 631 2213; x_wconf 90' lang='lat' dir='ltr'>se,</span> <span class='ocrx_word' id='word_1_238' title='bbox 664 2181 711 2205; x_wconf 90' lang='lat' dir='ltr'>ne</span> <span class='ocrx_word' id='word_1_239' title='bbox 732 2166 851 2220; x_wconf 84' lang='lat' dir='ltr'>patris</span> <span class='ocrx_word' id='word_1_240' title='bbox 872 2167 1051 2203; x_wconf 84' lang='lat' dir='ltr'>animum</span> <span class='ocrx_word' id='word_1_241' title='bbox 1072 2164 1287 2203; x_wconf 82' lang='lat' dir='ltr'>offenderet</span> <span class='ocrx_word' id='word_1_242' title='bbox 1306 2179 1315 2202; x_wconf 72' lang='grc' dir='ltr'><strong><em>ι</em></strong></span> <span class='ocrx_word' id='word_1_243' title='bbox 1348 2177 1395 2202; x_wconf 87' lang='lat' dir='ltr'>ex</span> <span class='ocrx_word' id='word_1_244' title='bbox 1416 2177 1462 2202; x_wconf 89' lang='lat' dir='ltr'>eo</span> <span class='ocrx_word' id='word_1_245' title='bbox 1484 2164 1553 2202; x_wconf 87' lang='lat' dir='ltr'>fibi</span> <span class='ocrx_word' id='word_1_246' title='bbox 1579 2164 1696 2203; x_wconf 91' lang='lat' dir='ltr'>illum</span> <span class='ocrx_word' id='word_1_247' title='bbox 1726 2165 1818 2204; x_wconf 88' lang='lat' dir='ltr'>hos-</span> 
     </span>
     <span class='ocr_line' id='line_1_28' title="bbox 425 2229 1817 2284; baseline -0.003 -11"><span class='ocrx_word' id='word_1_248' title='bbox 425 2243 521 2273; x_wconf 87' lang='lat' dir='ltr'>tem.</span> <span class='ocrx_word' id='word_1_249' title='bbox 555 2235 665 2272; x_wconf 90' lang='lat' dir='ltr'>Tum</span> <span class='ocrx_word' id='word_1_250' title='bbox 688 2247 765 2277; x_wconf 89' lang='lat' dir='ltr'>me,</span> <span class='ocrx_word' id='word_1_251' title='bbox 788 2232 934 2284; x_wconf 89' lang='lat' dir='ltr'>inquit,</span> <span class='ocrx_word' id='word_1_252' title='bbox 957 2231 1116 2283; x_wconf 82' lang='lat' dir='ltr'>collegi,</span> <span class='ocrx_word' id='word_1_253' title='bbox 1139 2243 1289 2275; x_wconf 83' lang='lat' dir='ltr'>verens,</span> <span class='ocrx_word' id='word_1_254' title='bbox 1320 2243 1366 2267; x_wconf 88' lang='lat' dir='ltr'>ne</span> <span class='ocrx_word' id='word_1_255' title='bbox 1386 2230 1497 2282; x_wconf 84' lang='lat' dir='ltr'>quid,</span> <span class='ocrx_word' id='word_1_256' title='bbox 1530 2229 1630 2267; x_wconf 86' lang='lat' dir='ltr'>mihi</span> <span class='ocrx_word' id='word_1_257' title='bbox 1653 2231 1720 2268; x_wconf 86' lang='lat' dir='ltr'>ille</span> <span class='ocrx_word' id='word_1_258' title='bbox 1742 2231 1817 2269; x_wconf 82' lang='lat' dir='ltr'>ira-</span> 
     </span>
     <span class='ocr_line' id='line_1_29' title="bbox 425 2295 1816 2350; baseline -0.001 -13"><span class='ocrx_word' id='word_1_259' title='bbox 425 2309 504 2344; x_wconf 84' lang='lat' dir='ltr'>tus,</span> <span class='ocrx_word' id='word_1_260' title='bbox 537 2299 609 2337; x_wconf 89' lang='lat' dir='ltr'>tibi</span> <span class='ocrx_word' id='word_1_261' title='bbox 633 2308 804 2337; x_wconf 88' lang='lat' dir='ltr'>noceret.</span> <span class='ocrx_word' id='word_1_262' title='bbox 837 2299 975 2350; x_wconf 86' lang='lat' dir='ltr'>ltaque</span> <span class='ocrx_word' id='word_1_263' title='bbox 996 2299 1088 2336; x_wconf 67' lang='lat' dir='ltr'>eum</span> <span class='ocrx_word' id='word_1_264' title='bbox 1110 2296 1274 2349; x_wconf 78' lang='lat' dir='ltr'>placavi,</span> <span class='ocrx_word' id='word_1_265' title='bbox 1306 2305 1343 2333; x_wconf 88' lang='lat' dir='ltr'>ct</span> <span class='ocrx_word' id='word_1_266' title='bbox 1365 2295 1526 2347; x_wconf 86' lang='lat' dir='ltr'>quidem</span> <span class='ocrx_word' id='word_1_267' title='bbox 1549 2309 1661 2334; x_wconf 88' lang='lat' dir='ltr'>cccc</span> <span class='ocrx_word' id='word_1_268' title='bbox 1684 2306 1816 2343; x_wconf 67' lang='lat' dir='ltr'>cert-15</span> 
     </span>
     <span class='ocr_line' id='line_1_30' title="bbox 426 2361 1819 2418; baseline -0.001 -15"><span class='ocrx_word' id='word_1_269' title='bbox 426 2365 575 2418; x_wconf 88' lang='lat' dir='ltr'>reliqua</span> <span class='ocrx_word' id='word_1_270' title='bbox 596 2366 635 2402; x_wconf 91' lang='lat' dir='ltr'>in</span> <span class='ocrx_word' id='word_1_271' title='bbox 658 2365 736 2416; x_wconf 85' lang='lat' dir='ltr'>spe.</span> <span class='ocrx_word' id='word_1_272' title='bbox 770 2364 914 2401; x_wconf 88' lang='lat' dir='ltr'>Scribit</span> <span class='ocrx_word' id='word_1_273' title='bbox 936 2374 1066 2402; x_wconf 86' lang='lat' dir='ltr'>autem</span> <span class='ocrx_word' id='word_1_274' title='bbox 1090 2363 1249 2407; x_wconf 81' lang='lat' dir='ltr'>Statius,</span> <span class='ocrx_word' id='word_1_275' title='bbox 1269 2362 1384 2399; x_wconf 89' lang='lat' dir='ltr'>illum</span> <span class='ocrx_word' id='word_1_276' title='bbox 1406 2375 1499 2399; x_wconf 90' lang='lat' dir='ltr'>cum</span> <span class='ocrx_word' id='word_1_277' title='bbox 1520 2371 1626 2414; x_wconf 87' lang='lat' dir='ltr'>patre</span> <span class='ocrx_word' id='word_1_278' title='bbox 1644 2361 1819 2401; x_wconf 86' lang='lat' dir='ltr'>habitare</span> 
     </span>
     <span class='ocr_line' id='line_1_31' title="bbox 425 2428 1818 2481; baseline -0.003 -11"><span class='ocrx_word' id='word_1_279' title='bbox 425 2431 538 2470; x_wconf 88' lang='lat' dir='ltr'>velle.</span> <span class='ocrx_word' id='word_1_280' title='bbox 572 2431 664 2469; x_wconf 86' lang='lat' dir='ltr'>Hoc</span> <span class='ocrx_word' id='word_1_281' title='bbox 686 2444 776 2468; x_wconf 88' lang='lat' dir='ltr'>vero</span> <span class='ocrx_word' id='word_1_282' title='bbox 798 2431 970 2475; x_wconf 85' lang='lat' dir='ltr'>mirum;</span> <span class='ocrx_word' id='word_1_283' title='bbox 1003 2440 1040 2467; x_wconf 85' lang='lat' dir='ltr'>ct</span> <span class='ocrx_word' id='word_1_284' title='bbox 1063 2429 1101 2467; x_wconf 92' lang='lat' dir='ltr'>id</span> <span class='ocrx_word' id='word_1_285' title='bbox 1122 2429 1279 2481; x_wconf 87' lang='lat' dir='ltr'>gaudet.</span> <span class='ocrx_word' id='word_1_286' title='bbox 1314 2430 1493 2480; x_wconf 87' lang='lat' dir='ltr'>Ecquem</span> <span class='ocrx_word' id='word_1_287' title='bbox 1517 2438 1558 2466; x_wconf 88' lang='lat' dir='ltr'>tu</span> <span class='ocrx_word' id='word_1_288' title='bbox 1581 2428 1651 2466; x_wconf 91' lang='lat' dir='ltr'>illo</span> <span class='ocrx_word' id='word_1_289' title='bbox 1671 2430 1818 2467; x_wconf 85' lang='lat' dir='ltr'>certio-</span> 
     </span>
     <span class='ocr_line' id='line_1_32' title="bbox 420 2492 1820 2541; baseline -0.003 -4"><span class='ocrx_word' id='word_1_290' title='bbox 420 2511 506 2537; x_wconf 79' lang='lat' dir='ltr'>rem</span> <span class='ocrx_word' id='word_1_291' title='bbox 540 2497 780 2537; x_wconf 86' lang='lat' dir='ltr'>nebulonem</span> <span class='ocrx_word' id='word_1_292' title='bbox 801 2497 813 2533; x_wconf 90' lang='lat'>?</span> <span class='ocrx_word' id='word_1_293' title='bbox 861 2492 995 2541; x_wconf 70' lang='grc' dir='ltr'><em>Ἐποχῆν</em></span> <span class='ocrx_word' id='word_1_294' title='bbox 1029 2495 1192 2534; x_wconf 83' lang='lat' dir='ltr'>vestram</span> <span class='ocrx_word' id='word_1_295' title='bbox 1226 2495 1272 2534; x_wconf 88' lang='lat' dir='ltr'>de</span> <span class='ocrx_word' id='word_1_296' title='bbox 1308 2509 1346 2534; x_wconf 87' lang='lat' dir='ltr'>re</span> <span class='ocrx_word' id='word_1_297' title='bbox 1383 2495 1485 2534; x_wconf 82' lang='lat' dir='ltr'>Cani</span> <span class='ocrx_word' id='word_1_298' title='bbox 1525 2494 1820 2534; x_wconf 70' lang='lat' dir='ltr'>deliberationis</span> 
     </span>
    </p>
   </div>
  </div>
 </body>
</html>
