2243 3008
531 315 638 354 AD
698 310 1126 351 ATTICUM
1194 311 1459 351 LIB.1x'.
1613 327 1685 365 109

305 416 451 454 reditus
472 411 646 453 celeritas
669 413 893 451 declarabit.
941 412 1012 450 Sed
1044 424 1189 457 vereor,
1223 425 1269 450 ne
1299 413 1428 465 lepore
1459 424 1495 451 te
1525 414 1592 452 suo
1617 414 1685 453 de-

306 482 427 518 tineat
447 480 596 518 diutius
624 479 756 517 rhetor
784 479 964 522 Clodius,
996 487 1034 515 et
1058 476 1180 515 homo
1206 479 1464 529 pereruditus,
1496 489 1539 517 ut
1562 481 1686 524 aiunt,

303 556 344 584 et
366 559 470 583 nunc
491 546 651 598 quidem
673 545 827 583 deditus
850 544 998 582 Graecis
1023 543 1161 587 literis,
1195 543 1413 582 Pituanius.
1466 545 1551 589 Sed,
1584 545 1609 582 si
1631 545 1687 582 vis

304 610 427 649 homo
446 611 532 656 effe,
562 612 689 663 recipe
712 620 748 648 te
768 611 814 647 ad
836 622 906 647 nos
927 608 972 646 ad
993 608 1098 661 quod
1121 617 1276 660 tempus
1297 609 1547 648 confirmasti.
1582 611 1688 648 Cum

304 677 384 714 illis
406 686 551 721 tamen,
582 690 674 714 cum
706 676 795 714 salvi
821 675 1013 719 venerint,
1045 675 1183 711 Romae
1204 675 1331 712 vivere
1360 675 1511 713 licebit.
1562 678 1687 713 Avere

302 751 341 779 te
370 742 505 780 scribis
535 742 710 794 accipere
738 741 887 794 aliquid
918 753 938 777 a
967 753 1030 777 me
1060 739 1288 785 literarum;
1331 740 1433 785 dedi,
1474 754 1516 778 ac
1547 742 1684 779 multis

244 796 248 799 .
300 808 464 860 quidem
485 808 531 845 de
552 807 666 845 rebus
687 801 890 856 ἡμερόλεγδὶν
910 805 1120 858 perscripta
1139 806 1272 843 omnia
1290 821 1298 844 :
1332 806 1408 851 sed,
1437 816 1480 844 ut
1499 808 1685 859 conjicio,

303 874 492 925 quoniam
514 872 614 911 mihi
636 885 714 910 non
731 871 871 909 videris
894 871 933 909 in
956 871 1078 923 Epiro
1094 870 1160 908 diu
1182 870 1307 917 fuiffe,
1325 873 1490 910 redditas
1513 873 1584 910 tibi
1608 887 1687 911 non

304 937 471 975 arbitror
489 952 497 975 :
530 950 652 990 genus
673 946 803 974 autem
824 949 1014 980 mearum,
1039 935 1086 973 ad
1108 945 1145 973 te
1165 936 1341 988 quidem,
1364 937 1563 975 literarum
1584 938 1686 990 ejus·

305 1003 414 1041 modi
435 1003 514 1041 fere
535 1003 602 1048 est,
634 1012 678 1040 ut
699 1015 777 1040 non
798 1001 918 1039 libeat
947 1001 1132 1054 cuiquam
1154 1001 1256 1047 dare,
1288 1003 1357 1040 nis1
1380 1003 1426 1040 de
1446 1017 1527 1056 quo
1545 1004 1685 1056 explo-

306 1078 433 1106 ratum
455 1069 499 1106 fit
521 1069 594 1106 tibi
615 1081 706 1106 eum
728 1067 987 1105 redditurum.
1022 1068 1144 1105 Nunc
1166 1068 1362 1106 Romanas
1385 1082 1441 1106 res
1463 1070 1607 1121 accipe.
1632 1071 1684 1109 A.

303 1135 344 1172 d.
370 1147 443 1172 111.
468 1134 578 1172 Non.
607 1133 750 1184 Qint.
784 1131 944 1170 Sufenas
966 1141 1004 1170 et
1026 1133 1126 1170 Cato
1145 1132 1340 1180 absoluti;
1375 1135 1567 1172 Procilius
1588 1148 1685 1173 con-

300 1199 524 1238 demnatus.
571 1199 633 1236 Ex
664 1210 744 1250 quo
774 1197 1019 1235 intellectum
1049 1197 1117 1242 est,
1148 1199 1455 1250 refragaonuyimf
1474 1200 1684 1246 ambitum,

300 1265 478 1309 comitia,
510 1264 795 1314 interregnum,
827 1261 1080 1314 majestatem,
1113 1273 1234 1301 totam
1256 1262 1424 1314 denique
1446 1265 1686 1317 Rempubli-

303 1343 405 1375 cam,
437 1329 551 1367 flocci
575 1342 651 1367 non
673 1327 812 1366 facere.
859 1327 1062 1366 Debemus
1093 1338 1242 1381 patrem
1273 1327 1441 1366 familias
1473 1330 1581 1368 domi
1614 1331 1687 1368 suae

301 1395 480 1433 occidere
499 1394 632 1439 nolle;
666 1406 792 1446 neque
813 1401 942 1431 tamen
968 1392 1007 1430 id
1037 1394 1165 1446 ipsum
1186 1393 1366 1439 abunde,
1401 1408 1489 1432 nam
1510 1395 1685 1433 absolve-

303 1471 395 1499 runt
417 1474 534 1505 xxu,
566 1459 879 1498 condemnarunt
901 1472 1068 1497 xxvn1.
1102 1460 1268 1498 Publius
1291 1459 1376 1497 sane
1397 1459 1538 1498 diserto
1558 1462 1685 1514 epilo-

303 1540 355 1578 go
375 1526 587 1564 criminans
609 1535 759 1563 mentes
775 1525 959 1577 judicum
981 1536 1167 1564 moverat.
1215 1525 1404 1563 Hortalus
1435 1526 1476 1563 in
1506 1540 1548 1564 ea
1577 1527 1688 1565 causa

301 1591 381 1630 fuit
410 1591 631 1642 cujusmodi
663 1591 771 1628 solet.
819 1591 905 1628 Nos
937 1591 1100 1628 verbum
1134 1591 1318 1629 nullum:
1351 1591 1471 1628 verita
1497 1591 1549 1629 est
1579 1593 1686 1631 enim

303 1657 454 1710 pusilla,
486 1670 572 1709 quae
604 1669 710 1694 nunc
740 1655 902 1700 laborat,
935 1669 982 1693 ne
1011 1657 1190 1694 animum
1222 1657 1261 1693 in
1291 1657 1435 1694 Publio
1455 1656 1683 1696 offenderet.

303 1723 381 1761 His
403 1722 516 1759 rebus
538 1722 630 1759 ac‘tis
653 1721 810 1758 Reatini
839 1734 901 1758 me
932 1720 979 1758 ad
1009 1720 1073 1758 sua
1100 1718 1206 1767 τέμπη
1226 1721 1436 1766 duxerunt,
1469 1731 1511 1759 ut
1532 1735 1686 1774 agerem

299 1787 453 1826 causam
475 1797 611 1825 contra
631 1787 910 1825 Interamnates
931 1787 1031 1838 apud
1055 1786 1268 1824 Consulem
1293 1796 1331 1824 et
1352 1786 1485 1824 decem
1508 1787 1653 1839 legatos
1670 1808 1683 1834 5

299 1853 408 1906 quod
428 1853 534 1891 lacus
557 1853 737 1896 Velinus,
769 1865 789 1888 a
818 1851 879 1888 Μ’
901 1852 1024 1889 Curio
1051 1851 1222 1896 emiffus‚
1254 1852 1436 1890 interciso
1462 1862 1611 1898 monte,
1644 1854 1684 1892 in

303 1920 451 1958 Narem
472 1917 623 1955 defluit.
671 1919 733 1956 Ex
754 1930 833 1969 quo
853 1916 906 1954 est
933 1916 1001 1954 illa
1020 1917 1169 1961 siccata,
1201 1926 1239 1954 et
1260 1916 1422 1954 humida
1443 1927 1572 1955 tamen
1595 1932 1683 1957 mo-

300 1985 402 2029 dice,
431 1983 569 2022 Rosea.
604 1983 697 2021 Vixi
719 1997 810 2020 cum
832 1983 960 2020 Axio:
984 1983 1079 2035 quin
1101 1983 1218 2020 etiam
1240 1996 1302 2020 me
1323 1982 1369 2019 ad
1390 1983 1547 2035 Septem
1568 1997 1684 2036 aquas

301 2050 431 2088 duxit.
477 2048 594 2087 Redii
626 2049 795 2086 Romam
827 2048 986 2086 Fonteii
1015 2047 1139 2093 causa,
1171 2061 1204 2085 a.
1237 2048 1276 2086 d.
1306 2061 1388 2086 Vll.
1424 2048 1516 2086 Idus
1538 2050 1682 2100 Qint.

301 2116 403 2154 Veni
438 2115 478 2153 in
515 2114 792 2167 spectaculum,
824 2113 1014 2166 primum,
1055 2127 1199 2165 magno
1232 2123 1269 2151 et
1302 2114 1482 2166 aequabili
1516 2115 1680 2166 plausu:

302 2181 384 2233 (sed
405 2180 481 2219 hoc
503 2194 549 2219 ne
571 2181 740 2225 curaris;
773 2193 845 2231 ego
866 2180 1038 2231 ineptus,
1069 2180 1136 2231 qui
1159 2179 1395 2231 scripserim)
1419 2179 1571 2224 deinde,
1594 2181 1682 2217 An-

301 2245 475 2298 tiphonti
501 2259 672 2298 operam.
719 2246 757 2283 Is
787 2254 865 2282 erat
894 2254 983 2282 ante
1013 2243 1283 2288 manumissus,
1315 2257 1431 2295 quam
1454 2243 1681 2296 productus.

303 2311 367 2349 Ne
393 2311 540 2348 diutius
572 2310 750 2363 pendeas,
784 2310 954 2362 palmam
989 2309 1108 2346 tulit:
1142 2309 1203 2346 sed
1238 2308 1337 2346 nihil
1373 2319 1450 2347 tam
1478 2309 1680 2361 pusillum,

302 2374 402 2413 nihil
427 2384 503 2412 tam
527 2375 602 2412 fine
623 2389 731 2421 voce,
764 2375 864 2413 nihil
889 2384 965 2412 tam
987 2404 994 2411 .
1015 2404 1022 2412 .
1043 2404 1050 2411 .
1069 2374 1217 2411 Verum
1239 2373 1320 2411 haec
1343 2383 1384 2411 tu
1407 2383 1537 2412 tecum
1559 2373 1679 2412 habe-

303 2451 357 2479 to.
405 2441 450 2477 In
484 2439 760 2478 Andromacha
792 2450 920 2478 tamen
957 2440 1080 2492 major
1111 2438 1203 2484 fuit,
1236 2453 1353 2491 quam
1386 2439 1606 2490 Astyanax:
1639 2440 1681 2477 in

302 2506 449 2544 caeteris
472 2517 602 2556 parem
624 2503 762 2543 habuit
784 2506 997 2543 neminem.
1045 2505 1198 2556 Qaeris
1230 2518 1334 2542 nunc
1365 2504 1411 2542 de
1433 2504 1676 2548 Arbuscula;

301 2570 410 2609 valde
450 2570 611 2622 placuit.
664 2570 767 2607 Ludi
807 2569 1007 2621 magnifici
1046 2579 1084 2607 et
1123 2570 1237 2621 grati.
1290 2570 1457 2607 Venatio
1495 2569 1533 2605 in
1574 2568 1679 2607 aliud
