2243 3008
469 287 541 316 122
809 274 1494 314 EPISTOLARUM

465 378 643 416 dederam
665 375 711 414 ad
733 385 770 414 te
789 376 941 414 literas:
965 388 1036 413 nec
1056 388 1147 413 vero
1167 374 1272 412 nun'c
1293 382 1374 412 erat
1393 373 1480 412 sane
1494 374 1603 426 quod
1624 372 1853 414 scriberem.

466 444 550 495 Qi
581 443 628 480 de
660 441 881 494 Republica
912 453 1100 485 rumores,
1132 439 1255 478 scribe
1286 439 1442 492 quaeso:
1481 440 1522 477 in
1555 439 1712 493 oppidis
1745 441 1855 478 enim

466 509 668 547 summum
690 507 802 545 video
824 507 1033 550 timorem3
1057 504 1120 543 sed
1141 505 1268 542 multa
1288 504 1432 542 inania.
1473 504 1584 556 Qid
1604 505 1651 542 de
1671 506 1719 544 iis
1740 506 1854 558 cogi-

468 583 540 619 tes,
568 583 607 612 et
627 572 798 626 quando,
827 571 921 610 scire
941 571 1076 610 velim.
1115 570 1179 608 Ad
1199 583 1294 622 quas
1314 569 1445 608 literas
1467 570 1542 608 tibi
1562 570 1720 608 rescribi
1740 570 1853 614 velis,

469 639 624 677 nescio:
659 638 784 677 nullas
805 637 912 675 enim
933 636 1061 674 adhuc
1082 648 1320 688 acceperam,
1352 644 1490 688 praeter
1509 649 1595 688 quoe
1622 634 1724 673 mihi
1754 636 1855 674 binae

470 705 586 743 semel
609 705 648 742 in
671 702 900 742 Trebulano
921 702 1080 740 redditae
1101 701 1189 740 sunt
1208 716 1217 740 ε
1250 714 1417 754 quarum
1446 701 1575 738 alterae
1604 700 1777 739 edietum
1807 701 1855 739 P.

470 771 618 808 Licinii
646 768 857 813 habebant,
891 771 1018 820 (erant
1047 776 1179 805 autem
1208 767 1317 805 Non.
1349 766 1451 804 Mai.
1485 765 1600 815 datae)
1634 765 1762 804 alterae
1793 779 1855 803 re-

471 835 621 887 scripta:
641 835 687 872 ad
708 847 810 871 meas
837 832 1148 871 Minturnenses.
1195 833 1328 883 Qam
1354 843 1500 876 vereor,
1533 843 1580 868 ne
1610 830 1708 882 quid
1736 829 1858 869 fuerit

470 894 694 953 ο-πκὲιιιότεςον
713 899 753 936 in
775 899 838 943 iis,
869 910 963 950 quas
986 911 1064 935 non
1085 897 1234 949 accepi,
1265 896 1411 948 quibus
1438 894 1597 934 rescribi
1617 896 1690 934 vis.
1737 895 1859 948 Apud

472 965 691 1004 Lentulum
723 977 866 1017 ponam
899 973 936 1001 te
968 963 1008 1000 in
1036 963 1215 1015 gratiam.
1263 961 1474 1012 Dionysius
1504 961 1620 999 nobis
1649 961 1759 999 cordi
1787 960 1859 999 est.

472 1031 650 1069 Nicanor
671 1040 760 1067 tuus
782 1041 940 1081 operam
961 1027 1063 1066 mihi
1083 1028 1148 1066 dat
1169 1028 1380 1080 egregiam.
1412 1028 1502 1078 Jam
1522 1026 1624 1065 deest
1644 1027 1741 1080 quid
1762 1027 1856 1065 scri-

473 1097 563 1134 bam
581 1115 592 1141 ;
623 1105 662 1133 et
683 1095 803 1133 lucet.
843 1095 1055 1133 Beneventi
1076 1094 1300 1146 cogitabam
1321 1092 1453 1132 hodie.
1486 1091 1629 1132 Nostra
1647 1093 1858 1131 continen-

473 1162 528 1200 tia
546 1171 584 1199 et
605 1161 810 1213 diligentia
829 1159 1019 1198 faciemus
1040 1159 1145 1198 satis.
1176 1160 1213 1197 A
1235 1158 1395 1204 Pontio,
1425 1171 1473 1197 ex
1493 1158 1738 1204 Trebulano,
1759 1170 1793 1197 a.
1815 1157 1859 1197 d.

475 1241 515 1266 v.
548 1227 608 1266 Id.
641 1228 741 1266 Mai.

814 1429 1056 1466 emano
1096 1427 1355 1466 Αττιοο
1394 1423 1525 1466 ὃΑὶ..

479 1557 551 1596 1v.
577 1557 638 1629 B
654 1557 688 1595 E
704 1556 744 1595 N
760 1556 842 1594 EV
857 1558 888 1595 E
904 1557 945 1595 N
961 1557 998 1594 T
1014 1557 1051 1593 U
1068 1555 1115 1593 M
1146 1555 1235 1592 veni
1255 1569 1288 1593 a.
1315 1555 1355 1593 d.
1380 1569 1403 1592 v
1428 1554 1487 1594 Id.
1512 1554 1612 1592 Mai.
1646 1554 1708 1593 Ibi
1729 1555 1861 1607 accepi

660 1635 720 1660 eas
743 1621 886 1666 literas,
913 1633 1008 1673 quas
1031 1630 1073 1657 tu
1095 1619 1357 1672 superioribus
1379 1619 1502 1658 literis
1524 1619 1803 1672 significaveras
1825 1628 1863 1657 te

476 1688 644 1727 dediffe:
684 1687 729 1725 ad
760 1699 854 1739 quas
884 1699 957 1739 ego
988 1685 1067 1738 ipse
1095 1699 1142 1723 eo
1171 1686 1234 1723 die
1263 1685 1444 1724 dederam
1472 1700 1520 1724 ex
1549 1686 1780 1724 Trebulano
1810 1686 1860 1724 L.

478 1755 635 1793 Pontio.
681 1755 739 1791 Ac
763 1753 870 1790 binas
893 1751 1054 1805 quidem
1076 1760 1160 1789 tuas
1184 1752 1393 1789 Beneventi
1416 1751 1563 1804 accepi.
1602 1752 1782 1803 Qarum
1803 1750 1862 1788 al-

477 1831 574 1859 teras
597 1819 807 1858 Fesulanus
830 1818 958 1856 multo
981 1831 1092 1855 mane
1113 1816 1215 1855 mihi
1235 1816 1358 1862 dedit,
1379 1817 1516 1854 alteras
1539 1815 1662 1854 scriba
1682 1816 1861 1855 Tullius.

480 1885 704 1924 Gratissima
732 1883 784 1921 est
820 1883 920 1921 mihi
952 1893 1016 1920 tua
1045 1895 1137 1920 cura
1166 1881 1213 1919 de
1244 1881 1314 1920 illo
1344 1895 1432 1920 meo
1462 1882 1591 1934 primo
1619 1891 1658 1920 et
1688 1883 1864 1921 maximo

478 1951 661 1989 mandato
680 1966 688 1988 :
714 1949 774 1987 sed
796 1958 861 1987 tua
882 1947 1072 2001 profectio
1093 1947 1199 2001 spem
1220 1961 1347 1987 meam
1368 1947 1564 1986 debilitat.
1598 1949 1657 1986 Ac
1680 1961 1742 1986 me
1763 1948 1831 1986 ille
1850 1963 1860 1987 ι

479 2016 576 2055 illuc
597 2016 758 2069 quidem
779 2015 898 2059 labar,
931 2028 1007 2052 non
1031 2027 1110 2066 quo
1128 2033 1138 2059 ;
1172 2013 1233 2052 sed
1254 2015 1387 2067 inopia
1406 2014 1588 2067 cogimur
1611 2027 1658 2052 eo
1686 2015 1864 2052 contenti

479 2083 565 2121 effe.
606 2083 666 2120 De
688 2081 758 2119 illo
777 2081 912 2124 altero,
944 2093 1061 2133 quem
1086 2080 1220 2118 scribis
1242 2080 1314 2117 tibi
1336 2079 1461 2118 visum
1481 2080 1554 2118 esse
1575 2093 1653 2117 non
1673 2081 1864 2124 alienum,

481 2161 626 2191 vereor,
649 2146 789 2185 adduci
811 2156 853 2184 ut
877 2145 999 2183 nostra
1022 2145 1132 2198 possit
1151 2164 1161 2190 3
1184 2154 1222 2183 et
1244 2145 1321 2183 tuis
1342 2138 1577 2191 δυσδιαγνωςον
1596 2145 1699 2183 effct.
1735 2146 1863 2198 Equi-

482 2214 569 2251 dem
593 2213 676 2251 sum
697 2211 852 2250 facilis:
887 2211 946 2248 sed
979 2221 1020 2249 tu
1042 2211 1181 2255 aberis,
1212 2220 1250 2248 et
1284 2225 1345 2249 ine
1377 2210 1533 2248 absente
1566 2224 1637 2249 res.
1687 2211 1863 2249 Habebis

483 2280 558 2317 inci
583 2279 800 2323 rationem;
835 2290 922 2315 nam
947 2277 1065 2330 posset
1086 2276 1251 2329 aliquid,
1286 2277 1308 2315 li
1332 2276 1475 2314 utervis
1507 2275 1679 2314 nostruin
1710 2276 1863 2321 adesset,

481 2354 617 2397 agente
649 2344 824 2388 Servilio,
858 2344 988 2381 Servio
1021 2343 1102 2381 fieri
1135 2342 1363 2395 probabile:
1399 2355 1518 2385 nunc,
1552 2342 1574 2379 si
1596 2343 1677 2394 jam
1701 2357 1757 2380 res
1779 2342 1864 2395 pla-

482 2419 580 2454 ceat,
618 2409 756 2462 agendi
790 2419 918 2447 tamen
955 2410 1055 2447 viam
1090 2422 1167 2446 non
1200 2408 1326 2446 video.
1376 2408 1496 2447 Nunc
1530 2409 1643 2445 venio
1677 2408 1723 2446 ad
1755 2408 1866 2447 illam

481 2475 698 2529 epistolam,
730 2488 847 2527 quam
870 2475 999 2527 accepi
1022 2489 1040 2511 a
1061 2474 1216 2512 Tullio.
1252 2474 1311 2512 De
1334 2473 1527 2511 Marcello
1550 2472 1672 2511 fecisti
1693 2473 1865 2526 diligen-

483 2551 553 2580 ter.
602 2541 727 2593 Igitur
761 2539 1161 2579 senatus-consultum
1196 2539 1219 2577 li
1253 2540 1325 2577 crit
1347 2538 1511 2584 factum,
1544 2539 1684 2578 scribes
1706 2538 1862 2578 adme:
