2243 3008
552 219 659 257 AD
716 215 1146 254 ATTICUM
1213 216 1480 255 LIB.X1.
1634 230 1709 269 307

326 316 462 356 vides:
493 315 596 354 nihil
625 315 680 354 est
707 314 818 359 mali,
848 312 956 366 quod
985 324 1064 350 non
1098 319 1138 349 et
1172 309 1378 349 sustineam
1406 321 1445 350 et
1478 313 1706 365 expeRem:

325 394 494 435 quarum
513 394 644 418 rerum
664 393 712 418 eo
731 379 885 432 gravior
904 377 958 416 est
976 376 1104 421 dolor,
1133 389 1215 428 quo
1240 375 1358 428 culpa
1385 378 1524 429 major.
1570 377 1642 416 Ille
1669 378 1710 413 in

327 446 477 485 Achaia
501 459 582 484 non
611 446 725 484 ceffat
755 445 803 483 de
832 445 946 482 nobis
976 441 1204 480 detrahere:
1236 440 1339 480 nihil
1360 441 1542 481 videlicet
1563 452 1637 481 tuae
1658 442 1709 480 li-

327 521 415 550 terae
435 510 702 564 profecerunt.
734 509 846 550 Vale.
879 509 981 548 VIII
1003 508 1064 546 Id.
1087 507 1211 545 Mart.

667 715 909 754 Cxcl-:Ro
950 714 1204 751 ATTico
1247 713 1376 750 SAL.

330 842 431 880 XII.
456 841 666 916 CEPH
679 841 835 880 ALIO
865 839 967 878 mihi
987 853 1009 877 a
1028 849 1065 879 te
1085 840 1215 879 literas
1236 839 1406 878 reddidit
1425 852 1459 876 a.
1483 839 1522 877 d.
1542 852 1627 877 vul
1653 840 1712 877 Id.

556 908 680 946 Mart.
701 906 855 958 vespere
873 919 882 943 :
913 918 960 943 eo
982 914 1113 943 autem
1133 905 1196 943 die
1216 918 1330 943 mane
1357 904 1578 942 tabellarios
1599 904 1715 942 mise-

332 986 430 1018 ram,
461 973 607 1026 quibus
628 971 675 1010 ad
705 980 743 1009 te
763 970 943 1008 dederam
973 969 1119 1009 literas.
1160 971 1262 1008 Tuis
1293 979 1424 1007 tamen
1455 969 1563 1008 lectis
1594 969 1718 1006 literis

331 1038 467 1090 putavi
501 1036 652 1090 aliquid
687 1034 978 1074 rescribendum
1012 1035 1099 1081 effe,
1132 1035 1304 1074 maxime
1338 1035 1445 1087 quod
1478 1034 1645 1072 ostendis
1681 1043 1719 1071 te

331 1103 500 1155 pendere
519 1103 657 1147 animi,
689 1113 901 1152 quamnam
932 1101 1124 1139 rationem
1154 1101 1224 1138 sim
1252 1100 1393 1138 Caesari
1416 1099 1603 1137 allaturus
1623 1113 1717 1151 pro-

330 1166 512 1206 fectionis
534 1181 629 1204 meae
649 1175 752 1210 tum,
783 1178 876 1202 cum
903 1178 950 1202 ex
982 1166 1094 1203 Italia
1113 1165 1362 1204 discefferim.
1407 1163 1526 1203 Nihil
1547 1178 1645 1217 opus
1665 1163 1719 1202 est

328 1231 434 1271 mihi
455 1245 554 1270 nova
573 1231 722 1270 ratione
740 1245 749 1269 ε
781 1230 879 1282 saepe
899 1230 1006 1268 enim
1026 1230 1072 1268 ad
1093 1244 1185 1268 eum
1205 1229 1349 1283 scripfi,
1371 1229 1584 1282 multisque
1604 1242 1719 1267 man-

331 1297 434 1342 davi,
466 1311 545 1335 non
566 1296 746 1349 potuisse,
777 1308 871 1333 cum
891 1294 1110 1347 cupiiffem,
1142 1295 1335 1333 sermones
1365 1293 1577 1333 hominum
1606 1294 1719 1332 susti-

328 1376 451 1409 nere,
484 1363 688 1414 multaque
717 1363 758 1400 in
778 1374 864 1404 earn
885 1360 1131 1399 sententiam.
1178 1360 1297 1399 Nihil
1327 1369 1422 1404 erat,
1452 1359 1559 1411 quod
1589 1361 1722 1398 minus

333 1442 426 1467 eum
446 1429 588 1467 vellem
609 1427 842 1472 existimare,
873 1440 991 1478 quam
1013 1440 1075 1465 me
1097 1435 1202 1465 tanta
1222 1426 1269 1464 de
1291 1439 1329 1463 re
1350 1439 1429 1463 non
1451 1439 1539 1463 meo
1559 1426 1723 1463 confilio

335 1493 450 1531 usum
468 1493 555 1531 effe.
602 1491 750 1536 Postea,
781 1505 875 1529 cum
904 1490 1005 1529 mihi
1033 1492 1154 1530 literae
1175 1505 1195 1528 a
1216 1491 1339 1529 Balbo
1361 1490 1548 1528 Cornelio
1570 1491 1722 1528 minore

335 1558 453 1595 missae
474 1557 607 1601 essent,
637 1556 756 1593 illum
775 1555 1008 1600 existimare,
1040 1556 1243 1607 Qintum
1272 1555 1432 1592 fratrem
1459 1555 1606 1592 lituum
1627 1569 1723 1592 meae

336 1621 591 1674 profectionis
611 1619 738 1664 fuifl‘e,
771 1620 844 1670 (ita
863 1620 970 1657 enim
993 1619 1158 1672 scripfit)
1191 1621 1260 1672 qui
1289 1619 1465 1657 nondum
1499 1620 1723 1671 cognoss‘cm

336 1702 423 1740 quae
444 1687 491 1725 de
511 1701 573 1724 me
595 1687 770 1738 Qintus
802 1685 1001 1737 scripfiffet
1032 1686 1076 1722 ad
1107 1687 1283 1723 multos:
1316 1685 1383 1722 etsl
1414 1685 1538 1722 multa
1560 1685 1723 1736 praesens

337 1754 379 1791 in
409 1753 636 1805 praesentem
667 1751 802 1789 acerbe
831 1751 982 1788 dixerat
1011 1761 1049 1789 et
1079 1750 1237 1795 fecerat,
1271 1759 1399 1788 tamen
1431 1749 1530 1788 Nilo
1552 1763 1639 1788 meo
1660 1749 1722 1788 his

337 1819 466 1857 verbis
487 1818 532 1855 ad
555 1817 742 1855 Caesarem
764 1816 907 1868 scripfi.

391 1884 457 1922 De
476 1881 609 1934 Qinto
614 1881 752 1932 fratre
768 1895 840 1919 meo
863 1894 931 1918 non
960 1880 1073 1918 minus
1102 1880 1233 1925 laboro,
1265 1893 1370 1933 quam
1397 1879 1439 1918 de
1466 1893 1518 1917 me
1547 1879 1614 1932 t'pfi
1628 1894 1640 1918 :
1657 1878 1729 1930 ſsd

337 1962 414 1987 eum
443 1947 514 1986 tibi
538 1945 775 1985 commendare
804 1945 868 1983 hoc
895 1958 966 1983 meo
994 1954 1148 1998 tempore
1176 1959 1243 1984 non
1273 1944 1393 1984 audeo.
1434 1944 1532 1983 Illud
1546 1944 1727 1983 duntaxat

337 2022 458 2051 tamen
478 2011 609 2051 audebo
630 2020 756 2064 petere
782 2010 846 2049 abs
873 2020 922 2054 te,
953 2009 1046 2063 quod
1070 2020 1105 2049 te
1133 2025 1206 2055 oro,
1237 2024 1279 2048 ne
1309 2009 1398 2062 quid
1421 2009 1586 2061 exssimes
1604 2009 1726 2048 abillo

327 2079 478 2130 fastum
513 2077 589 2129 affe,
630 2091 696 2129 quo
729 2076 844 2115 minus
871 2090 948 2114 mea
975 2075 1014 2114 in
1043 2084 1078 2114 te
1105 2075 1216 2128 qfficia
1244 2075 1456 2126 carfiano-it,
1498 2075 1656 2127 minusve
1692 2083 1728 2112 te

340 2142 549 2195 diligerem5
584 2141 770 2195 potiusque
788 2141 932 2194 semper
968 2140 1066 2179 illum
1104 2142 1282 2179 aublorem
1319 2139 1444 2192 nostrae
1479 2138 1728 2190 cory‘unfliomk

330 2206 454 2260 suff,
484 2207 616 2260 meique
635 2206 774 2245 itineris
789 2205 961 2250 comitem,
991 2219 1058 2244 non
1078 2204 1211 2244 ducem.
1256 2205 1381 2255 Qare
1407 2202 1547 2241 caeteris
1566 2203 1603 2242 in
1622 2203 1726 2242 rebus

343 2281 488 2310 tantum
519 2272 553 2310 ei
583 2271 733 2316 tribues,
775 2280 948 2324 quantum
982 2270 1187 2308 humanitas
1220 2279 1300 2312 tua,
1335 2267 1562 2320 amicitiaque
1593 2268 1727 2320 vestra,

339 2336 509 2389 postulat.
553 2339 635 2389 Ego
662 2337 695 2376 ci
720 2351 763 2375 ne
792 2335 880 2389 quid
902 2335 1003 2389 apud
1025 2345 1062 2374 te
1088 2334 1203 2385 offm,
1234 2333 1273 2372 id
1298 2342 1334 2372 te
1363 2333 1588 2372 vehementer
1622 2333 1729 2372 etiam

345 2409 454 2454 atque
473 2401 579 2439 etiam
600 2417 700 2454 rogo.

402 2467 535 2519 Qare
564 2466 591 2516 β
617 2467 707 2519 quis
733 2467 954 2520 congrefi'us
975 2466 1094 2507 fuerit
1115 2465 1216 2506 mihi
1237 2479 1328 2505 cum
1352 2464 1511 2509 Caefare,
1545 2463 1629 2515 (etsl
1650 2476 1727 2502 non

1282 2532 1429 2581 qu
