2243 3008
488 280 567 321 470
843 262 1537 303 EPISTOLARUM

486 377 527 407 et
549 366 663 406 fimul
685 365 862 404 dextram
883 363 1056 403 intendit
1083 363 1130 402 ad
1156 363 1336 402 statuam.
1383 354 1468 405 Μηδὲ
1487 357 1620 399 σωθείῖω
1640 360 1742 411 ὐπόγε
1761 358 1883 404 τριέτει,

489 433 576 478 Sed,
610 442 654 470 ut
675 431 826 476 scribis,
858 429 1116 468 certiffimum
1147 428 1221 467 effe
1240 430 1354 468 video
1374 429 1585 466 discrimen
1608 428 1736 467 Cascae
1764 426 1884 469 nostri

490 499 789 542 Tribunatum,
813 496 860 534 de
881 508 960 548 quo
981 495 1144 547 quidem
1164 494 1249 546 ipso
1269 495 1352 532 dixi
1375 495 1525 547 Oppio,
1548 508 1641 533 cum
1663 508 1726 533 me
1747 493 1883 533 horta-

489 575 610 610 retur,
643 573 687 602 ut
707 562 1008 605 adolescentem,
1041 569 1245 612 totamque
1266 560 1434 604 causam,
1467 573 1709 613 manumque
1734 570 1883 599 vetera-

488 644 648 675 norum,
666 629 962 681 compledterer,
985 639 1048 664 me
1069 625 1182 663 nullo
1202 624 1322 663 modo
1341 624 1468 662 facere
1489 624 1607 677 poss‘e,
1629 627 1670 663 ni
1691 626 1792 664 mihi
1813 641 1883 665 ex-

489 699 689 751 ploratum
719 694 824 739 efl‘et,
856 707 948 731 eum
978 706 1057 730 non
1087 691 1209 730 modo
1238 705 1318 729 non
1340 691 1552 728 inimicum
1574 693 1884 742 tyrannoctonis,

489 777 626 803 verum
647 761 767 799 etiam
792 759 982 804 amicum,
1013 757 1112 796 fore.
1160 758 1267 796 Cum
1298 757 1368 795 ille
1397 756 1558 801 diceret,
1590 757 1645 794 ita
1673 755 1882 797 futurum:

489 829 601 880 Qid
629 828 752 880 igitur
781 825 1042 863 festinamus?
1075 825 1266 877 inquam:
1298 823 1360 862 illi
1394 824 1502 862 enim
1533 836 1620 862 mea
1648 837 1765 876 opera
1797 833 1886 863 ante

490 893 660 933 Kalend.
692 893 853 944 Januar.
888 890 991 929 nihil
1019 903 1118 943 opus
1150 890 1230 929 est:
1264 903 1335 928 nos
1365 899 1497 928 autem
1526 891 1610 942 ejus
1640 889 1886 929 voluntatem

489 969 578 998 ante
595 959 688 997 Idus
711 957 906 996 Decemb.
926 956 1207 1009 perspiciemus
1227 956 1269 994 in
1292 955 1425 994 Casca.
1458 953 1569 993 Mihi
1590 953 1701 992 valde
1720 954 1885 994 assensus

488 1025 557 1064 est.
605 1023 878 1077 Qamobrem
911 1021 994 1061 haec
1019 1021 1183 1075 quidem
1203 1020 1406 1060 hactenus.
1454 1021 1575 1073 Qod
1595 1021 1796 1073 reliquum
1817 1020 1886 1066 est,

488 1090 669 1144 quotidie
690 1089 912 1127 tabellarios
942 1087 1121 1133 habebis,
1152 1097 1206 1133 et,
1238 1097 1283 1126 ut
1312 1101 1387 1140 ego
1415 1087 1597 1132 arbitror,
1627 1087 1746 1125 etiam
1779 1085 1889 1139 quod

489 1157 633 1196 scribas
672 1155 837 1195 habebis
876 1154 1071 1208 quotidie.
1122 1155 1259 1208 Leptae
1297 1154 1502 1192 literarum
1539 1153 1771 1206 exemplum
1810 1153 1888 1193 tibi

489 1224 606 1268 mifi,
638 1236 686 1261 ex
715 1234 796 1274 quo
827 1219 931 1259 mihi
964 1220 1120 1259 videtur
1149 1215 1350 1273 ςξοιτύλλοιξ
1377 1219 1447 1258 ille
1477 1218 1649 1272 dejectus
1681 1219 1729 1257 de
1748 1219 1886 1272 gradu.

490 1289 565 1328 Sed
587 1298 645 1335 tu,
677 1301 772 1327 cum
793 1287 949 1340 legeris,
979 1286 1238 1325 existimabis.

547 1355 763 1408 Obfignata
778 1355 862 1407 jam
883 1353 1059 1407 epistola,
1091 1353 1222 1391 literas
1242 1366 1263 1390 a
1283 1361 1321 1390 te
1340 1361 1379 1390 et
1408 1365 1430 1389 a
1462 1353 1580 1390 Sexto
1610 1352 1758 1405 accepi.
1805 1351 1888 1391 Ni-

488 1421 548 1462 hil
564 1420 784 1475 jucundius
805 1419 930 1458 literis
953 1419 1074 1465 Sexti,
1097 1418 1200 1457 nihil
1221 1417 1456 1456 amabilius:
1490 1431 1581 1456 nam
1603 1426 1693 1463 tuve,
1727 1417 1886 1457 breves:

489 1489 637 1543 priores
670 1496 778 1525 erant
811 1485 1032 1524 uberrimae.
1079 1487 1148 1523 Tu
1180 1484 1344 1537 quidem
1378 1493 1418 1522 et
1447 1484 1660 1537 prudenter
1694 1493 1733 1521 et
1763 1484 1890 1523 amice

490 1554 639 1599 suades,
671 1562 716 1591 ut
735 1553 777 1590 in
799 1551 860 1590 his
883 1551 981 1607 locis
1002 1551 1248 1604 potiffimum
1269 1550 1355 1595 fim,
1387 1549 1516 1603 quoad
1537 1549 1757 1595 audiamus,
1788 1549 1888 1597 haec,

488 1635 576 1675 quae
597 1627 800 1659 commota
820 1618 924 1664 sunt,
943 1617 1132 1671 quorsum
1152 1616 1330 1655 evadant.
1364 1617 1438 1654 Sed
1457 1631 1536 1662 me,
1559 1616 1617 1654 mi
1637 1617 1787 1662 Attice,
1811 1630 1891 1655 non

488 1688 576 1726 sane
596 1686 674 1725 hoc
695 1684 858 1739 quidem
881 1693 1058 1737 tempore
1079 1693 1212 1722 movet
1235 1682 1500 1737 Respublica;
1533 1697 1613 1722 non
1641 1696 1722 1735 quo
1748 1692 1815 1721 aut
1845 1683 1892 1722 sit

489 1753 592 1793 mihi
614 1752 833 1806 quidquam
861 1751 1003 1796 carius,
1034 1759 1102 1788 aut
1133 1749 1205 1789 effe
1236 1750 1401 1788 debeat:
1435 1750 1498 1788 sed
1530 1749 1739 1803 desperatis
1770 1750 1891 1788 etiam

489 1821 757 1873 Hippocrates
779 1826 883 1857 vetat
903 1816 1089 1856 adhibere
1110 1817 1365 1856 medicinam.
1390 1818 1522 1868 Qare
1542 1815 1611 1855 ista
1631 1817 1802 1855 valeant:
1827 1830 1892 1855 me

490 1899 548 1925 res
570 1885 776 1924 familiaris
798 1893 931 1923 movet
950 1899 959 1923 ;
984 1897 1065 1922 rem
1088 1883 1178 1922 dico
1197 1884 1210 1921 ?
1233 1883 1361 1922 immo
1381 1897 1472 1921 vero
1492 1881 1744 1922 existimatio.
1784 1883 1891 1921 Cum

488 1952 597 1990 enim
632 1960 739 1989 tanta
775 1950 925 2003 reliqua
959 1950 1048 1995 fint,
1090 1963 1138 1988 ne
1172 1951 1371 1988 Terentiae
1407 1949 1570 2002 quidem
1605 1947 1750 1994 adhuc,
1782 1948 1892 2001 quod

489 2017 653 2062 solvam,
685 2015 918 2069 expeditum
939 2015 1006 2054 est.
1041 2016 1273 2054 Terentiam
1295 2015 1385 2053 dico
1405 2015 1418 2052 ?
1450 2015 1522 2052 scis
1546 2028 1615 2052 nos
1637 2014 1789 2068 pridem
1806 2016 1892 2067 jam

488 2081 729 2122 constituiffe
751 2081 939 2119 Montani
972 2081 1135 2119 nomine
1166 2081 1259 2119 H-S
1292 2094 1381 2118 xxv
1415 2080 1631 2119 dissolvere.
1680 2080 1892 2120 Pudentis-

489 2150 584 2188 fime
605 2147 681 2187 hoc
714 2147 856 2186 Cicero
886 2148 1066 2200 petierat,
1099 2156 1141 2185 ut
1174 2147 1249 2185 fide
1281 2147 1357 2185 sua.
1406 2146 1707 2193 Liberaliffirnc,
1741 2157 1784 2185 ut
1815 2146 1891 2185 tibi

488 2229 648 2269 quoque
669 2213 883 2267 placuerat,
915 2213 1198 2266 promiseram;
1232 2213 1426 2266 Erotique
1452 2213 1644 2257 dixeram,
1677 2222 1720 2251 ut
1748 2212 1890 2266 seposi-

488 2291 576 2319 tum
599 2279 774 2318 haberet.
808 2280 904 2318 Non
926 2280 1066 2318 modo:
1092 2279 1154 2318 sed
1176 2279 1419 2332 iniquiffimo
1441 2277 1592 2317 foenore
1613 2278 1807 2317 versuram
1830 2277 1891 2317 fa-

488 2360 575 2386 cere
597 2346 783 2384 Aurelius
805 2348 962 2384 coactus
983 2345 1050 2385 est.
1100 2347 1205 2385 Nam
1234 2345 1280 2383 de
1302 2345 1500 2383 Terentia:
1530 2345 1691 2382 nomine
1712 2345 1814 2383 Tiro
1845 2345 1892 2383 ad

488 2426 553 2451 me
574 2411 739 2465 scripfit,
772 2420 809 2449 te
830 2411 974 2457 dicere,
1007 2426 1193 2452 nummos
1219 2425 1239 2450 a
1272 2411 1480 2450 Dolabella
1513 2410 1609 2449 sore.
1660 2410 1770 2449 Male
1799 2425 1892 2449 eum

489 2477 608 2517 credo
637 2477 884 2523 intellexisse,
917 2477 941 2516 fi
978 2478 1188 2532 quisquam
1219 2478 1320 2516 male
1353 2477 1572 2529 intelligit;
1606 2477 1755 2530 potius,
1788 2475 1891 2514 nihil

491 2543 752 2584 intellexisse:
786 2553 828 2583 tu
863 2544 973 2584 enim
1002 2545 1049 2585 ad
1080 2559 1144 2585 me
1174 2544 1355 2599 scripsisti
1385 2543 1549 2584 Cocceii
1580 2542 1824 2597 responsum,
1854 2551 1894 2581 et

2224 1260 2243 1499 „affin-‚⁶:-
2228 1034 2243 1228 ;-·--;-.-
2239 999 2243 1015 ..
2238 964 2243 974 -

2235 1851 2243 1866 n
2235 1810 2243 1825 ᾳ
2234 1731 2243 1756 --
2228 1664 2243 1715 .ss
2227 1519 2243 1650 -‘Au.⁸.m.
