2243 3008
591 313 670 349 224
936 295 1624 336 EPISTOLARUM

585 409 738 455 gerant,
762 412 862 438 num
879 412 1001 452 quem
1021 397 1218 442 accusent,
1239 410 1337 436 num
1357 397 1423 435 cui
1443 396 1704 436 succenseant.
1738 397 1848 450 Qid
1868 397 1974 444 dico,

590 482 688 506 num
708 467 775 506 cui
793 467 806 504 ?
837 479 936 504 num
956 465 1147 517 Pompeio
1165 465 1180 502 ?
1210 463 1376 502 omnino
1399 463 1559 523 culpam
1578 477 1739 503 omnem
1762 465 1975 518 Pompeius

588 535 630 573 in
665 532 896 572 Domitium
929 529 1083 570 confert
1101 545 1110 569 :
1148 528 1256 583 quod
1291 529 1408 581 ipfius
1442 529 1567 568 literis
1589 528 1786 583 'cognosci
1819 529 1944 584 potest
1962 548 1973 575 ς

587 613 756 653 quarum
775 597 1004 650 exemplum
1024 596 1072 634 ad
1090 605 1129 634 te
1147 595 1282 634 mitto.
1314 595 1413 633 Haec
1434 594 1557 646 igitur
1576 596 1727 636 videbis
1742 616 1755 642 5
1787 606 1841 643 et,
1867 595 1976 649 quod

587 665 636 702 ad
657 674 693 702 te
712 672 801 702 ante
821 662 965 715 scripti,
984 661 1181 700 Demetrii
1201 659 1403 712 Magnetis
1424 658 1588 706 librum,
1605 674 1728 714 quem
1742 660 1790 700 ad
1812 671 1850 701 te
1869 660 1975 701 mifit

584 731 636 769 de
656 729 880 774 concordia,
911 728 1032 767 velim
1052 727 1154 766 mihi
1174 727 1324 766 mittas.

607 928 690 965 CN.
723 925 932 964 MAGNUS
966 924 1157 962 Pnocos.
1200 922 1265 961 M.
1298 922 1585 968 MARCELLO,
1625 923 1676 963 L.
1707 923 1953 969 Laurum,

1131 989 1259 1027 Coss.
1301 988 1341 1027 S.
1373 987 1429 1027 D.

680 1121 716 1160 G
733 1121 783 1164 0,
812 1117 908 1172 quod
930 1114 1183 1170 exstimabam
1212 1114 1377 1169 dispersos
1407 1129 1482 1161 nos,
1514 1130 1623 1170 neque
1650 1115 1869 1170 Rexpubh'cae
1897 1114 1975 1154 uti-

681 1186 744 1231 les,
773 1198 885 1237 neque
912 1182 1010 1222 nobis
1029 1180 1209 1235 praestdio,
1239 1180 1300 1234 effe
1322 1179 1430 1234 post,
1459 1180 1591 1222 idcirco
1619 1182 1671 1222 ad
1696 1184 1750 1223 L.
1771 1181 1977 1223 Domitium

585 1253 712 1292 literas
730 1249 818 1301 tufi,
841 1248 1003 1302 primum
1031 1247 1090 1286 uti
1116 1247 1186 1300 121>st
1214 1260 1295 1286 cum
1324 1245 1421 1285 omni
1447 1246 1548 1299 copia
1580 1246 1632 1286 ad
1659 1261 1720 1286 nos
1747 1246 1889 1286 veniret
1905 1261 1919 1283 .·
1935 1245 1979 1295 Ji

585 1319 678 1371 dese
695 1315 895 1361 dubitaret,
924 1323 968 1354 ut
997 1314 1157 1353 cohortes
1181 1327 1267 1359 mx,
1296 1327 1377 1366 quae
1405 1326 1449 1352 ex
1479 1313 1614 1354 Piceno
1641 1312 1696 1352 ad
1721 1327 1773 1352 me
1800 1313 1873 1352 iter
1904 1311 1975 1350 ha-

586 1384 733 1428 bebant,
761 1381 814 1422 ad
837 1395 898 1420 nos
916 1381 1094 1420 mitteret.
1142 1378 1248 1432 Qod
1272 1379 1415 1418 veritus
1428 1379 1533 1432 fiam,
1547 1379 1700 1431 fidum
1731 1379 1790 1432 est,
1822 1389 1863 1417 ut
1888 1379 1976 1417 Do-

585 1450 708 1489 mitius
725 1448 974 1502 implicaretur
988 1465 1001 1492 ;
1031 1460 1142 1500 neque
1159 1445 1229 1499 ipst‘
1235 1445 1334 1498 satis
1337 1445 1476 1498 firmus
1495 1444 1575 1499 efflt
1593 1445 1646 1485 ad
1659 1445 1776 1498 castra
1780 1443 1974 1498 facienda,

585 1521 680 1576 quod
694 1535 787 1560 meas
810 1533 900 1565 mx,
929 1528 967 1558 et
981 1518 1073 1572 suas
1100 1532 1176 1562 111,
1205 1517 1366 1556 cohortes
1392 1517 1512 1556 tribus
1535 1517 1574 1556 in
1604 1517 1737 1571 oppidis
1769 1516 1978 1568 dssributas

584 1588 733 1628 haberet
750 1602 764 1625 :
796 1599 880 1625 nam
903 1582 1050 1639 partim
1073 1581 1198 1627 Alba,
1221 1582 1366 1636 partim
1395 1583 1573 1628 Sulmone,
1603 1582 1792 1622 collocavit
1807 1598 1821 1621 .·
1850 1596 1976 1637 neque,

568 1654 614 1706 fi
629 1653 751 1697 vellet,
781 1650 944 1705 expedire
954 1648 1079 1703 poffi’t.
1124 1650 1239 1688 Nunc
1252 1648 1402 1701 scitote.
1432 1663 1486 1687 me
1503 1647 1564 1701 effe
1588 1648 1627 1687 in
1631 1649 1778 1701 summa
1792 1648 1976 1703 sollicitu-

583 1719 677 1759 dine.
722 1719 823 1757 Nam
851 1725 888 1756 et
915 1724 971 1755 tot
999 1725 1036 1754 et
1060 1715 1152 1754 tales
1170 1714 1271 1754 viros
1282 1714 1445 1768 periculo
1463 1712 1640 1766 obfiaffom}
1659 1714 1815 1754 liberare
1844 1714 1944 1768 cupio
1959 1729 1976 1753 .-

585 1799 695 1839 neque
698 1782 853 1838 staebfidio
872 1783 926 1821 ire
937 1780 1084 1836 poffum,
1115 1780 1210 1834 quod
1228 1780 1285 1820 his
1311 1779 1450 1819 duabus
1476 1779 1669 1832 legionibus
1700 1795 1770 1819 non
1792 1788 1885 1833 puto
1915 1778 1978 1832 ff

583 1849 880 1894 committendum,
910 1856 954 1886 ut
985 1847 1069 1885 illuc
1099 1846 1284 1886 ducantur
1298 1861 1314 1884 :
1343 1860 1386 1885 ex
1415 1845 1541 1899 quibus
1572 1854 1692 1884 tamen
1723 1860 1792 1885 non
1822 1845 1976 1898 amplius

584 1931 658 1954 xtr
682 1916 842 1954 cohortes
872 1912 1085 1952 contrahere
1108 1912 1218 1966 potui
1229 1929 1241 1956 ;
1272 1911 1366 1965 quod
1394 1910 1636 1962 Brundtfium
1658 1911 1867 1964 praestdimn
1885 1911 1974 1962 mili,

583 1995 694 2034 neque
724 1979 914 2031 Camfium
931 1978 1015 2028 stne
1038 1976 1217 2029 praestdio,
1244 1976 1330 2015 dum
1352 1976 1508 2030 abeſjenn
1532 1977 1675 2030 putavi
1701 1976 1762 2029 effe
1790 1976 1974 2016 dimitten-

584 2047 682 2086 dum.
720 2047 780 2086 D.
803 2044 920 2085 Laelio
939 2042 1164 2088 mandaram,
1193 2042 1289 2095 quod
1299 2041 1449 2094 majores
1468 2043 1584 2096 copias
1597 2041 1794 2096 sperabam
1825 2057 1887 2082 nos
1904 2043 1972 2082 ba-

584 2113 737 2158 bituros,
767 2121 824 2157 ut,
839 2111 882 2163 ſs
909 2109 1008 2149 vobis
1039 2109 1240 2154 videretur,
1270 2109 1450 2147 alteruter
1474 2109 1630 2160 vestrum
1660 2109 1712 2148 ad
1732 2123 1785 2148 me
1803 2109 1973 2154 venirem

584 2181 682 2220 alter
709 2179 747 2218 in
776 2177 934 2218 Siciliam
964 2190 1043 2215 cum
1069 2190 1111 2215 ea
1134 2176 1247 2230 copia,
1278 2190 1384 2230 quam
1405 2179 1557 2230 Capite,
1585 2185 1622 2215 et
1641 2176 1776 2215 circum
1796 2178 1975 2228 Capuam,

584 2245 824 2299 comparastis,
855 2252 890 2283 et
919 2257 998 2282 cum
1026 2242 1069 2281 iis
1096 2241 1281 2287 militibus,
1311 2256 1395 2295 quos
1424 2243 1460 2282 F
1461 2242 1577 2294 castus
1604 2242 1707 2294 legit,
1731 2242 1974 2295 proficficre-

586 2321 679 2357 tur;
712 2310 898 2351 Domitius
926 2323 1005 2348 cum
1033 2322 1098 2346 ιιι
1109 2308 1190 2361 fisis
1216 2308 1418 2348 cohortibus
1438 2307 1550 2347 eodem
1569 2307 1854 2360 adjungeretum
1886 2308 1973 2346 reli-

585 2392 666 2432 qua*
692 2377 800 2430 copiae
827 2390 939 2415 omnes
968 2374 1209 2426 Brundqfium
1236 2384 1463 2427 cogerentur,
1494 2382 1529 2412 ct
1548 2373 1627 2412 inde
1646 2372 1800 2411 naz-ibus
1821 2375 1972 2426 Dyrra·

586 2443 705 2482 chium
725 2443 1082 2494 transponerentur.
1115 2441 1239 2485 Nunc,
1267 2454 1348 2479 cum
1366 2440 1429 2479 hoc
1448 2448 1602 2491 tempore
1630 2438 1738 2477 nihilo
1766 2439 1880 2492 tnagis
1897 2452 1972 2492 ego.

587 2523 693 2563 quam
720 2523 798 2553 vos,
820 2506 974 2562 fiebſsdio
1004 2507 1166 2549 Domitio
1194 2506 1247 2546 ire
1268 2507 1399 2561 posp'm,
1418 2507 1486 2561 stu
1510 2514 1580 2558 per
1606 2514 1738 2545 montes
1766 2505 1970 2559 aplicare,

589 2590 658 2615 non
678 2575 723 2629 ss
742 2575 837 2616 nobis
857 2573 1154 2621 committendum,
1183 2582 1226 2614 ut
1246 2573 1298 2614 od
1311 2573 1376 2613 has
1397 2588 1469 2612 ,τιν
1493 2572 1665 2619 cohortes,
1688 2585 1772 2625 quos
1791 2585 1853 2625 ego
1871 2570 1973 2610 dubio
