2243 3008
520 239 626 277 AD
686 236 1115 276 ATTICUM
1182 239 1491 281 LIB.X111.
1622 256 1697 296 379

652 470 894 508 Cre-eno
936 471 1191 508 Αττιεο
1234 471 1363 508 SAL.

312 597 511 636 XXVIII.
535 595 662 669 ΗΟ
676 599 808 637 RTO
822 599 844 636 S
874 597 1062 650 quoniam
1082 595 1200 635 hodie
1219 609 1298 634 eras
1321 596 1576 649 inspedfflrus,
1599 599 1694 650 quid

645 664 771 702 visum
793 663 865 701 tibi
887 663 947 707 s1t,
978 674 1060 699 cras
1081 661 1244 700 scilicet.
1278 663 1341 700 De
1362 662 1527 700 Faberio
1548 672 1693 708 autem,

311 741 404 766 cum
425 728 587 766 venerit.
623 729 687 766 De
705 726 865 780 epistola
884 727 930 765 ad
952 726 1156 771 Caesarem,
1182 727 1314 778 jurato
1335 725 1436 765 mihi
1458 727 1584 772 crede,
1616 740 1695 765 non

310 793 484 846 possum;
509 807 579 831 nec
600 807 663 832 me
684 793 889 846 turpitudo
909 793 1094 838 deterret;
1117 792 1184 831 etfi
1205 794 1377 831 maxime
1396 793 1552 831 debeat:
1577 806 1695 845 quam

312 858 420 895 enim
442 859 566 910 turpis
586 858 640 896 est
659 858 872 903 assentatio,
903 871 997 896 cum
1016 858 1144 895 vivere
1168 857 1296 909 ipsum
1327 867 1440 910 turpe
1471 858 1516 896 sit
1547 857 1660 895 nobis
1680 857 1693 894 ?

312 923 386 961 Sed
407 933 450 962 ut
470 925 588 976 coepi‚
621 937 699 962 non
721 937 784 962 me
804 923 881 962 hoc
901 931 1015 975 turpe
1034 923 1227 969 deterret;
1259 936 1303 961 ac
1331 924 1473 961 vellem
1503 923 1664 975 quidem
1682 941 1693 967 ς

311 989 426 1027 effem
459 990 581 1034 enim,
619 990 689 1042 qui
722 989 794 1027 effe
828 989 1016 1027 debeam:
1055 988 1118 1026 sed
1152 988 1193 1025 in
1225 998 1398 1026 mentem
1434 987 1537 1026 nihil
1571 988 1692 1026 venit.

311 1054 434 1099 Nam,
453 1067 538 1106 quae
559 1053 648 1092 sunt
668 1055 713 1092 ad
730 1054 999 1092 Alexandrum
1020 1052 1231 1092 hominum
1252 1053 1525 1106 eloquentium
1541 1062 1580 1091 et
1600 1053 1695 1090 doc-

311 1128 445 1156 torum
467 1118 669 1164 suafiones,
701 1119 806 1177 yides
827 1118 972 1171 quibus
1000 1119 1041 1155 in
1063 1117 1176 1156 rebus
1197 1118 1408 1156 versentur.
1455 1118 1696 1155 Adolescen-

311 1194 408 1228 tem,
453 1184 656 1222 incensum
691 1184 906 1237 cupiditate
940 1183 1139 1221 veriffimae
1173 1184 1321 1235 gloriae,
1366 1184 1592 1235 cupientem
1627 1183 1698 1220 fibi

312 1249 463 1301 aliquid
483 1249 634 1287 confilii
656 1249 751 1294 dari,
783 1249 890 1301 quod
910 1248 956 1285 ad
978 1247 1133 1285 laudem
1154 1247 1427 1300 sempiternam
1449 1248 1604 1292 valeret,
1627 1260 1696 1285 co-

311 1312 533 1353 hortantur.
566 1314 631 1352 Ad
650 1315 768 1352 decus
791 1327 870 1351 non
892 1313 993 1351 deest
1013 1313 1164 1351 oratio:
1196 1326 1269 1365 ego
1289 1313 1386 1365 quid
1406 1313 1558 1365 possum
1578 1313 1591 1350 ?
1614 1314 1697 1350 Ta·

312 1392 404 1419 rnen
425 1380 556 1418 nescio
574 1379 671 1432 quid
691 1393 711 1418 e
731 1392 878 1433 quercu
899 1378 1198 1431 exsculpseram‚
1229 1378 1336 1431 quod
1360 1378 1557 1416 videretur
1576 1377 1700 1415 {imile

314 1446 524 1484 fimulacri.
570 1447 616 1483 In
641 1458 688 1483 eo
707 1445 800 1497 quia
820 1444 1011 1482 nonnulla
1030 1451 1138 1482 erant
1158 1443 1276 1496 paulo
1296 1443 1472 1488 meliora,
1504 1456 1621 1495 quarn
1642 1455 1699 1487 ea,

312 1522 399 1562 quae
434 1509 536 1547 fiunt
565 1518 606 1547 et
636 1508 735 1547 fasta
766 1509 870 1553 sunt,
902 1507 1269 1560 reprehenduntur;
1301 1507 1409 1560 quod
1439 1521 1502 1546 me
1533 1507 1700 1545 minime

314 1575 482 1628 poenitet
500 1589 508 1612 :
542 1574 568 1612 fi
589 1574 696 1611 enirn
716 1572 972 1626 pervenissent
993 1572 1070 1610 istae
1090 1572 1226 1617 literae,
1247 1572 1349 1610 mihi
1370 1571 1496 1617 crede,
1519 1585 1589 1610 nos
1611 1584 1698 1624 poe-

315 1641 458 1679 niteret
476 1641 489 1677 ?
522 1639 661 1691 Qid?
694 1648 736 1676 tu
769 1651 847 1676 non
869 1637 975 1676 vides
996 1637 1124 1690 ipsum
1145 1637 1263 1675 illum
1283 1637 1504 1675 Aristotelis
1524 1636 1698 1688 discipu-

315 1707 416 1751 lum,
442 1706 598 1744 summo
618 1705 792 1757 ingenio,
815 1704 966 1742 summa
985 1702 1184 1748 modestia,
1208 1703 1454 1755 posteaquam
1476 1716 1542 1740 rex
1563 1701 1698 1754 appel-

314 1771 416 1808 latus
449 1771 508 1815 fit,
541 1769 767 1822 superbum,
798 1767 1013 1813 crudelem,
1045 1767 1364 1811 immoderatum,
1395 1766 1538 1805 fuiffe?
1570 1765 1698 1817 quid?

315 1845 359 1874 tu
380 1835 488 1874 hunc
508 1835 555 1872 de
575 1847 733 1887 pompa,
765 1833 926 1885 Qirini
947 1833 1285 1877 contubernalem,
1315 1831 1377 1869 his
1402 1831 1540 1869 nostris
1561 1830 1698 1868 mode-

316 1901 407 1939 ratis
431 1899 603 1953 epistolis
634 1899 856 1936 laetaturum
887 1899 1033 1951 putas?
1064 1897 1132 1935 ille
1162 1910 1253 1935 vero
1284 1897 1416 1949 potius
1449 1909 1527 1933 non
1560 1895 1701 1947 scripta

315 1965 515 2010 defideret,
547 1977 666 2017 quam
686 1963 828 2016 scripta
847 1976 926 2001 non
947 1962 1100 2015 probet.
1134 1961 1347 2006 Postremo,
1370 1970 1414 1998 ut
1434 1961 1553 1999 volet.
1586 1960 1700 1997 Abiit

317 2030 430 2076 illud,
462 2029 569 2083 quod
603 2038 690 2067 tum
722 2041 785 2066 me
819 2027 1057 2072 stimulabat,
1089 2026 1196 2078 quod
1231 2026 1305 2064 tibi
1336 2025 1490 2069 dabam,
1522 2020 1700 2073 πρὸξλημα.

316 2088 531 2148 ὶξχιμήὸειον.
578 2095 716 2132 Multo
742 2093 967 2132 mehercule
998 2093 1123 2144 magis
1156 2106 1262 2130 nunc
1293 2101 1388 2144 opto
1415 2091 1544 2128 casum
1567 2089 1697 2132 illum,

317 2174 435 2214 quam
457 2170 543 2198 tum
565 2159 768 2204 timebam,
800 2159 861 2197 vel
882 2171 1000 2211 quem
1022 2157 1178 2195 libebit.
1212 2157 1297 2195 Nifi
1319 2155 1414 2207 quid
1437 2165 1472 2192 te
1493 2153 1597 2192 aliud
1620 2154 1697 2190 im-

317 2225 461 2277 pediet,
492 2225 548 2262 mi
579 2233 714 2276 optato
741 2224 904 2261 veneris.
951 2223 1088 2261 Nicias
1121 2235 1142 2258 a
1174 2220 1381 2259 Dolabella
1412 2232 1554 2269 magno
1585 2230 1700 2269 opere

318 2289 526 2334 arcessitus,
561 2290 655 2341 (legi
677 2290 781 2327 enim
803 2288 951 2339 literas)
975 2288 1041 2326 etsl
1063 2287 1188 2324 invito
1209 2299 1286 2332 me,
1319 2295 1446 2323 tamen
1469 2283 1605 2321 eodem
1638 2296 1699 2319 mc

317 2356 484 2399 auctore,
515 2353 710 2406 profectus
730 2354 797 2392 est.
831 2354 921 2392 Hoc
943 2366 1059 2391 manu
1082 2365 1180 2390 mea.

1212 2542 1402 2580 ssbb:
