2243 3008
588 236 673 275 400
942 221 1627 261 EPISTOLARUM

589 321 887 361 verecundiam!
911 321 981 374 qui
1001 321 1120 373 legari
1140 321 1335 359 noluerim
1351 330 1438 359 ante
1459 334 1516 359 res
1538 321 1720 373 prolatas,
1739 334 1786 359 ne
1807 320 1975 359 deserere

593 387 744 426 viderer
763 386 870 426 hunc
892 399 1020 425 rerum
1042 399 1238 424 rumorem
1255 404 1266 430 ς
1298 386 1363 423 cui
1384 395 1487 424 certe
1507 386 1533 424 si
1554 386 1699 438 poffem
1720 387 1882 431 mederi,
1903 387 1973 424 de·

593 453 667 492 effe
688 466 766 492 non
787 452 995 490 deberem:
1029 450 1090 488 sed
1120 450 1225 488 vides
1258 450 1517 502 magistratus,
1549 451 1575 489 si
1605 451 1766 504 quidem
1797 452 1859 490 illi
1888 465 1973 489 ma-

594 518 774 570 gistratus
794 532 802 555 :
840 517 946 555 vides
983 526 1112 554 tamen
1147 514 1301 565 tyranni
1336 514 1516 552 satellites
1551 516 1591 553 in
1626 517 1829 568 imperiis;
1868 517 1974 554 vides

595 583 767 635 ejusdem
797 582 990 620 exercitus
1016 580 1055 617 in
1078 579 1194 616 latere
1215 588 1441 623 veteranos;
1473 593 1559 631 quae
1591 579 1679 618 sunt
1710 580 1858 629 εὐρὶπιςα,
1886 594 1975 619 om-

596 650 686 686 nia:
719 661 783 686 eos
804 656 933 684 autem
954 646 1023 697 qui
1043 645 1150 682 orbis
1172 654 1280 682 terrae
1300 643 1485 682 custodiis
1506 657 1583 682 non
1617 645 1735 683 modo
1766 645 1877 698 septi,
1909 660 1976 684 ve·

596 728 685 752 rum
719 714 835 751 etiam
870 711 1018 763 magni,
1046 710 1121 748 effe
1150 709 1358 754 debebant,
1390 719 1545 748 tantum
1577 722 1655 747 non
1685 710 1832 748 laudari
1860 721 1977 764 atque

595 778 730 821 amari,
749 776 810 814 sed
832 776 1043 828 parietibus
1064 774 1272 812 contineri.
1297 775 1423 826 Atqui
1444 775 1504 813 illi
1525 787 1686 827 quoquo
1707 774 1826 812 modo
1846 775 1945 813 beati
1963 795 1974 820 ;

594 844 732 882 civitas
756 842 905 880 misera.
953 840 1025 878 Sed
1056 840 1175 878 velim
1205 839 1299 878 scire
1328 840 1425 892 quid
1456 841 1643 878 adventus
1666 840 1848 884 Oc'tavi15
1881 854 1978 880 num

594 909 667 962 qui
687 906 896 946 concursus
917 906 964 943 ad
984 919 1090 950 eum,
1122 918 1219 942 num
1239 918 1324 956 quae
1346 902 1535 952 νεωτερισμέ
1552 904 1732 957 suspicio.
1765 905 1859 943 Non
1881 915 1979 958 puto

593 974 781 1026 equidem
801 988 809 1011 :
843 972 905 1010 sed
928 981 1054 1010 tamen
1078 971 1275 1023 quidquid
1294 970 1362 1016 est,
1384 970 1479 1009 scire
1499 972 1632 1024 cupio.
1663 972 1763 1010 Haec
1783 971 1913 1024 scripsi
1932 972 1980 1010 ad

595 1049 636 1078 te
655 1038 904 1092 proficiscens
926 1036 1066 1075 Astura
1087 1049 1143 1075 111
1167 1035 1275 1075 Idus.

933 1241 1176 1279 CICERO
1216 1240 1471 1277 ATT1co
1512 1239 1642 1278 SAL.

595 1368 670 1407 VI.
696 1367 750 1440 P
764 1369 798 1407 R
813 1369 832 1407 1
846 1369 884 1406 D
899 1369 914 1406 1
930 1369 963 1406 E
996 1367 1088 1406 Idus
1110 1367 1260 1406 Fundis
1281 1367 1414 1419 accepi
1435 1375 1518 1405 tuas
1540 1367 1669 1406 literas
1685 1379 1857 1406 coenans.
1891 1367 1979 1405 Pri·

774 1447 887 1472 mum
917 1434 1040 1485 igitur
1069 1433 1210 1471 melius
1243 1432 1342 1470 effe:
1375 1431 1514 1470 deinde
1544 1432 1707 1470 meliora
1727 1441 1765 1470 te
1786 1433 1979 1470 nuntiare.

598 1499 745 1538 Odiosa
771 1499 839 1536 illa
865 1499 972 1536 enim
1001 1496 1171 1542 fuerant,
1202 1497 1376 1549 legiones
1409 1497 1553 1535 venire.
1599 1497 1706 1535 Nam
1738 1496 1786 1534 de
1818 1497 1983 1535 O&avio

597 1565 734 1617 susque
766 1563 906 1616 deque.
953 1564 1131 1615 Expecto
1163 1562 1260 1615 quid
1292 1562 1339 1599 de
1374 1562 1533 1608 Mari03
1566 1575 1684 1615 quem
1717 1561 1879 1614 quidem
1911 1575 1985 1614 ego

597 1631 795 1669 sublatum
816 1630 926 1667 rebar
945 1642 967 1666 a
992 1628 1152 1667 Caesare.
1199 1627 1368 1666 Antonii
1398 1627 1646 1680 colloquium
1676 1641 1768 1666 cum
1798 1627 1984 1666 heroibus

594 1696 735 1736 nostris
768 1709 839 1749 pro
870 1709 909 1733 re
940 1703 1028 1733 nata
1059 1708 1137 1732 non
1171 1693 1501 1732 incommodum:
1534 1694 1596 1732 sed
1622 1704 1750 1732 tamen
1773 1693 1901 1732 adhuc
1923 1707 1985 1731 me

596 1761 699 1800 nihil
721 1761 885 1800 delcetat
916 1769 1053 1813 praeter
1084 1760 1176 1798 Idus
1207 1760 1330 1797 Mart.
1364 1759 1485 1804 Nam,
1517 1760 1704 1811 quoniam
1727 1758 1877 1797 Fundis
1899 1758 1985 1796 sum

593 1841 689 1866 cum
725 1827 872 1879 Ligure
904 1825 1048 1870 nostro,
1079 1825 1307 1870 discrucior,
1340 1825 1493 1862 Sextilii
1524 1824 1694 1863 fundum
1724 1837 1744 1861 a
1774 1823 1983 1862 verberone

597 1893 771 1931 Curtilio
791 1891 995 1945 possideri:
1028 1891 1135 1943 quod
1156 1905 1248 1929 cum
1270 1890 1373 1934 dico,
1405 1890 1452 1928 de
1474 1900 1557 1929 toto
1577 1904 1716 1943 genere
1737 1890 1840 1928 dico.
1874 1889 1984 1941 Qid

595 1960 704 1997 enim
725 1957 917 2002 miserius,
949 1971 1068 2008 quam
1089 1970 1132 1994 ea
1152 1970 1221 1994 nos
1244 1956 1358 2000 tueri,
1390 1966 1548 2008 propter
1579 1971 1665 2009 quae
1698 1957 1813 1994 illum
1845 1957 1982 1994 odera-

595 2037 685 2062 mus
704 2024 718 2061 ?
745 2023 929 2061 Etiamne
950 2021 1140 2060 Consules
1161 2031 1199 2059 et
1221 2021 1424 2059 Tribunos
1446 2021 1572 2073 plebis
1595 2022 1633 2059 in
1657 2022 1862 2059 biennium
1884 2034 1983 2074 quos

597 2089 667 2128 ille
686 2088 844 2127 voluit?
877 2087 1006 2126 Nullo
1026 2086 1145 2125 modo
1166 2087 1315 2140 reperio
1344 2086 1681 2138 quemadmodum
1712 2087 1848 2139 possim
1880 2093 1982 2121 πολι-

594 2151 737 2190 τεύεοθαι
755 2169 764 2193 :
798 2151 899 2191 nihil
920 2153 1027 2191 enim
1049 2162 1129 2190 tam
1149 2150 1307 2193 σόλοικον,
1329 2164 1447 2204 quam
1468 2151 1698 2201 πριννοκτὸνες
1718 2154 1757 2190 in
1780 2152 1875 2190 caelo
1895 2151 1982 2196 esse,

596 2219 752 2271 tyranni
773 2218 872 2257 fasta
892 2217 1064 2256 defendi.
1111 2217 1183 2255 Sed
1212 2216 1317 2254 vides
1340 2216 1546 2259 Consules.
1578 2216 1683 2254 vides
1706 2218 1877 2270 reliquos
1899 2230 1983 2255 ma-

595 2284 792 2336 gistratus,
824 2284 850 2322 si
870 2283 931 2321 isti
952 2283 1225 2336 magistratus:
1258 2281 1364 2320 vides
1386 2282 1615 2335 languorem
1645 2282 1853 2321 bonorum.
1899 2283 1982 2320 Ex·

597 2350 726 2388 ultant
747 2349 882 2387 laetitia
902 2350 942 2386 in
965 2349 1219 2401 municipiis:
1243 2347 1320 2386 dici
1336 2347 1443 2385 enim
1464 2361 1539 2385 non
1559 2347 1681 2399 potest
1701 2358 1849 2401 quanto
1870 2361 1985 2400 opere

595 2413 803 2467 gaudeant,
837 2422 879 2450 ut
909 2412 955 2450 ad
985 2426 1049 2450 me
1079 2421 1328 2457 concurrant,
1361 2422 1404 2450 ut
1431 2412 1563 2450 audire
1584 2414 1745 2465 cupiant
1767 2413 1881 2452 verba
1901 2424 1985 2449 mea

593 2494 639 2520 ea
659 2480 705 2518 dc
726 2493 764 2519 rc
779 2498 792 2526 5
825 2492 895 2519 nec
918 2478 998 2518 ulla
1016 2480 1162 2519 interea
1188 2478 1354 2518 decreta.
1400 2479 1463 2518 Sic
1495 2478 1603 2519 enim
1632 2475 1908 2527 πτολιηόμθα,
1941 2486 1984 2515 ut
