2243 3008
467 276 574 314 AD
635 270 1068 312 ATTICUM
1134 273 1424 315 LIB.XII.
1569 290 1646 330 349

260 373 497 427 digniffima,
528 373 676 412 laudari
705 385 768 411 me
793 373 913 410 etiam
933 381 1126 424 oportere.
1173 373 1245 410 Sed
1276 387 1370 412 cum
1401 388 1474 427 ego
1505 375 1650 414 faciam

259 440 407 485 omnia,
439 453 525 491 quae
556 437 681 476 facere
712 438 852 491 poffim
883 437 930 475 ad
962 451 1026 476 me
1056 438 1349 490 adjuvandum3
1382 449 1424 478 tu
1453 441 1563 479 effice
1591 443 1647 486 id,

259 505 367 557 quod
387 504 500 543 video
522 513 559 542 te
580 517 658 542 non
680 505 829 548 minus,
861 517 979 556 quam
1001 517 1080 549 me,
1110 504 1297 544 laborare.
1341 505 1435 543 Hoc
1455 506 1557 544 mihi
1579 508 1648 545 de-

261 569 352 607 bere
385 569 532 613 videor,
564 582 692 621 neque
724 569 840 606 levari
872 568 990 620 poffe,
1022 568 1092 606 nifi
1124 569 1287 614 solvero,
1318 578 1385 607 aut
1418 570 1550 608 videro
1584 586 1648 609 me

258 634 363 688 posse
384 634 543 679 solvere,
575 635 615 671 id
636 634 703 679 est,
734 635 884 679 locum,
916 634 1072 686 qualem
1093 635 1198 680 volo,
1230 635 1428 674 invenero.
1473 636 1648 675 Heredes

259 701 449 753 Scapulae,
481 701 506 738 s1
528 700 617 738 istos
640 699 790 745 hortos,
823 710 866 738 ut
887 699 1023 738 scribis
1045 700 1120 738 tibi
1143 700 1348 741 Othonem
1377 702 1526 748 dixisse,
1558 717 1648 756 par-

259 768 367 805 tibus
389 776 558 820 quatuor
578 766 702 811 saetis,
735 766 845 804 liceri
876 767 1053 819 cogitant
1068 785 1081 812 ;
1113 766 1216 805 nihil
1237 768 1290 806 est
1311 769 1459 806 scilicet
1479 756 1652 822 einptori

259 833 339 871 loci
358 849 367 870 ε
399 832 452 870 sm
475 832 681 877 venibunt,
712 832 808 884 quid
829 831 913 869 fieri
933 832 1062 884 possit,
1092 832 1331 872 videbimus.
1364 835 1472 872 Nam
1494 835 1561 872 ille
1586 835 1649 873 lo-

259 912 328 937 cus
361 899 602 951 publicatus,
633 898 701 950 qui
731 897 784 935 est
805 898 1000 936 Trebonii
1029 907 1068 936 et
1098 899 1264 944 Cufinii,
1295 909 1375 938 erat
1400 900 1446 938 ad
1467 914 1531 938 me
1551 901 1650 939 alla-

260 973 324 1002 tus
343 979 352 1001 :
385 963 448 1001 sed
469 963 541 1001 scis
563 975 688 1000 aream
709 962 781 1001 esse
799 978 808 1000 ε
841 962 954 1001 nullo
974 964 1086 1015 pacto
1106 963 1245 1016 probo.
1284 965 1434 1004 Clodiae
1455 965 1541 1004 sane
1561 966 1650 1019 pla-

260 1038 378 1073 cent;
411 1028 474 1066 sed
495 1042 573 1066 non
595 1037 693 1081 puto
713 1029 785 1066 effe
805 1029 972 1067 venales.
1006 1029 1068 1067 De
1089 1030 1206 1067 Drusi
1227 1029 1368 1076 hortis,
1399 1032 1579 1084 quamvis
1601 1033 1651 1070 ab

259 1095 308 1132 iis
330 1094 551 1139 abhorreas,
585 1103 628 1132 ut
649 1094 800 1139 scribis,
833 1104 964 1132 tamen
985 1107 1031 1132 eo
1050 1094 1296 1147 confugiam,
1327 1097 1397 1135 nifi
1418 1097 1516 1149 quid
1536 1098 1648 1135 inve-

259 1160 378 1198 neris.
421 1159 649 1198 AEdificatio
669 1172 734 1196 me
754 1173 833 1197 non
855 1169 987 1197 movet
1005 1175 1014 1197 ε
1047 1159 1149 1197 nihil
1176 1161 1283 1199 enim
1304 1161 1410 1199 aliud
1432 1161 1648 1208 aedificabo,

259 1225 329 1262 nisi
362 1225 403 1262 id
435 1224 542 1277 quod
573 1224 690 1262 etiam
723 1224 749 1261 fi
782 1225 872 1262 illos
901 1238 980 1262 non
1012 1224 1199 1264 habuero.
1246 1221 1387 1276 Κῦρσςδζ
1417 1239 1442 1268 ε,
1474 1226 1576 1265 mihi
1598 1229 1650 1266 fic

258 1290 423 1343 placuit,
457 1299 500 1329 ut
534 1299 670 1330 caetera
703 1289 966 1337 Antisthenis,
1006 1289 1182 1330 hominis
1217 1292 1322 1331 acuti
1357 1293 1496 1345 magis,
1528 1307 1653 1345 quam

257 1355 419 1395 eruditi.
477 1386 480 1389 Α

599 1561 840 1599 CICERO
882 1562 1139 1600 ATTxco
1181 1562 1311 1601 SAL.

260 1686 456 1745 XXXIX.
481 1683 617 1759 TA
632 1690 662 1726 Β
678 1690 710 1727 Ε
727 1691 759 1727 L
774 1690 903 1727 LAR
918 1691 936 1728 1
951 1691 990 1727 U
1006 1691 1027 1727 S
1058 1689 1105 1727 ad
1129 1704 1192 1729 me
1213 1703 1306 1728 cum
1327 1688 1404 1727 fine
1424 1688 1547 1727 literis
1569 1691 1649 1730 tuis

589 1755 762 1800 venisset,
793 1755 1010 1793 existimavi
1043 1755 1116 1793 tibi
1147 1770 1230 1793 eam
1263 1755 1414 1793 causam
1444 1769 1522 1793 non
1551 1756 1649 1795 scri-

260 1819 379 1857 bendi
407 1817 532 1863 fuiffe,
565 1820 672 1871 quod
701 1820 826 1871 pridie
856 1820 1056 1872 scripsisses
1087 1833 1128 1857 ea
1156 1821 1249 1872 ipsa,
1281 1820 1326 1857 ad
1358 1835 1443 1872 quce
1476 1821 1647 1874 rescripfi

258 1885 333 1923 hac
363 1884 535 1937 epistola.
583 1886 841 1937 Expeetaram
871 1895 1000 1923 tamen
1022 1885 1171 1937 aliquid
1193 1886 1238 1923 de
1259 1886 1382 1923 literis
1404 1886 1529 1923 Afinii
1552 1887 1650 1924 Pol-

260 1951 377 1989 lionis
396 1965 405 1988 :
439 1950 501 1987 sed
522 1950 694 1988 nimium
715 1964 762 1988 ex
784 1964 872 1988 meo
892 1951 974 1988 otio
995 1960 1110 1988 tuum
1131 1950 1274 2002 specto.
1314 1952 1552 2002 Qanquam
1573 1952 1651 1990 tibi

261 2017 435 2061 remitto,
468 2015 537 2053 nifi
559 2015 657 2068 quid
678 2015 823 2054 necesse
843 2016 931 2061 erit,
962 2015 1108 2054 necess‘e
1130 2030 1176 2054 ne
1198 2015 1337 2054 habeas
1365 2016 1544 2062 scribere,
1577 2018 1648 2055 nifi

259 2082 333 2120 eris
354 2081 462 2118 valde
483 2081 644 2120 otiosus.
678 2082 739 2120 De
760 2081 969 2120 tabellariis
991 2081 1160 2119 facerem
1180 2082 1286 2134 quod
1307 2082 1455 2126 suades,
1484 2082 1510 2119 fi
1531 2082 1653 2121 effent

262 2148 350 2186 ullae
372 2147 583 2186 neceffariae
603 2147 738 2192 literae‚
771 2158 815 2186 ut
835 2158 944 2186 erant
963 2148 1076 2193 olim,
1109 2161 1201 2186 cum
1224 2149 1466 2186 brevioribus
1492 2148 1646 2194 dicbus,

261 2224 389 2252 tamen
419 2213 598 2266 quotidie
631 2213 914 2266 respondebant
946 2215 1116 2266 tempori
1148 2214 1362 2257 tabellarii;
1396 2223 1433 2250 et
1464 2223 1543 2250 erat
1572 2214 1647 2251 ali·-

262 2279 373 2332 quid,
405 2280 538 2325 Silius,
571 2280 738 2325 Drusus,
769 2280 842 2318 alia
862 2280 1054 2333 quaedam.
1097 2280 1235 2323 Nunc,
1268 2278 1336 2315 nifi
1361 2278 1472 2316 Otho
1491 2280 1646 2317 extitis-

263 2343 330 2388 set,
362 2343 468 2395 quod
490 2345 743 2384 scriberemus
765 2359 843 2383 non
864 2355 958 2383 erat.
992 2345 1036 2382 Id
1058 2343 1186 2396 ipsum
1207 2343 1373 2380 dilatum
1402 2343 1454 2380 est
1473 2359 1483 2382 ι
1516 2342 1648 2383 tamen

263 2409 420 2453 allevor,
443 2422 535 2447 cum
556 2410 697 2461 loquor
718 2420 850 2449 tecum
870 2411 1020 2455 absens,
1041 2419 1080 2448 et
1101 2410 1229 2448 multo
1249 2409 1367 2447 etiam
1388 2411 1526 2461 magis,
1554 2423 1647 2447 cum

260 2485 345 2514 tuas
367 2475 496 2513 literas
518 2474 621 2528 lego.
668 2476 739 2514 Sed
769 2478 957 2529 quoniam
987 2486 1025 2516 et
1054 2475 1142 2516 abes
1176 2475 1245 2528 (fic
1273 2475 1379 2514 enim
1400 2475 1583 2526 arbitror)
1606 2484 1652 2514 et
