2243 3008
425 226 507 280 466
776 222 1470 264 EPISTOLARUM

428 324 721 364 constitueram.
769 323 895 362 Simul
929 336 974 362 ac
1008 323 1261 369 constituero,
1301 323 1484 363 scribam.
1531 323 1613 363 Etfi
1645 324 1826 363 nondum

429 390 699 444 stipulationes
719 389 890 443 legeram
915 391 1005 442 (nec
1026 390 1135 428 enim
1156 391 1256 428 Eros
1277 389 1451 442 venerat)
1475 399 1605 429 tamen
1636 404 1718 429 rem
1739 391 1824 444 pri-

430 457 494 501 die
515 457 608 496 Idus
629 457 750 496 velim
782 456 982 495 conficias.
1030 455 1225 508 Epistolas
1258 457 1459 502 Catinam,
1490 458 1823 502 Tauromenium,

430 522 647 575 Syracusas,
678 522 928 560 commodius
950 521 1107 560 mittere
1128 530 1280 573 potero,
1313 521 1340 559 si
1360 521 1540 561 Valerius
1565 523 1755 577 interpres
1777 522 1825 561 ad

430 601 494 626 me
514 588 677 627 nomina
696 587 956 640 gratiosorum
977 586 1186 639 scripserit.
1231 586 1316 624 Alii
1349 586 1457 624 enim
1484 587 1574 625 sunt
1593 588 1700 634 alias,
1732 587 1824 626 nos-

429 654 561 707 trique
581 653 792 692 familiares
814 652 894 692 fere
915 653 1126 691 demortui.
1173 652 1340 690 Publice
1372 660 1503 690 tamen
1533 653 1679 705 scripfi,
1711 654 1737 691 fi
1764 654 1826 692 uti

429 719 549 757 vellet
568 719 623 757 eis
646 718 824 756 Valerius
841 737 853 763 3
885 727 952 756 aut
972 716 1075 755 mihi
1095 717 1258 755 nomina
1277 717 1467 756 mitteret.
1512 717 1575 756 De
1596 717 1826 770 Lepidianis

431 782 540 822 feriis
562 783 708 822 Balbus
729 783 776 820 ad
797 796 875 822 me.
922 782 1058 836 Usque
1079 783 1126 821 ad
1159 796 1215 821 111
1239 781 1408 821 Kalend.
1430 782 1644 835 expectabo
1666 792 1750 821 tuas
1771 782 1826 821 li-

429 858 528 888 teras
547 863 556 888 :
580 848 707 901 deque
726 849 925 901 Torquati
944 848 1149 901 negotiolo
1169 848 1360 886 sciturum
1381 856 1494 901 puto.
1527 849 1673 900 Qinti
1694 848 1826 887 literas

430 914 478 953 ad
499 923 536 953 te
555 914 658 961 mifi,
689 923 734 953 ut
764 914 880 953 scires
901 928 1020 968 quam
1041 913 1153 953 valde
1172 927 1265 953 eum
1285 922 1446 959 amaret,
1477 927 1596 966 quem
1618 913 1726 953 dolet
1746 927 1768 952 a
1787 922 1827 952 te

428 981 563 1020 minus
583 981 719 1020 amari.
762 982 924 1027 Atticae,
955 981 1160 1034 quoniam,
1191 980 1299 1033 quod
1319 980 1521 1033 optimum
1540 981 1583 1019 in
1602 981 1735 1034 pueris
1754 979 1825 1026 est,

427 1046 597 1088 hilarula
615 1047 684 1095 est,
714 1048 814 1088 meis
834 1048 963 1088 verbis
984 1048 1163 1088 suavium
1183 1047 1265 1087 des.
1296 1046 1411 1086 Vale.

768 1251 1013 1290 CxcERo
1053 1251 1312 1290 ATTxco
1352 1250 1486 1289 SAL.

428 1379 525 1420 XII.
549 1376 624 1451 O
639 1379 669 1418 P
684 1380 783 1418 PII
813 1378 1000 1431 epistolae,
1031 1379 1126 1431 quia
1153 1377 1397 1432 perhumana
1420 1386 1516 1423 erat,
1547 1376 1623 1416 tibi
1643 1377 1729 1416 mifi
1750 1390 1823 1416 ex-

654 1444 850 1498 emplum.
897 1444 960 1482 De
991 1444 1145 1489 Ocella,
1177 1444 1274 1482 dum
1296 1454 1340 1482 tu
1361 1443 1595 1496 muginaris,
1626 1457 1698 1481 nec
1719 1443 1823 1482 mihi

426 1510 647 1565 quidquam
681 1509 875 1554 rescribis,
907 1509 995 1561 cepi
1026 1509 1237 1547 confilium
1270 1509 1560 1547 domesticum:
1593 1508 1726 1561 itaque
1758 1521 1824 1547 me

426 1576 552 1629 pridie
584 1575 678 1614 Idus
698 1575 866 1613 arbitror
886 1574 1026 1612 Romae
1053 1573 1252 1613 futurum.
1300 1573 1565 1613 Commodius
1595 1573 1649 1611 est
1678 1573 1823 1619 visum,

424 1641 565 1681 frustra
584 1656 648 1681 me
667 1641 752 1680 istic
773 1640 861 1687 effe,
892 1654 986 1679 cum
1016 1640 1057 1678 id
1087 1655 1166 1679 non
1199 1640 1345 1679 necesse
1372 1640 1476 1686 esset,
1509 1654 1644 1694 quam,
1676 1640 1703 1678 fi
1723 1653 1824 1694 opus

424 1708 531 1754 esset,
562 1722 642 1747 non
662 1707 812 1753 adeffe;
844 1716 884 1745 et
904 1707 1034 1752 fimul,
1066 1721 1114 1745 ne
1135 1707 1432 1752 intercluderet,
1464 1707 1706 1745 metuebam.
1749 1706 1826 1745 Ille

423 1775 533 1814 enim
547 1777 632 1829 jam
652 1774 857 1813 adventare
878 1773 1003 1827 potest
1022 1789 1030 1812 :
1054 1774 1122 1813 ets1
1143 1774 1238 1813 varii
1260 1787 1434 1813 rumores
1452 1793 1464 1819 ;
1487 1773 1700 1826 multique,
1722 1785 1823 1825 quos

424 1854 610 1894 cuperem
630 1854 756 1879 veros.
803 1839 924 1879 Nihil
954 1849 1085 1878 tamen
1115 1841 1226 1879 certi.
1274 1841 1362 1894 Ego
1389 1853 1494 1884 vero,
1526 1838 1723 1892 quidquid
1751 1837 1821 1884 est,

426 1917 559 1946 tecum
580 1907 728 1961 potius,
759 1919 880 1959 quam
911 1906 1034 1945 animi
1064 1906 1270 1960 pendeam,
1301 1920 1397 1946 cum
1423 1919 1444 1944 a
1475 1915 1512 1945 te
1542 1905 1678 1950 absim,
1710 1913 1748 1942 et
1774 1904 1823 1942 de

426 1981 480 2018 te,
510 1982 550 2010 et
580 1973 628 2011 de
662 1986 739 2010 me.
787 1971 859 2010 Sed
889 1972 987 2025 quid
1019 1973 1093 2010 tibi
1127 1973 1289 2010 dicam?
1334 1973 1485 2010 bonum
1517 1972 1712 2009 animum.
1759 1970 1824 2008 De

424 2031 649 2087 Ἠρακλκᾶἒίῳ
669 2038 872 2083 Varronis,
904 2039 1061 2090 negotia
1077 2039 1194 2077 salsa:
1228 2052 1291 2076 me
1323 2038 1486 2090 quidem
1515 2036 1618 2077 nihil
1645 2049 1822 2089 unquam

427 2103 476 2143 sic
496 2102 718 2143 delectavit.
750 2103 824 2142 Sed
844 2102 927 2143 haec
948 2113 987 2143 et
1007 2104 1080 2143 alia
1102 2105 1249 2159 majora
1267 2117 1414 2143 coram.

2238 2053 2243 2170 ---
2238 1937 2243 1970 --
2235 1863 2243 1918 ,μ
2234 1792 2243 1847 -ν
2233 1743 2243 1773 a..
2232 1617 2243 1728 a-⁴⁴‘-—

2218 2253 2243 2535 L-A-mmh..
2239 2218 2243 2228 -
2238 2178 2243 2191 -
