2243 3008
520 257 627 296 AD
675 253 1115 293 ATTICUM
1183 253 1491 298 L13.X111,
1625 259 1695 313 381

654 487 896 524 CICERO
939 487 1193 524 ATTico
1235 488 1366 527 SAL.

322 616 456 656 XXX.
482 614 548 686 C
564 615 580 653 Ι
595 615 670 652 CE
685 614 874 652 RONIS
904 612 1105 666 epistolam
1127 614 1201 652 tibi
1222 615 1362 654 remifi.
1397 615 1434 653 O
1457 624 1493 654 te
1513 615 1699 666 ferreum,

581 681 650 733 qui
683 680 790 717 illius
823 679 1006 732 periculis
1038 693 1116 717 non
1138 681 1333 719 moveris!
1366 681 1437 719 Me
1457 696 1614 735 quoque
1633 698 1698 722 ac-

319 746 441 785 cusat.
473 748 572 785 Eam
594 745 666 783 tibi
687 745 889 797 epistolam
910 744 1089 783 mififfem
1108 760 1117 783 :
1150 759 1240 783 nam
1261 746 1370 784 illam
1391 747 1549 786 alteram
1571 749 1617 787 de
1638 764 1699 788 re-

322 811 395 849 bus
416 811 529 863 gestis
549 810 686 848 eodem
708 809 890 861 exemplo
910 818 1020 861 puto,
1069 811 1114 848 In
1145 811 1372 848 Cumanum
1396 810 1513 850 hodie
1534 814 1618 851 misi
1641 823 1701 852 ta-

323 877 529 914 bellarium
548 891 557 915 :
590 877 626 914 ei
647 876 735 913 dedi
762 885 844 913 tuas
865 875 912 912 ad
934 875 1171 921 Vestorium,
1202 890 1297 929 quas
1319 876 1508 916 Pharnaci
1528 879 1698 919 dederas.

321 943 590 980 Commodum
611 942 656 979 ad
678 951 715 979 te
736 941 913 979 miseram
936 942 1142 987 Demeam,
1173 955 1265 980 cum
1287 943 1385 981 Eros
1406 943 1452 980 ad
1481 958 1544 982 me
1564 946 1670 984 venit
1688 961 1700 985 τ

321 1008 385 1046 sed
410 1009 448 1045 in
481 1009 563 1060 ejus
594 1007 754 1059 epistola
783 1005 884 1044 nihil
914 1016 994 1044 erat
1025 1008 1131 1052 novi,
1164 1008 1232 1045 nifi
1262 1008 1481 1046 auctionem
1518 1010 1699 1050 biduum.

322 1074 387 1111 Ab
407 1087 449 1110 ea
471 1073 606 1124 igitur,
637 1082 681 1110 ut
702 1072 866 1117 scribis3
898 1081 936 1109 et
955 1072 1089 1117 velim,
1120 1071 1299 1110 confe&o
1329 1075 1487 1125 negotio
1517 1076 1701 1114 Faberia-

321 1152 399 1177 no:
433 1152 548 1190 quem
571 1138 731 1190 quidem
754 1146 867 1189 negat
889 1138 986 1175 Eros
1007 1137 1152 1182 hodie5
1184 1151 1265 1175 cras
1297 1152 1408 1176 mane
1438 1149 1562 1192 putat.
1605 1143 1641 1179 A
1664 1152 1702 1180 te

320 1203 508 1241 colendus
529 1203 596 1241 est.
644 1202 725 1240 Istae
758 1211 888 1239 autem
918 1198 1090 1236 κολα-κεᾶια
1111 1215 1189 1239 non
1210 1202 1327 1255 longe
1348 1203 1486 1242 absunt
1506 1219 1526 1242 a
1546 1205 1698 1245 scelere.

321 1269 397 1312 Te,
430 1277 472 1305 ut
494 1267 616 1319 spero,
648 1267 844 1318 perendie.
878 1266 956 1309 Mi,
988 1265 1144 1304 ficunde
1164 1277 1289 1319 potes,
1321 1281 1444 1313 erues,
1476 1271 1543 1321 qui
1566 1271 1701 1310 decem

318 1333 437 1385 legati
459 1333 663 1370 Mummio
683 1331 846 1370 fuerint.
888 1331 1076 1382 Polybius
1098 1346 1175 1369 non
1198 1333 1390 1371 nominat.
1430 1335 1517 1385 Ego
1537 1338 1702 1375 memini

319 1399 515 1436 Albinum
547 1393 818 1441 Consularem,
849 1405 888 1434 et
917 1397 982 1449 Sp.
1007 1397 1272 1436 Mummium.
1310 1398 1457 1436 Videor
1485 1399 1626 1439 audiffe
1654 1415 1703 1440 ex

320 1463 546 1506 Hortensio,
579 1463 827 1500 Tuditanum
846 1477 855 1499 :
888 1461 950 1499 sed
971 1463 1012 1499 in
1034 1463 1200 1500 Libonis
1222 1464 1365 1508 annali,
1389 1477 1466 1502 X1v
1488 1467 1597 1503 annis
1618 1468 1704 1519 post

322 1530 470 1567 Praetor
499 1527 552 1564 est
582 1526 705 1564 faetus
733 1526 974 1571 Tuditanus,
1005 1541 1123 1579 quam
1156 1528 1303 1566 Consul
1338 1529 1589 1569 Mummius:
1622 1546 1705 1570 nor}

322 1594 408 1633 sane
428 1591 604 1645 quadrat.
636 1591 740 1628 Volo
761 1592 932 1642 aliquem
955 1592 1168 1644 Olympiae,
1199 1603 1265 1631 aut
1286 1593 1355 1631 ubi
1375 1594 1516 1640 visum,
1537 1600 1707 1638 πολιτικὴν

321 1654 484 1706 cmo-yar,
515 1670 624 1695 more
644 1656 880 1701 Dicaearchi,
910 1655 1113 1695 familiaris
1135 1658 1208 1697 tui.

655 1860 895 1898 C1CERO
935 1861 1191 1899 Αττιεο
1232 1862 1362 1900 SAL.

323 1987 478 2026 XXXI.
504 1986 793 2074 QUINTO
822 1987 910 2025 Kal.
935 2000 1048 2025 mane
1067 1987 1199 2040 accepi
1219 2001 1240 2026 a
1260 1989 1410 2026 Demea
1428 1988 1556 2027 literas
1577 1990 1706 2042 pridie

601 2051 721 2096 datas,
749 2065 797 2089 ex
817 2052 962 2103 quibus
982 2061 1048 2090 aut
1067 2051 1200 2097 hodie,
1231 2062 1297 2091 aut
1317 2067 1414 2099 cras,
1447 2062 1483 2091 te
1503 2056 1702 2106 expeetare

323 2117 518 2155 deberem.
552 2116 638 2161 Sed,
667 2125 712 2154 ut
731 2117 885 2168 opinor,
917 2116 1021 2155 idem
1041 2131 1129 2170 ego,
1151 2118 1221 2170 qui
1240 2121 1402 2171 expeClo
1422 2127 1536 2156 tuum
1557 2118 1701 2156 adven-

322 2192 424 2228 tum,
450 2183 631 2221 morabor
651 2191 688 2220 te
706 2197 715 2221 ε
749 2196 826 2220 non
847 2184 954 2221 enim
974 2193 1072 2235 puto
1093 2194 1172 2222 tam
1193 2184 1421 2236 expeditum
1442 2184 1703 2222 Faberianum

324 2250 527 2300 negotium
548 2248 744 2293 futurum,
760 2249 879 2286 etiam
900 2249 925 2286 fi
947 2248 999 2286 est
1019 2248 1214 2294 futurum,
1233 2259 1275 2287 ut
1297 2262 1374 2286 non
1395 2248 1534 2286 habeat
1552 2249 1702 2302 aliquid

324 2326 455 2351 morae.
489 2315 594 2351 Cum
614 2314 760 2365 poteris
781 2314 916 2365 igitur,
948 2315 1135 2365 quoniam
1155 2314 1370 2352 etiamdum
1391 2315 1494 2353 abes.
1528 2316 1702 2353 Dicaear-

324 2376 406 2422 chi,
439 2391 536 2429 quos
557 2377 708 2422 scribis,
738 2379 860 2416 libros
882 2379 967 2416 sane
987 2378 1105 2416 velim
1127 2379 1227 2417 mihi
1248 2381 1380 2418 mittas
1400 2395 1408 2418 ε
1441 2379 1554 2417 addas
1584 2381 1701 2417 etiam

323 2438 560 2480 mraCdowc.
593 2443 654 2479 De
673 2442 834 2494 epistola
853 2444 898 2481 ad
921 2443 1125 2489 Caesarem,
1154 2440 1319 2486 κεκῦβικα
1339 2460 1348 2483 ;
1380 2455 1495 2497 atque
1516 2445 1705 2497 idipsum,

321 2506 428 2559 quod
459 2505 520 2544 isti
548 2507 659 2546 aiunt
687 2507 806 2546 illum
834 2508 1014 2555 scribere,
1045 2510 1096 2555 se,
1129 2509 1197 2548 nifi
1218 2510 1440 2549 constitutis
1462 2511 1591 2555 rebus,
1623 2523 1707 2548 nont
