2243 3008
489 265 597 304 AD
655 263 1087 303 ATTICUM
1155 265 1423 310 LIB.1X.
1580 286 1658 326 239

267 365 315 404 ab
336 365 467 410 initio,
498 377 617 417 quam
649 372 693 402 ut
722 363 831 402 hunc
860 363 1071 403 occideret.
1118 366 1207 417 Ego
1227 367 1364 419 igitur,
1399 370 1425 409 fi
1447 372 1534 423 quis
1557 372 1658 425 apud

267 433 510 476 Homerum,
541 443 635 468 cum
655 430 691 468 ei
712 439 751 468 et
770 439 895 468 mater
914 440 953 468 et
973 430 1042 468 dea
1061 430 1230 477 dixisset,

405 494 540 532 Αὐτίκα
558 494 626 543 γάρ
641 509 686 530 τοι
709 489 812 535 ἕπε-ἦα,
831 491 898 544 μεθ’
911 488 1040 549 ''Ed-logon
1060 491 1173 544 πίτμος
1191 493 1311 546 ἕτοιμος
1326 510 1337 533 t

267 560 384 601 matri
411 560 492 612 ipse
518 559 733 612 respondit,

405 619 533 662 Αὐτίκα,
552 620 722 668 πθναλῖιυ,
751 620 818 659 ἐπεὶ
836 620 880 659 ἐκ
901 620 951 674 ἄρ’
964 619 1090 672 ἔμελλον
1108 621 1218 675 ἑταίρῳ

407 687 594 738 Κτεινομὲνῳ
612 686 798 738 ὲπαμῧνιαῑ
831 689 929 742 quid
959 690 987 729 fi
1019 703 1099 728 non
1131 687 1242 741 ἑταίρῳ
1271 690 1414 737 solum,
1446 692 1509 731 sed
1543 694 1663 732 etiam

267 753 406 808 εὐεργέτῃ
425 757 438 793 ?
469 755 580 801 adde,
604 755 673 794 tali
693 756 792 802 viro,
814 755 934 794 talem
953 756 1107 795 causam
1128 757 1285 809 agenti:
1315 767 1353 795 et
1373 772 1446 810 ego
1466 773 1556 797 vero
1576 760 1662 798 haec

267 823 398 863 officia
418 821 625 860 mercanda
643 822 723 861 vita
741 830 854 875 puto.
903 823 1177 875 Optimatibus
1208 837 1298 861 vero
1328 825 1406 862 tuis
1438 824 1541 864 nihil
1562 840 1660 865 con—

267 889 363 934 fido,
396 887 498 926 nihil
513 888 599 940 jam
619 901 667 926 ne
686 886 854 926 i'nservio
874 888 1038 941 quidem
1056 903 1065 926 :
1096 888 1211 927 video
1232 898 1276 927 ut
1296 888 1333 927 se
1359 888 1455 928 huic
1476 891 1583 936 dent,
1618 902 1662 930 ut

268 954 397 994 daturi
418 953 506 992 sint.
542 953 774 1006 Qidquam
796 963 839 992 tu
859 953 928 992 illa
947 963 1060 1006 putas
1081 953 1193 992 fuisse
1213 953 1260 992 de
1281 954 1504 994 valetudine
1524 956 1660 995 decre-

267 1030 308 1059 ta
327 1019 656 1072 municipiorum,
673 1033 752 1073 prae
772 1018 835 1057 his
855 1019 903 1058 de
923 1020 1085 1057 victoria
1099 1020 1454 1072 gratulationibus?
1477 1022 1660 1067 Timent,

268 1086 440 1138 inquies.
488 1085 545 1122 At
573 1084 644 1137 ipfi
675 1094 762 1123 tum
793 1085 829 1123 se
857 1085 1028 1123 timuiss‘e
1049 1085 1202 1124 dicunt.
1251 1086 1323 1124 Sed
1343 1086 1543 1125 videamus
1564 1088 1662 1140 quid

269 1154 399 1190 actum
434 1150 481 1188 fit
510 1150 747 1190 Brundufii:
780 1164 828 1189 ex
856 1164 904 1190 eo
937 1150 1092 1190 fortaffe
1124 1165 1212 1190 mea
1245 1152 1406 1191 confilia
1437 1153 1660 1199 nascentur,

267 1218 431 1270 aliaeque
450 1215 588 1255 literae.

611 1417 854 1454 CICERO
895 1417 1151 1455 ATTICO
1193 1417 1323 1456 SAL.

271 1546 346 1584 VI.
369 1542 548 1616 NOS
578 1543 706 1583 adhuc
739 1544 958 1582 Brundusio
990 1543 1109 1583 nihil.
1155 1545 1286 1583 Roma
1318 1545 1466 1598 scripsit
1499 1547 1662 1596 Balbus,

488 1618 624 1662 putare
647 1610 732 1661 jam
761 1609 983 1648 Lentulum
1014 1611 1108 1648 Cos.
1141 1610 1398 1657 transmisisse,
1431 1626 1502 1650 nec
1529 1627 1619 1653 eum
1643 1629 1664 1653 a

273 1677 424 1715 minore
445 1676 568 1714 Balbo
589 1685 846 1721 conventum,
877 1676 985 1728 quod
1014 1676 1047 1714 is
1077 1675 1154 1714 hoc
1179 1678 1263 1728 jam
1285 1678 1443 1716 Canusii
1473 1679 1661 1720 audisset:

272 1742 363 1780 inde
383 1741 428 1779 ad
451 1741 487 1778 se
507 1755 598 1779 eum
620 1741 817 1794 scripsisse,
849 1741 1107 1794 cohortesque
1129 1741 1206 1786 sex,
1238 1756 1324 1794 quae
1346 1743 1460 1781 Albae
1486 1743 1663 1791 fuissent,

271 1807 318 1845 ad
340 1807 510 1846 Curium
530 1807 592 1844 via
611 1807 797 1844 Minucia
817 1806 1010 1844 transisse:
1044 1807 1084 1844 id
1107 1807 1297 1845 Caesarem
1324 1807 1371 1845 ad
1402 1808 1438 1846 se
1465 1808 1663 1862 scripfiffe,

271 1884 310 1912 et
332 1874 439 1912 brevi
461 1883 637 1926 tempore
657 1886 749 1910 eum
768 1872 815 1910 ad
837 1874 976 1911 urbem
997 1872 1193 1912 futurum.
1242 1875 1348 1925 Ergo
1370 1884 1455 1912 utar
1475 1884 1544 1913 tuo
1565 1890 1664 1914 con-

274 1941 384 1986 filio5
417 1953 545 1993 neque
574 1953 638 1977 me
667 1940 867 1992 Arpinum
894 1939 972 1978 hoc
994 1948 1169 1992 tempore
1189 1940 1357 1978 abdam:
1389 1941 1456 1978 etfi
1479 1942 1666 1980 Ciceroni

273 2020 362 2045 meo
384 2016 516 2058 togam
538 2019 676 2058 puram
697 2019 791 2044 cum
812 2005 900 2044 dare
921 2005 1065 2058 Arpini
1095 2005 1254 2051 vellem,
1286 2006 1387 2044 hanc
1417 2019 1521 2044 eram
1541 2008 1666 2060 ipsam

273 2072 564 2110 excusationem
594 2071 799 2110 relicturus
827 2072 874 2109 ad
907 2071 1126 2109 Caesarem:
1159 2071 1222 2109 sed
1252 2071 1406 2110 fortaffe
1435 2073 1475 2110 in
1506 2085 1553 2110 eo
1581 2073 1665 2125 ipso

274 2137 509 2183 offendetur,
541 2150 611 2175 cur
632 2150 709 2175 non
732 2138 871 2176 Romae
892 2137 1039 2189 potius.
1087 2137 1160 2175 Sed
1181 2147 1311 2176 tamen
1335 2138 1361 2175 fi
1390 2137 1444 2175 est
1475 2138 1664 2175 conveni-

274 2203 412 2250 endus,
442 2203 510 2242 hic
546 2203 803 2256 potiflimum.
849 2205 960 2242 Tum
996 2203 1146 2256 reliqua
1179 2204 1416 2248 videbimus,
1453 2202 1493 2239 id
1527 2203 1594 2248 est,
1625 2212 1664 2241 et

275 2283 371 2321 quo,
400 2278 439 2307 et
460 2283 550 2322 qua,
581 2278 620 2308 et
648 2270 819 2322 quando.
867 2270 1089 2314 Domitius,
1122 2278 1165 2307 ut
1195 2269 1325 2313 audio,
1356 2269 1397 2306 in
1427 2267 1594 2314 Cosano,
1625 2277 1665 2307 et

277 2334 454 2386 quidem,
485 2344 529 2372 ut
561 2335 685 2381 aiunt,
716 2345 870 2388 paratus
892 2335 938 2373 ad
961 2334 1250 2386 navigandum:
1284 2334 1310 2371 fi
1342 2334 1383 2372 in
1414 2333 1664 2387 Hispaniam,

278 2413 355 2437 non
379 2399 530 2451 probo;
563 2400 588 2437 sl
609 2400 656 2438 ad
677 2402 859 2446 Cnaeum‚
891 2401 1034 2439 laudo:
1067 2401 1207 2453 quovis
1237 2400 1369 2453 potius
1397 2409 1516 2445 certe,
1546 2413 1665 2451 quam

278 2475 322 2502 ut
344 2465 530 2502 Curtium
551 2465 706 2511 videat;
738 2480 857 2518 quem
887 2481 960 2519 ego
990 2476 1176 2520 patronus
1206 2465 1374 2519 aspicere
1394 2479 1472 2503 non
1494 2465 1662 2517 possum.

279 2529 389 2582 Qid
424 2529 552 2568 alios?
594 2528 681 2574 Sed,
718 2531 873 2583 opinor,
907 2532 1150 2584 quiescamus
1168 2550 1180 2578 ς
1222 2544 1270 2570 ne
1304 2530 1472 2569 nostram
1506 2529 1665 2581 culpam
