2243 3008
570 246 677 285 AD
735 242 1169 283 ATTICUM
1232 244 1375 284 LIB.
1425 247 1478 287 x.
1637 261 1718 305 277

334 347 441 386 enim
471 345 659 384 victorem
690 345 814 398 magis
849 343 1154 397 relinquendum
1184 353 1296 397 puto,
1335 359 1453 398 quam
1490 349 1638 389 vietum
1676 360 1716 390 et

333 413 581 451 dubitantem
603 411 742 463 magis,
773 422 892 463 quam
915 409 1117 455 fidentem,
1151 410 1227 448 suis
1259 411 1388 450 rebus.
1436 413 1541 452 Nam
1568 416 1714 456 caedem

333 478 461 523 video,
493 477 519 515 fi
541 477 692 522 vicerit,
722 485 761 515 et
788 477 983 529 impetum
1004 477 1044 514 in
1067 476 1306 528 privatorum
1328 478 1527 530 pecunias,
1557 489 1595 517 et
1615 495 1713 519 exu-

331 543 418 581 lum
439 543 624 588 reditum,
655 552 693 581 et
725 543 875 580 tabulas
907 555 1040 588 novaS‚
1070 552 1108 580 et
1133 543 1443 595 turpiffimorum
1462 544 1644 591 honores,
1675 558 1714 587 et

331 622 498 662 regnum
518 622 597 648 non
619 609 737 647 modo
758 609 940 646 Romano
959 607 1129 653 homini,
1151 607 1213 646 sed
1235 622 1283 647 ne
1304 609 1423 648 Persae
1444 611 1605 663 quidem
1625 614 1713 651 cui-

329 688 466 727 quam,
499 674 714 713 tolerabile.
755 674 896 712 Tacita
922 671 994 711 effe
1022 673 1166 726 poterit
1196 674 1409 727 indignitas
1439 676 1595 715 nostra?
1628 679 1713 717 Pati

331 748 518 791 poterunt
536 739 659 784 oculi,
689 751 752 777 me
782 751 875 777 cum
907 737 1082 776 Gabinio
1114 737 1343 778 sententiam
1374 739 1531 779 dicere?
1561 751 1600 780 et
1620 744 1711 796 qui-

331 805 423 843 dem
443 805 560 845 illum
581 805 707 858 rogari
727 805 834 858 prius
851 805 864 841 Ρ
895 803 1030 857 praesto
1049 803 1121 842 effe
1141 805 1327 844 clientem
1348 815 1463 844 tuum
1486 808 1677 847 Cloelium
1697 811 1711 847 ?

333 871 383 909 C.
407 872 514 909 Ateii
536 871 784 924 Plaguleium
802 872 815 908 ?
837 880 995 909 caeteros
1014 872 1027 908 ?
1050 870 1122 909 Sed
1144 884 1213 909 cur
1233 873 1416 911 inimicos
1437 874 1584 926 colligo
1603 876 1616 913 ?
1642 876 1713 928 qui

329 950 438 976 meos
459 937 683 976 neceffarios
704 951 725 975 a
744 951 807 975 me
827 936 1001 976 defensos
1023 950 1094 975 nec
1116 937 1244 976 videre
1264 939 1304 976 in
1325 939 1432 977 curia
1457 939 1536 978 fine
1561 941 1711 988 dolore,

331 1016 402 1040 nec
423 1003 560 1041 versari
580 1004 683 1041 inter
702 1017 765 1041 eos
787 1003 865 1041 fine
885 1003 1085 1048 dedecore,
1116 1013 1267 1056 potero.
1311 1005 1420 1057 Qid
1442 1006 1467 1044 sl
1489 1020 1537 1044 ne
1556 1007 1597 1045 id
1617 1009 1710 1060 qui-

330 1068 421 1107 dem
450 1069 503 1108 est
530 1070 794 1122 exploratum,
825 1069 908 1107 fore
938 1079 982 1108 ut
1009 1068 1112 1107 mihi
1140 1070 1288 1109 liceat?
1318 1072 1505 1111 Scribunt
1530 1075 1636 1112 enim
1663 1074 1712 1113 ad

329 1148 394 1172 me
413 1135 531 1172 amici
550 1136 648 1186 ejus,
679 1148 743 1173 me
764 1134 824 1172 illi
851 1134 963 1172 nullo
984 1134 1103 1173 modo
1123 1135 1357 1182 satisfecisse,
1387 1137 1495 1190 quod
1520 1139 1562 1176 in
1592 1140 1711 1178 Sena-

328 1208 416 1237 tum
437 1213 516 1237 non
537 1200 724 1238 venerim.
768 1201 973 1237 Tamenne
992 1199 1235 1246 dubitemus,
1265 1214 1312 1239 an
1333 1202 1369 1241 ei
1389 1216 1458 1241 nos
1479 1204 1597 1243 etiam
1618 1218 1712 1244 cum

327 1267 506 1318 periculo
525 1265 787 1311 venditemus,
817 1266 1005 1318 qui-cum
1024 1267 1227 1318 conjuncffi
1255 1281 1303 1306 ne
1323 1281 1416 1307 cum
1436 1270 1598 1322 praemio
1617 1273 1710 1324 qui-

328 1331 419 1370 dem
445 1332 643 1371 voluimus
673 1331 776 1370 effe?
809 1331 963 1370 Deinde
991 1331 1068 1370 hoc
1097 1332 1200 1377 vide,
1231 1347 1310 1371 non
1338 1334 1411 1372 effe
1432 1336 1634 1386 judicium
1663 1337 1711 1376 de

328 1406 411 1436 tota
430 1398 682 1436 contentione
702 1398 744 1435 in
765 1397 968 1451 Hispaniis
986 1411 996 1436 z
1019 1397 1090 1436 nifi
1110 1396 1211 1436 forte
1231 1398 1278 1437 iis
1299 1399 1441 1438 amiffis
1461 1414 1566 1440 arma
1586 1401 1710 1440 Pom-

328 1464 463 1516 peium
496 1464 739 1516 abjefturum
774 1472 914 1516 putas;
944 1464 1057 1516 cujus
1092 1477 1210 1503 omne
1241 1465 1448 1504 consillum
1478 1466 1708 1507 Themisto-

327 1529 458 1567 cleum
492 1529 573 1567 est:
618 1528 812 1567 existimat
844 1528 967 1574 enim,
1011 1529 1082 1581 qui
1115 1542 1220 1567 mare
1253 1539 1396 1576 teneat,
1437 1545 1530 1570 eum
1563 1534 1710 1572 necesse

329 1608 459 1632 rerum
480 1595 625 1648 potiri:
658 1595 789 1648 itaque
818 1595 886 1647 qui
916 1607 1120 1647 nunquam
1149 1595 1190 1632 id
1218 1596 1313 1647 egit,
1345 1606 1389 1634 ut
1414 1597 1613 1650 Hispaniae
1640 1614 1709 1652 per

327 1660 364 1698 se
394 1669 631 1705 tenerentur,
663 1660 806 1698 navalis
841 1669 1042 1712 apparatus
1076 1660 1112 1697 ei
1145 1660 1295 1713 semper
1327 1661 1590 1714 antiquiffima
1617 1677 1710 1703 cura

325 1725 419 1765 fuit.
452 1726 666 1778 Navigabit
687 1727 822 1778 igitur,
843 1740 937 1765 cum
958 1726 1030 1764 erit
1051 1735 1222 1779 tempus,
1250 1728 1433 1766 maximis
1452 1729 1646 1776 claffibus,
1664 1740 1707 1769 et

326 1792 374 1830 ad
406 1792 560 1830 Italiam
589 1793 773 1836 accedet;
806 1793 845 1830 in
876 1806 953 1844 qua
982 1805 1051 1830 nos
1082 1793 1252 1831 sedentes
1282 1794 1379 1847 quid
1407 1795 1585 1833 erimus?
1615 1809 1707 1835 nam

326 1859 476 1897 medios
505 1859 577 1897 effe
602 1860 683 1911 jam
715 1872 792 1897 non
823 1859 973 1898 licebit.
1020 1859 1211 1898 Claffibus
1238 1860 1524 1900 adversabimur
1549 1862 1704 1914 igitur?

325 1924 447 1977 Qod
469 1925 617 1963 mal-um
638 1926 763 1977 majus
796 1925 943 1963 scilicet
973 1926 1159 1963 tantum?
1190 1925 1359 1979 denique
1390 1927 1487 1979 quid
1519 1929 1704 1980 turpius?

328 1992 391 2029 An
414 1992 482 2044 qui
512 1991 594 2042 ejus
624 1991 791 2029 absentis
813 1991 914 2029 solus
935 1991 1011 2029 tuli
1040 1991 1178 2036 scelus,
1207 1992 1381 2044 ejusdem
1400 2006 1493 2031 cum
1515 1993 1706 2046 Pompeio

322 2066 365 2095 et
393 2069 485 2094 cum
512 2057 672 2109 reliquis
701 2057 948 2110 principibus
979 2071 1058 2096 non
1083 2056 1237 2097 feram?
1269 2058 1389 2111 Qod
1416 2059 1441 2097 fi
1465 2060 1562 2113 jam,
1591 2059 1705 2098 miffo

324 2122 471 2167 officio,
503 2123 669 2175 periculi
702 2123 799 2161 ratio
829 2122 1008 2161 habenda
1037 2122 1105 2169 est,
1135 2124 1183 2162 ab
1214 2124 1294 2162 illis
1325 2125 1378 2162 est
1408 2124 1644 2176 periculum,
1675 2124 1702 2161 fi

325 2200 511 2238 peccar03
543 2187 590 2225 ab
611 2187 702 2232 hoc,
733 2189 759 2226 fi
780 2189 879 2226 reete
899 2187 1052 2227 fecero:
1085 2202 1156 2227 nec
1177 2190 1305 2228 ullum
1325 2190 1366 2227 in
1387 2188 1448 2227 his
1468 2189 1582 2227 malis
1602 2201 1701 2226 con-

327 2252 454 2290 filium
484 2253 659 2305 periculo
685 2267 851 2292 vacuum
881 2254 1049 2292 inveniri
1075 2255 1228 2307 potest:
1261 2263 1305 2293 ut
1334 2267 1412 2293 non
1442 2254 1488 2292 fit
1516 2254 1700 2299 dubium,

326 2317 423 2370 quin
444 2331 535 2355 cum
556 2320 730 2370 periculo
751 2319 964 2372 fugiamus,
995 2320 1102 2373 quod
1130 2320 1355 2373 fugeremus
1384 2319 1503 2358 etiam
1528 2333 1622 2358 cum
1642 2320 1701 2357 sa-

326 2383 422 2421 lute.
469 2383 564 2421 Non
593 2383 704 2422 fimul
733 2399 826 2423 cum
857 2387 1047 2438 Pompeio
1065 2399 1169 2424 mare
1194 2386 1489 2425 transterimusss?
1521 2385 1702 2423 Omnino

326 2462 404 2486 non
426 2448 627 2500 potuimus
647 2463 655 2485 :
678 2458 782 2487 extat
804 2452 900 2489 ratio
921 2451 1086 2489 dierum.
1120 2451 1192 2490 Sed
1213 2461 1341 2490 tamen
1365 2450 1573 2503 (fateamur
1592 2450 1699 2487 enim

324 2515 430 2566 quod
450 2513 530 2559 est3
563 2526 610 2550 ne
640 2513 852 2553 condamus
884 2516 1060 2567 quidem,
1091 2525 1135 2555 ut
1166 2516 1383 2569 poffumus)
1411 2514 1554 2558 fefellit
1574 2527 1615 2552 ea
1636 2528 1699 2553 me
