2243 3008
503 275 576 314 126
850 269 1534 309 EPISTOLARUM

499 374 691 427 queritur,
715 372 739 410 fi
763 371 896 409 scribit
916 371 963 409 ad
983 370 1145 415 amicos,
1169 370 1193 408 fi
1215 369 1320 408 idem
1342 369 1479 407 Fausta
1498 368 1598 415 vult,
1623 367 1879 413 Philotimus,

498 450 543 478 ut
563 453 635 492 ego
654 439 689 477 ei
710 451 840 476 coram
859 437 1050 481 dixeram,
1082 435 1261 487 mihique
1280 435 1348 472 ille
1368 445 1577 487 receperat,
1609 448 1656 473 ne
1681 435 1727 472 fit
1755 435 1882 473 invito

498 506 655 545 Milone
683 505 724 542 in
757 503 897 541 bonis:
930 501 1034 540 nihil
1064 501 1177 539 nobis
1209 500 1335 538 fuerat
1367 501 1480 539 tanti.
1527 501 1594 538 Sin
1625 499 1708 538 haec
1738 500 1883 538 leviora

499 572 602 615 sunt,
635 580 677 608 tu
704 568 916 622 judicabis.
963 568 1144 619 Loquere
1170 580 1263 604 cum
1294 566 1490 603 Duronio.
1537 565 1676 618 Scripsi
1696 566 1815 604 etiam
1835 566 1882 603 ad

499 635 734 679 Camillum,
764 633 810 671 ad
843 633 1051 677 Lamiam3
1083 645 1206 685 eoque
1236 631 1375 683 magis,
1406 629 1514 683 quod
1535 644 1612 670 non
1634 630 1883 668 confidebam

499 704 638 741 Romae
666 710 702 738 te
733 699 818 738 effe.
865 700 1027 737 Summa
1055 699 1129 736 erit
1159 697 1270 742 haec;
1303 697 1457 741 statues,
1490 706 1533 734 ut
1561 710 1610 735 ex
1641 695 1731 742 fide,
1761 696 1880 742 fama,

498 781 616 821 reque
637 779 735 811 mea,
764 764 979 804 videbitur,

836 966 1077 1003 CICERO
1118 963 1374 1000 A'r’r1co
1414 961 1545 1000 SAL.

501 1096 572 1134 IX.
599 1093 768 1168 ACT
784 1094 801 1132 1
817 1095 855 1132 U
871 1093 919 1131 M
948 1091 1128 1130 venimus
1149 1103 1182 1129 a.
1206 1091 1245 1128 d.
1271 1103 1368 1128 xvn
1393 1088 1482 1127 Kal.
1505 1090 1657 1142 Qint.·
1673 1104 1767 1129 cum
1787 1092 1880 1144 qui-

708 1159 799 1198 dem
818 1168 857 1198 et
884 1159 1065 1209 Corcyrae
1093 1166 1132 1195 et
1160 1155 1314 1207 Sybotis
1345 1155 1575 1194 muneribus
1603 1157 1696 1201 tuis,
1728 1170 1814 1209 quae
1841 1166 1881 1196 et

497 1230 623 1267 Areus
645 1236 683 1265 et
703 1239 812 1264 meus
833 1226 982 1264 amicus
1000 1220 1244 1274 Eutychides
1265 1222 1423 1274 opipare
1442 1230 1481 1259 et
1501 1219 1787 1274 φιλοπξοοηνέςιιπι
1806 1237 1880 1261 ῃο-

498 1294 558 1331 bis
580 1291 858 1345 congesserant,
889 1289 1037 1342 epulati
1057 1287 1219 1326 essemus
1253 1287 1435 1325 Saliarem
1466 1287 1507 1324 in
1538 1286 1718 1325 modum.
1765 1288 1882 1326 Aetio

496 1359 709 1398 maluimus
732 1357 804 1395 iter
823 1355 947 1394 facere
971 1353 1152 1407 pedibus,
1184 1353 1253 1406 qui
1284 1351 1638 1390 incommodissime
1670 1353 1881 1405 navigass‘e-

497 1439 586 1464 mus
604 1444 614 1469 ς
647 1434 685 1462 et
706 1424 903 1462 Leucaten
925 1421 1076 1459 fleetere
1096 1418 1304 1457 molestum
1324 1418 1541 1456 videbatur.
1589 1419 1782 1457 Aftuariis
1809 1433 1880 1457 au-

496 1502 578 1530 tem
609 1490 774 1529 minutis
806 1489 935 1527 Patras
966 1485 1145 1525 accedere
1177 1485 1255 1523 fine
1286 1483 1348 1522 his
1380 1484 1691 1537 impedimentis,
1723 1498 1801 1523 non
1823 1485 1881 1523 sa-

496 1559 547 1596 tis
567 1556 693 1595 visum
714 1555 767 1594 est
787 1555 988 1592 decorum.
1035 1553 1138 1604 Ego,
1169 1560 1213 1589 ut
1245 1550 1341 1604 saepe
1371 1559 1414 1588 tu
1446 1563 1510 1589 me
1540 1558 1763 1588 currentem
1784 1549 1880 1590 hor-

496 1632 599 1662 tatus
634 1635 689 1667 es,
726 1620 905 1674 quotidie
935 1617 1118 1662 meditor,
1156 1616 1342 1669 praecipio
1375 1615 1489 1661 meis,
1520 1614 1662 1654 faciam
1695 1615 1880 1669 denique,

498 1698 542 1727 ut
562 1689 714 1727 summa
732 1685 918 1724 modestia
935 1693 976 1722 et
996 1680 1147 1722 summa
1174 1682 1406 1721 abstinentia
1431 1694 1576 1720 munus
1607 1680 1685 1720 hoc
1705 1691 1881 1721 extraor-

496 1753 692 1792 dinarium
715 1751 976 1790 traducamus.
1025 1747 1190 1787 Parthus
1211 1747 1332 1786 velim
1356 1746 1543 1800 quiescat,
1573 1755 1612 1784 et
1632 1745 1790 1785 fortuna
1810 1760 1880 1785 nos

491 1822 603 1873 juvet
622 1834 630 1857 :
666 1818 790 1856 nostra
810 1815 1091 1870 praestabimus.
1122 1814 1205 1859 Tu,
1226 1811 1370 1865 quaesO,
1391 1812 1488 1864 quid
1508 1824 1611 1864 agas,
1634 1811 1702 1850 ubi
1722 1826 1882 1866 quoque

498 1895 673 1937 tempore
694 1882 851 1920 futurus
873 1881 933 1925 sis,
950 1879 1083 1932 quales
1105 1891 1162 1916 res
1183 1877 1327 1916 nostras
1348 1877 1487 1915 Romae
1509 1877 1727 1929 reliqueris,
1749 1879 1878 1916 maxi-

498 1963 561 1989 me
581 1949 628 1987 de
658 1961 714 1986 xx
743 1956 782 1986 et
813 1946 859 1984 de
889 1958 1021 1990 Dece,
1051 1957 1144 1983 cura
1176 1953 1219 1982 ut
1249 1943 1428 1981 sciamus.
1476 1941 1520 1981 Id
1553 1943 1641 1981 unis
1670 1942 1882 1996 diligenter

497 2016 621 2055 literis
642 2014 755 2058 datis,
786 2026 872 2065 quae
904 2011 949 2049 ad
978 2024 1040 2049 me
1073 2010 1209 2062 utique
1240 2008 1496 2062 perferantur,
1527 2008 1774 2061 consequere.
1822 2010 1880 2049 Il-

497 2082 568 2121 lud
598 2090 726 2119 tamcn
760 2078 965 2132 (quoniam
997 2090 1101 2114 nunc
1131 2076 1235 2119 abes,
1266 2089 1358 2113 cum
1388 2075 1426 2113 id
1460 2088 1536 2112 non
1568 2075 1724 2127 agitur:
1757 2075 1880 2114 aderis

497 2154 628 2187 autem·
663 2146 709 2184 ad
742 2154 912 2197 tempus,
951 2153 994 2181 ut
1029 2141 1129 2181 mihi
1158 2141 1395 2194 rescripfisti)
1425 2151 1624 2180 memento
1650 2155 1782 2180 curare
1814 2156 1881 2195 per

499 2224 550 2259 te,
581 2223 620 2251 et
647 2225 714 2266 per
740 2223 876 2250 omnes
905 2209 1067 2253 nostros,
1100 2209 1139 2246 in
1169 2208 1304 2260 primis
1338 2221 1404 2260 per
1434 2207 1703 2252 Hortensium,
1736 2218 1779 2246 ut
1808 2222 1879 2246 an-

499 2293 571 2318 nus
608 2278 732 2316 noster
758 2285 909 2316 mancat
937 2275 1005 2314 suo
1031 2274 1143 2319 statu,
1175 2287 1222 2312 ne
1249 2273 1344 2326 quid
1379 2275 1467 2311 novi
1497 2273 1738 2312 decernatur.
1789 2275 1880 2312 Hoc

499 2346 572 2384 tibi
601 2346 654 2383 ita
686 2342 843 2387 mando,
875 2352 917 2380 ut
939 2341 1118 2379 dubitem
1138 2353 1185 2378 an
1206 2340 1323 2378 etiam
1347 2350 1382 2378 te
1404 2353 1552 2392 rogem.
1584 2350 1626 2378 ut
1656 2354 1804 2393 pugnes
1832 2355 1881 2379 ne

500 2411 762 2451 intercaletur.
811 2409 882 2447 Sed
915 2422 993 2446 non
1023 2407 1146 2446 audeo
1166 2406 1239 2445 tibi
1260 2407 1393 2446 omnia
1412 2420 1527 2444 onera
1550 2407 1775 2459 imponere:
1808 2421 1879 2445 an-

500 2492 594 2517 num
627 2477 787 2531 quidem
822 2476 957 2528 utique
992 2482 1136 2513 teneto.
1184 2473 1324 2512 Cicero
1360 2487 1483 2515 meus.
1516 2472 1812 2511 modestiffimus
1840 2482 1881 2511 et

502 2543 737 2582 suavimmus
786 2555 896 2595 puer,
947 2542 1020 2581 tibi
1069 2540 1230 2580 salutem
1275 2540 1387 2579 dicit.
1450 2538 1684 2590 Dionysium
1734 2539 1882 2592 semper
