2243 3008
497 258 574 296 206
847 255 1532 297 EPISTOLARUM

498 358 606 412 quod
627 358 910 412 reprehendas:
944 359 969 398 fi
1001 372 1075 411 qua
1103 367 1232 404 erunt,
1264 358 1359 398 doce
1387 373 1451 398 me
1477 373 1558 413 quo
1577 359 1697 399 modo
1715 373 1759 400 ea
1775 359 1880 400 effu-

498 438 589 478 gere
621 425 772 478 poffim.
820 424 954 469 Nihil,
986 425 1154 476 inquies,
1185 425 1351 463 omnino
1385 425 1593 478 scripseris.
1640 427 1724 479 Qi‘
1757 428 1882 480 magis

498 489 662 543 effugias
682 504 762 536 eos,
780 491 850 543 qui
869 490 1003 528 volent
1023 489 1195 540 fingere?
1219 489 1486 528 Veruntamen
1507 491 1562 528 ita
1580 489 1737 536 faciam,
1754 491 1884 544 quoad

501 554 586 594 fieri
607 557 765 609 poterit.
813 556 919 594 Nam
949 554 1055 607 quod
1083 567 1146 592 me
1166 553 1333 592 hortaris
1353 553 1400 591 ad
1419 556 1652 595 memoriam
1672 555 1881 602 fadiorum,

499 621 710 667 dictorum,
743 621 977 674 scriptorum
1001 621 1119 657 etiam
1140 632 1319 657 meorum
1336 638 1347 664 ;
1380 618 1476 658 facis
1495 621 1620 659 amice
1641 630 1686 660 tu
1701 622 1882 675 quidem,

498 687 681 741 mihique
700 687 959 740 gratissimum
978 701 987 724 :
1011 685 1073 723 sed
1093 685 1196 723 mihi
1217 685 1358 724 videris
1378 685 1486 724 aliud
1505 695 1549 724 tu
1570 685 1776 727 honestum
1798 703 1884 727 me-

498 768 575 807 que
596 754 761 806 dignum
782 753 822 790 in
844 751 916 789 hac
937 751 1048 789 causa
1062 751 1254 803 judicare,
1279 761 1396 803 atque
1415 765 1488 804 ego
1507 751 1742 791 existimem.
1774 753 1888 792 Mihi

497 821 606 858 enim
637 819 738 856 nihil
769 817 849 855 ulla
877 817 920 854 in
949 826 1065 869 gente
1094 830 1269 869 unquam
1290 817 1338 854 ab
1359 817 1444 855 ullo
1463 818 1617 856 auitore
1636 817 1885 871 Reipublicae.

498 899 542 923 ac
563 885 661 922 duce
683 883 835 936 turpius
856 881 1004 921 fastum
1025 882 1097 920 effe
1118 882 1286 928 videtur,
1317 896 1437 935 quam
1456 896 1478 920 a
1497 882 1628 921 nostro
1647 883 1777 921 amico
1800 882 1884 922 fac·

498 961 586 989 tum
607 949 660 988 est
675 968 687 994 ς
720 950 832 1000 cujus
862 961 935 1001 ego
963 950 1092 986 vicem
1121 948 1262 986 doleo:
1295 949 1367 1001 qui
1396 948 1536 986 urbem
1563 948 1740 1002 reliquit,
1772 949 1813 987 id
1832 949 1887 988 est

498 1017 664 1069 patriam
681 1034 693 1061 ;
726 1028 797 1067 pro
817 1028 908 1067 qua,
940 1023 979 1052 et
998 1015 1039 1052 in
1060 1027 1151 1067 qua,
1184 1015 1285 1052 mori
1312 1013 1543 1066 praeclarum
1563 1013 1656 1053 fuit.
1703 1015 1887 1067 Ignorare

497 1082 600 1121 mihi
620 1081 777 1126 videris,
797 1080 882 1120 haec
903 1090 1048 1134 quanta
1067 1081 1113 1119 fit
1132 1079 1275 1119 clades.
1307 1080 1362 1119 Es
1383 1081 1491 1119 enim
1510 1081 1630 1119 etiam
1650 1094 1756 1119 nunc
1777 1081 1887 1120 domi

496 1159 596 1187 tuae:
621 1147 684 1186 sed
706 1147 838 1186 invitis
859 1146 1124 1201 perditiffimis
1144 1145 1376 1184 hominibus
1396 1146 1468 1185 esse
1488 1146 1638 1185 diutius
1658 1160 1738 1185 non
1758 1157 1885 1199 potes.

498 1215 592 1253 Hoc
613 1213 805 1258 miserius,
837 1212 913 1251 hoc
934 1212 1103 1265 turpius,
1134 1211 1380 1264 quidquam?
1411 1225 1598 1264 vagamur
1616 1222 1773 1265 egentes
1793 1226 1889 1251 cum

498 1280 737 1333 conjugibus
757 1288 796 1317 et
816 1279 949 1317 liberis
969 1293 978 1317 :
1011 1278 1052 1316 in
1074 1278 1190 1316 unius
1211 1277 1402 1323 hominis,
1433 1279 1644 1331 quotannis
1671 1278 1887 1331 periculose

497 1347 736 1399 aegrotantis,
766 1346 896 1384 anima
924 1345 1064 1398 positas
1098 1357 1235 1383 omnes
1265 1343 1409 1382 nostras
1440 1344 1523 1398 spes
1553 1343 1744 1383 habemus
1760 1365 1773 1391 ⁵
1805 1358 1886 1383 non

498 1411 663 1464 expulfi,
695 1410 758 1449 sed
777 1411 942 1455 evocati,
964 1423 984 1448 e
1004 1410 1141 1462 patria,
1163 1423 1281 1462 quam
1302 1423 1382 1447 non
1403 1409 1626 1448 servandam
1647 1409 1693 1448 ad
1714 1410 1886 1449 reditum

499 1477 689 1522 nostrum,
721 1476 785 1515 sed
814 1475 1075 1529 diripiendam
1105 1485 1144 1514 et
1170 1475 1508 1521 inflammandam,
1539 1476 1800 1528 reliquimus:
1833 1477 1889 1515 ita

497 1543 617 1581 multi
640 1542 845 1580 nobiscum
874 1541 977 1585 sunt,
1009 1554 1087 1579 non
1118 1541 1160 1578 in
1191 1540 1440 1585 suburbanis,
1471 1540 1613 1578 nonin
1634 1539 1776 1586 hortis,
1807 1555 1890 1580 non

498 1609 540 1646 in
562 1608 641 1662 ipsa
662 1607 782 1652 urbe;
814 1616 868 1651 et,
891 1607 916 1645 si
938 1619 1043 1644 nunc
1065 1605 1168 1651 sunt,
1201 1619 1280 1644 non
1300 1615 1430 1644 erunt.
1463 1605 1550 1644 Nos
1571 1606 1719 1644 interea
1737 1620 1786 1645 ne
1808 1607 1887 1646 Ca-

497 1689 583 1728 pua:
604 1674 782 1728 quidem,
813 1673 877 1711 sed
909 1673 1114 1718 Luceriae;
1146 1682 1185 1711 et
1215 1686 1324 1711 oram
1356 1672 1518 1726 quidem
1547 1673 1787 1711 maritimam
1802 1675 1888 1726 jam

499 1741 795 1794 relinquemus;
827 1738 1041 1777 Afranium
1070 1739 1381 1791 expectabimus,
1412 1747 1451 1776 et
1473 1739 1700 1777 Petreium:
1733 1740 1888 1777 namin

498 1806 676 1845 Labieno
696 1819 834 1858 parum
855 1805 908 1843 est
928 1805 1147 1857 dignitatis.
1181 1803 1264 1842 Hic
1286 1813 1330 1842 tu
1351 1803 1390 1841 in
1413 1816 1476 1841 me
1497 1803 1597 1840 illud
1617 1817 1625 1840 :
1658 1803 1752 1847 Des,
1774 1802 1885 1855 idst-

498 1886 575 1910 ras.
618 1870 736 1910 Nihil
769 1871 816 1908 de
846 1884 909 1909 me
939 1870 1056 1908 dico:
1089 1869 1156 1907 alii
1177 1869 1360 1908 viderint.
1407 1867 1490 1907 Hic
1511 1868 1672 1921 quidem
1693 1882 1780 1922 quae
1799 1869 1885 1908 est?

499 1938 623 1977 Domi
643 1936 772 1975 vestrae
792 1936 896 1981 estis,
925 1945 965 1973 et
993 1936 1117 1980 eritis,
1148 1949 1283 1974 omnes
1314 1935 1424 1973 boni.
1472 1935 1574 1986 Qis
1607 1944 1691 1973 tum
1721 1934 1756 1973 se
1784 1935 1886 1975 mihi

497 2017 578 2042 non
599 2002 765 2041 ostendit
784 2004 797 2039 ?
828 2003 917 2054 quis
940 2015 1044 2039 nunc
1066 2001 1166 2038 adest
1187 2000 1263 2039 hoc
1286 2001 1420 2038 bello?
1453 2000 1502 2038 slc
1523 2000 1629 2038 enim
1644 2002 1727 2052 jam
1749 2002 1886 2055 appel-

498 2069 662 2108 landum
691 2067 758 2106 est.
805 2067 976 2106 Vibullii
1008 2080 1065 2105 res
1095 2065 1207 2119 gesta:
1242 2066 1331 2104 sunt
1365 2065 1492 2103 adhuc
1529 2067 1735 2105 maximae:
1769 2067 1809 2105 id
1838 2081 1887 2106 ex

499 2135 680 2187 Pompeii
710 2134 834 2172 literis
863 2133 1102 2187 cognosces;
1135 2133 1175 2170 in
1200 2133 1345 2185 quibus
1366 2131 1666 2170 animadvertito
1687 2133 1804 2171 illum
1825 2134 1886 2172 lo-

498 2215 607 2246 cum,
639 2200 708 2238 ubi
737 2200 811 2238 erit
839 2196 968 2240 ὣπλῆε
1001 2198 1151 2237 videbis
1186 2197 1232 2236 de
1263 2200 1383 2236 Cnaeo
1413 2197 1542 2236 nostro
1573 2198 1650 2251 ipse
1681 2198 1886 2238 Vibullius

497 2268 595 2319 quid
613 2265 823 2304 existimet.
856 2266 950 2317 Qo
971 2265 1092 2318 igitur
1112 2263 1193 2303 haec
1214 2264 1358 2317 spectat
1378 2263 1530 2302 oratio?
1563 2265 1651 2316 Ego
1673 2278 1742 2317 pro
1763 2265 1884 2303 Pom-

500 2333 590 2386 peio
610 2331 790 2369 lubenter
815 2331 939 2369 emori
967 2329 1145 2383 possum:
1179 2329 1281 2368 facio
1311 2329 1434 2383 pluris
1465 2330 1646 2368 omnium
1676 2328 1887 2369 hominum

500 2398 699 2436 neminem
719 2412 727 2435 :
760 2396 822 2435 sed
853 2410 931 2435 non
962 2397 1029 2441 ita,
1061 2409 1140 2434 uno
1168 2396 1207 2434 in
1229 2410 1274 2434 eo
1290 2395 1429 2448 judico
1452 2395 1556 2447 spem
1578 2395 1624 2433 dc
1647 2395 1766 2433 salute
1787 2396 1885 2434 Rei·

501 2463 684 2518 publicat.
732 2462 935 2515 Significas
967 2462 1073 2500 enim
1106 2462 1307 2515 aliquanto
1337 2461 1457 2505 sccuS,
1489 2475 1607 2514 quam
1636 2460 1811 2507 solebas,
1844 2472 1887 2500 ut

497 2529 618 2568 ctiam
653 2528 765 2569 ltalia
799 2528 824 2567 fi
861 2528 928 2567 ille
961 2527 1086 2573 cedat,
1128 2538 1241 2582 putes
1277 2527 1494 2567 cedendum
1514 2543 1523 2566 ε
1567 2526 1674 2580 quod
1708 2541 1781 2580 ego
1815 2541 1886 2566 nec
