2243 3008
512 266 586 307 166
855 258 1542 302 EPISTOLARUM

505 359 602 413 πυρὲς
629 359 670 400 εἷς
688 355 782 409 δῆμον
801 357 971 398 Athenis
991 359 1004 396 ?
1035 357 1163 410 placet
1191 355 1267 395 hoc
1298 355 1404 394 tibi?
1435 355 1503 393 etsi
1524 367 1602 393 non
1623 355 1893 408 impediebant

506 429 587 468 mei
612 434 716 465 certe
745 425 865 464 libri:
898 438 977 462 non
1007 424 1115 462 enim
1143 421 1213 461 ista
1241 421 1398 473 largitio
1426 420 1506 459 fuit
1536 422 1577 459 in
1605 422 1724 467 cives,
1755 421 1818 459 sed
1847 422 1890 459 in

506 493 679 546 hospites
711 491 938 530 liberalitas.
984 489 1057 526 Me
1091 497 1220 526 tamen
1253 486 1300 524 de
1335 486 1556 524 Academiae
1586 482 1746 535 προπύλῳ
1773 487 1890 538 jubes

506 561 704 613 cogitare;
727 571 821 596 cum
835 557 919 608 jam
940 554 1094 608 Appius
1115 553 1162 591 de
1184 552 1364 591 Eleusme
1384 564 1462 589 non
1484 553 1632 604 cogitet
1650 553 1664 590 ?
1696 553 1758 590 De
1779 553 1892 591 Hor-

507 625 629 664 tensio
649 633 687 661 te
706 631 814 661 certo
833 621 912 659 scio
932 620 1087 658 dolere:
1109 617 1291 670 equidem
1313 616 1518 654 excrucior
1535 631 1544 654 :
1567 617 1763 655 decreram
1783 619 1892 656 enim

507 703 602 728 cum
621 702 667 727 eo
686 687 797 725 valde
823 685 1069 724 familiariter
1096 684 1238 721 vivere.
1285 681 1371 719 Nos
1401 681 1613 733 provincia:
1643 681 1893 733 praefecimus

508 755 704 794 Caelium:
736 764 918 805 puerum,
948 750 1118 802 inquies,
1140 757 1178 786 et
1198 746 1351 784 fortaffe
1371 745 1540 791 fatuum,
1561 755 1600 784 et
1621 758 1700 784 non
1719 759 1892 799 gravem,

507 830 547 860 et
566 834 646 859 non
666 819 952 857 continentem.
998 813 1222 853 Affentior:
1253 812 1338 850 fieri
1362 825 1442 850 non
1461 812 1594 864 potuit
1612 810 1738 850 aliter.
1786 814 1894 852 Nam

507 899 604 939 quas
630 883 761 923 multo
791 891 881 920 ante
911 890 995 919 tuas
1025 891 1249 931 acceperam
1281 877 1427 922 literas,
1458 877 1499 914 in
1531 877 1676 930 quibus
1707 873 1828 922 ἐπέχειν
1856 888 1897 917 te

508 950 707 1004 scripseras
735 947 834 1000 quid·
862 945 954 985 esset
973 943 1075 983 mihi
1105 942 1333 982 faciendum
1361 942 1409 980 de
1437 941 1698 995 relinquendo
1712 959 1726 988 ;
1757 956 1810 983 eae
1829 957 1896 983 me

508 1015 751 1071 pungebant.
798 1012 993 1051 Videbam
1022 1011 1145 1055 enim,
1176 1022 1262 1062 quae
1287 1008 1363 1047 tibi
1391 1007 1512 1047 effent
1531 1005 1649 1053 ἐποχῆς
1668 1009 1802 1055 causae,
1837 1012 1896 1062 (et

506 1092 617 1122 erant
635 1081 780 1120 eaedem
799 1077 920 1128 mihi)
942 1090 1064 1130 puero
1084 1075 1233 1115 tradere
1251 1088 1316 1114 me
1333 1089 1344 1114 ε
1374 1073 1486 1114 fratri
1506 1084 1652 1123 autem,
1682 1076 1784 1116 illud
1814 1089 1894 1115 non

508 1149 607 1188 utile
627 1147 766 1186 nobis:
800 1158 890 1184 nam
910 1153 1048 1198 praeter
1067 1142 1228 1182 fratrem
1248 1155 1366 1180 nemo
1385 1150 1480 1188 erat,
1511 1155 1634 1195 quem·
1651 1144 1729 1182 fine
1748 1152 1895 1181 contu-

507 1215 626 1254 melia
651 1211 858 1263 Qaestmi,
889 1210 1017 1249 nobili
1048 1208 1275 1262 praeserfim,
1305 1207 1552 1247 anteferrem.
1598 1210 1767 1254 Tamen,
1799 1209 1897 1247 dum

509 1278 735 1334 impendere
770 1276 905 1316 Parthi
938 1275 1186 1319 videbantur,
1229 1273 1435 1312 statueram
1464 1272 1625 1312 fratrem
1660 1275 1893 1327 relinquere,

510 1356 576 1385 aut
596 1346 714 1383 etiam
736 1342 983 1396 Reipublicae
1003 1340 1114 1379 causa
1133 1349 1270 1378 contra
1289 1339 1694 1379 senatus-consultum
1724 1340 1804 1393 ipse
1832 1353 1895 1378 re-

509 1425 691 1451 manere:
728 1409 798 1462 qui
833 1407 960 1461 postea
994 1420 1113 1460 quam
1147 1404 1372 1444 incredibili
1406 1404 1595 1444 felicitate
1629 1406 1894 1451 discesserunt,

511 1478 659 1516 sublata
689 1475 886 1514 dubitatio
916 1474 984 1512 est.
1029 1472 1223 1510 Videbam
1255 1471 1476 1509 sermones:
1508 1470 1581 1510 hui
1611 1470 1772 1510 fratrem
1802 1471 1896 1510 reli-

510 1544 630 1598 quit?
668 1555 766 1580 num
797 1540 850 1579 est
884 1539 960 1577 hoc
996 1552 1073 1577 non
1107 1537 1197 1590 plus
1228 1551 1377 1575 annum
1408 1537 1586 1574 obtinere
1618 1537 1896 1590 provinciam?

509 1610 622 1664 quid,
644 1608 751 1662 quod
771 1608 932 1645 Senatus
952 1619 1016 1644 eos
1037 1604 1164 1643 voluit
1184 1603 1335 1657 praeeffe
1357 1603 1585 1656 provinciis,
1607 1605 1676 1657 qui
1697 1617 1776 1643 non
1796 1617 1898 1657 prae-

508 1676 698 1717 fuissent?
729 1684 768 1713 at
800 1673 867 1712 hic
897 1672 1127 1711 triennium.
1175 1672 1283 1722 Ergo
1316 1669 1400 1710 haec
1434 1670 1481 1707 ad
1515 1670 1724 1723 populum.
1771 1671 1897 1724 Qid,

510 1756 597 1797 quae
618 1751 750 1780 tecum
769 1741 782 1778 ?
815 1751 1020 1791 nunquam
1041 1737 1154 1775 essem
1178 1737 1255 1774 fine
1275 1749 1380 1780 cura,
1404 1735 1429 1773 fi
1452 1736 1548 1788 quid
1568 1736 1808 1782 iracundius,
1830 1746 1899 1776 aut

510 1805 847 1850 contumeliosius,
889 1814 956 1842 aut
990 1803 1282 1855 negligentius,
1326 1814 1412 1853 quae
1446 1800 1522 1838 fert
1555 1801 1635 1838 vita
1668 1801 1895 1841 hominum.

511 1874 638 1926 Qid,
670 1873 696 1910 fi
727 1870 824 1924 quid
854 1870 959 1908 filius
990 1882 1100 1922 puer,
1131 1877 1170 1905 ct
1196 1880 1292 1919 puer
1319 1866 1417 1904 bene
1438 1866 1507 1904 fibi
1530 1866 1684 1905 fidens?
1717 1868 1785 1919 qui
1806 1868 1897 1906 effet

510 1939 655 1977 dolor?
687 1949 804 1989 quem
827 1944 935 1987 pater
956 1948 1034 1972 non
1056 1932 1310 1976 dimittebat;
1343 1941 1458 1983 teque
1487 1931 1528 1970 id
1557 1932 1709 1970 censere
1737 1934 1897 1972 moleste

512 2004 674 2043 serebat.
718 2003 774 2039 At
794 2014 898 2039 nunc
922 1999 1082 2044 Caelius,
1105 2011 1183 2036 non
1204 1997 1294 2035 dico
1314 1997 1514 2050 equidem,
1535 1998 1632 2051 quid
1652 1999 1801 2051 egerit,
1834 1999 1897 2037 sed

512 2081 644 2108 tamen
663 2067 793 2106 multo
814 2066 946 2104 minus
966 2065 1116 2103 laboro.
1162 2062 1275 2100 Adde
1306 2062 1422 2108 illud,
1455 2062 1665 2116 Pompeius
1692 2077 1739 2102 eo
1759 2064 1898 2103 robore

513 2137 586 2181 vir,
617 2135 665 2173 iis
695 2132 906 2176 radicibus,
937 2129 1189 2183 QCaffium
1209 2129 1286 2167 fine
1306 2128 1406 2167 sorte
1426 2127 1587 2181 delegit,
1619 2129 1743 2168 Caesar
1766 2131 1896 2168 Anto—

515 2203 653 2240 nium:
684 2212 758 2251 ego
786 2198 886 2237 sorte
919 2197 1056 2235 datum
1086 2194 1358 2234 offenderem?
1390 2203 1434 2233 ut
1462 2195 1580 2232 etiam
1611 2195 1825 2247 inquireret
1855 2195 1902 2234 ir»

513 2282 620 2312 eum,
649 2277 768 2318 quern
796 2263 1064 2316 reliquissem?
1098 2261 1188 2300 Hoc
1218 2260 1388 2306 melius;
1420 2269 1458 2298 et
1479 2259 1598 2312 hujus
1619 2261 1671 2299 rei
1695 2261 1805 2314 plura
1825 2274 1896 2299 ex-

512 2334 670 2386 empla:
704 2331 891 2370 senectuti
909 2327 1073 2383 quidem
1093 2327 1227 2366 nostra:
1256 2326 1432 2381 profecto
1450 2328 1594 2379 aptius.
1641 2328 1695 2365 At
1727 2337 1763 2366 tc
1795 2327 1899 2381 apud

513 2413 620 2445 eum,
650 2398 707 2436 dii
728 2397 822 2435 boni
841 2397 848 2433 !
881 2405 1032 2449 quanm
1047 2395 1087 2433 in
1107 2395 1230 2447 gratia
1250 2393 1359 2447 posui
1379 2395 1392 2431 ?
1422 2394 1536 2445 eique
1566 2393 1643 2445 legi
1666 2393 1799 2432 literas
1818 2405 1899 2432 non

514 2475 616 2509 tuas,
646 2463 708 2502 sed
730 2461 879 2500 librarii
900 2460 974 2499 tui.
1005 2459 1242 2499 Amicorum
1262 2459 1383 2497 literae
1403 2472 1466 2497 me
1487 2458 1533 2496 ad
1554 2458 1803 2512 triumphum
1824 2471 1897 2496 vo-

515 2540 621 2577 cant,
653 2542 737 2569 rem
763 2543 786 2567 a
807 2527 938 2574 nobis,
969 2535 1013 2567 ut
1031 2539 1105 2581 ego
1124 2525 1305 2572 arbitror,
1336 2534 1495 2579 propter
1524 2524 1624 2564 hanc
1655 2522 1901 2574 mre-nm·
