2243 3008
367 278 416 318 52
711 263 1398 303 EPISTOLARUM

369 364 513 414 Qme,
544 361 645 399 mihi
679 361 807 407 crede,
838 359 1070 411 φιλοπφῶμεν.
1118 363 1277 414 Juratus
1313 365 1387 402 tibi
1422 363 1576 418 poffum
1609 364 1752 410 dicere,

369 427 470 466 nihil
497 427 568 465 effe
598 427 710 464 tanti.
756 428 825 465 Tu
854 427 880 464 fi
910 427 1040 464 literas
1074 427 1120 464 ad
1150 429 1352 480 Sicyonios
1381 428 1516 476 habes,
1546 430 1682 470 advola
1711 430 1753 468 in

369 494 654 532 Formianum:
686 491 790 530 unde
809 505 878 530 nos
900 492 1002 544 prid.
1035 492 1150 531 Non.
1179 493 1282 532 Mai.
1305 495 1541 547 cogitamus.

702 693 945 731 C1csno
984 693 1240 732 A'r'rtco
1282 695 1412 733 SAL.

370 822 486 861 XIV.
511 819 584 908 Q
599 821 736 860 UAN
751 821 896 860 TAM
927 830 970 859 tu
1000 819 1102 860 mihi
1123 835 1255 861 moves
1276 824 1588 876 expectationem
1608 822 1656 862 de
1676 823 1755 862 ser-

605 898 723 924 mone
743 885 905 925 Bibuli?
927 896 1114 938 quantam
1134 887 1181 925 de
1201 887 1404 940 colloquio
1423 880 1604 928 aumas?
1626 901 1754 941 quan·

369 962 450 991 tam
470 953 588 991 etiam
609 951 657 990 de
676 951 747 990 illo
767 952 936 990 delicato
955 953 1138 990 convivio
1156 954 1170 991 ?
1200 953 1365 1005 proinde
1389 954 1443 991 ita
1468 951 1530 990 fac
1550 953 1681 992 venias
1707 952 1756 991 ad

369 1019 539 1056 fitientes
559 1031 682 1056 aures.
728 1019 967 1071 Qanquam
997 1017 1099 1056 nihil
1128 1017 1183 1056 est
1203 1019 1302 1070 jam,
1333 1018 1441 1071 quod
1460 1018 1586 1070 magis
1607 1019 1755 1057 timen-

369 1083 465 1121 dum
487 1082 600 1121 nobis
626 1091 778 1136 putem,
809 1096 928 1136 quam
957 1096 1006 1121 ne
1037 1083 1106 1122 ille
1134 1082 1260 1121 noster
1291 1084 1631 1136 Sampsiceramus,
1662 1097 1756 1122 cum

370 1149 406 1187 se
426 1149 608 1187 omnium
629 1147 871 1187 sermonibus
902 1148 1041 1187 sentiet
1069 1148 1265 1201 vapulare,
1295 1157 1334 1186 et
1365 1160 1459 1187 cum
1487 1147 1556 1186 has
1585 1149 1757 1187 actiones

369 1209 577 1262 ‹davilpe‘ilas
605 1214 770 1259 videbit,
801 1226 910 1252 ruere
937 1214 1115 1266 incipiat.
1161 1215 1251 1266 Ego
1278 1223 1412 1253 autem
1442 1213 1564 1266 usque
1593 1227 1641 1253 eo
1669 1215 1756 1253 sum

369 1287 586 1324 enervatus,
617 1288 661 1318 ut
689 1279 767 1318 hoc
796 1279 893 1324 otio,
925 1292 1006 1332 quo
1033 1293 1138 1318 nunc
1168 1279 1419 1325 tabescimus,
1449 1280 1588 1318 malim
1613 1276 1756 1329 {ruspar-

370 1340 496 1389 2509&
526 1357 644 1396 quam
675 1358 768 1383 cum
800 1345 951 1398 optima
980 1345 1045 1398 spe
1075 1345 1275 1385 dimicare.
1321 1346 1384 1384 De
1415 1345 1622 1399 pangendo
1648 1345 1757 1398 quod

370 1421 433 1446 me
454 1409 590 1447 crebro
611 1409 840 1456 adhortaris,
873 1410 956 1448 fieri
977 1409 1079 1448 nihil
1100 1410 1238 1464 potest.
1281 1411 1482 1450 Basilicam
1504 1410 1644 1456 habeo,
1675 1423 1756 1449 non

327 1463 331 1467 ⁴
370 1475 520 1520 villam,
551 1476 771 1529 frequentia
792 1477 1108 1515 Formianorum.
1155 1478 1210 1515 At
1239 1491 1358 1530 quam
1385 1487 1534 1530 partem
1557 1477 1753 1516 bafilicae?

370 1541 521 1579 tribum
550 1542 771 1581 AEmiliam.
819 1542 906 1587 Sed,
937 1543 1081 1585 omitto
1113 1543 1271 1595 vulgus,
1304 1543 1387 1595 post
1418 1543 1554 1581 horam
1587 1556 1630 1581 1v
1665 1557 1755 1581 mo-

370 1605 454 1644 lesti
474 1607 601 1644 caeteri
624 1620 700 1644 non
722 1607 824 1645 suut.
872 1608 920 1645 C.
945 1608 1083 1646 Arrius
1104 1608 1308 1659 proximus
1342 1607 1395 1646 est
1414 1608 1569 1646 vicinus
1588 1622 1597 1646 ε
1631 1608 1758 1646 immo

372 1671 438 1709 ille
458 1671 619 1724 quidem
634 1673 717 1724 jam
737 1673 1058 1718 contubernalis;
1091 1673 1160 1725 qui
1190 1674 1308 1711 etiam
1339 1673 1375 1711 se
1404 1673 1553 1712 idcirco
1583 1674 1757 1712 Romam

371 1737 426 1775 ire
444 1746 575 1789 negat,
609 1747 651 1775 ut
681 1737 748 1776 hic
778 1750 934 1776 mecum
965 1747 1068 1776 totos
1101 1738 1182 1777 dies
1213 1737 1527 1791 philosophetur.
1573 1739 1680 1777 Ecce
1707 1751 1756 1777 ex

371 1802 488 1840 altera
508 1812 614 1855 parte
635 1803 813 1848 Sebosus,
844 1804 913 1842 ille
934 1803 1069 1841 Catuli
1091 1802 1311 1842 familiaris.
1357 1804 1452 1855 Qo
1481 1817 1544 1842 me
1574 1813 1720 1842 vertam
1740 1804 1754 1842 ?

372 1868 499 1906 statim
520 1868 744 1907 mehercule
764 1869 963 1921 Arpinum
985 1869 1096 1913 irem,
1129 1869 1171 1907 ni
1200 1877 1236 1906 te
1264 1868 1306 1907 in
1336 1868 1548 1907 Formiano
1571 1883 1755 1908 commo·

370 1933 520 1972 disfime
539 1934 731 1987 expeitari
751 1934 937 1980 viderem,
968 1934 1156 1973 duntaxat
1176 1935 1222 1972 ad
1244 1934 1345 1987 prid.
1375 1935 1486 1974 Non.
1519 1935 1620 1974 Mai.
1653 1935 1756 1974 Vide

371 1999 479 2037 enim
505 1999 650 2052 quibus
677 1999 908 2038 hominibus
936 2013 1044 2038 aures
1075 2000 1147 2038 sint
1173 2000 1314 2039 dedita·
1340 2014 1451 2039 meae.
1499 2001 1755 2040 Occasionem

370 2065 595 2110 mirificam,
626 2065 653 2104 fi
683 2067 755 2119 qui
784 2080 904 2111 nunc,
936 2067 1031 2105 dum
1053 2065 1094 2104 hi
1115 2067 1217 2119 apud
1239 2081 1303 2105 me
1323 2067 1426 2112 sunt,
1458 2081 1584 2106 emere
1616 2067 1663 2106 de
1690 2081 1754 2106 me

370 2130 543 2169 fundum
565 2131 821 2170 Formianum
840 2133 949 2171 velit.
996 2133 1050 2171 Et
1072 2142 1202 2171 tamen
1223 2132 1324 2171 illud
1345 2133 1508 2186 probem
1528 2135 1541 2171 ?
1573 2134 1756 2186 Magnum

371 2196 461 2250 quid
482 2197 751 2249 aggrediamur,
780 2207 815 2237 et
849 2199 972 2237 multae
1003 2198 1228 2251 cogitationis
1255 2208 1365 2251 atque
1391 2200 1466 2239 otii.
1519 2200 1592 2238 Sed
1624 2209 1756 2239 tamen

372 2264 528 2303 satisfiet
548 2277 568 2302 a
590 2263 718 2311 nobis,
748 2278 875 2318 neque
895 2275 1075 2318 parcetur
1093 2266 1235 2305 labori.
