2243 3008
561 273 636 313 390
907 255 1598 295 EPISTOLARUM

557 355 655 409 quid
670 354 838 408 judicet.
877 353 1048 407 Qando
1069 364 1199 392 autem
1220 354 1393 407 perleget
1412 355 1425 392 ?
1457 355 1519 393 De
1540 354 1676 392 Attica
1695 354 1834 408 probo.
1878 353 1947 393 Est

556 421 745 472 quiddam
767 421 885 458 etiam
906 420 1085 457 animum
1105 419 1223 456 levari
1243 431 1335 456 cum
1357 418 1605 471 spectatione,
1637 428 1722 457 tum
1743 420 1863 457 etiam
1885 432 1947 457 re-

558 486 720 538 ligionis
739 485 926 538 opinione
946 494 984 521 et
1016 482 1132 521 fama.
1181 483 1341 520 Cottam
1363 481 1464 520 mihi
1484 484 1603 522 velim
1624 485 1758 522 mittas
1776 499 1784 522 :
1819 484 1947 522 Libo-

558 564 649 589 nem
672 565 828 590 mecum
850 550 989 594 habeo,
1021 558 1060 586 et
1090 547 1302 585 habueram
1335 557 1423 585 ante
1454 549 1630 588 Cascam.
1677 552 1822 588 Brutus
1844 548 1946 588 mihi

559 618 613 655 T.
637 616 785 669 Ligarii
815 615 941 653 verbis
973 613 1184 657 nuntiavit,
1217 611 1323 664 quod
1353 612 1571 665 appelletur
1603 614 1652 652 L.
1677 614 1878 653 Curfidius
1904 615 1946 652 in

556 683 732 720 oratione
753 680 973 731 Ligariana,
990 687 1162 716 erratum
1181 677 1254 715 effe
1275 689 1432 722 meum,
1456 677 1533 722 sed,
1556 687 1600 716 ut
1619 678 1743 724 aiunt,
1763 675 1949 727 μνημιιικὶν

556 743 754 795 ἁμάρτημα.
785 745 964 782 Sciebam
987 743 1212 782 Curfidium
1233 742 1555 795 pernecessarium
1577 743 1856 795 Ligariorum;
1884 744 1947 782 sed

557 823 649 848 eum
676 810 790 848 video
820 820 909 848 ante
940 809 1012 848 effe
1040 818 1258 847 mortuum.
1307 809 1368 846 Da
1399 809 1535 860 igitur,
1566 808 1710 861 quaeso,
1741 809 1947 862 negotium

559 875 766 920 Pharnaci,
809 877 965 920 Antaeo,
1008 875 1152 920 Salvio,
1195 883 1238 912 ut
1276 873 1317 911 id
1351 887 1496 912 nornen
1530 887 1579 913 ex
1613 875 1800 913 omnibus
1834 874 1946 912 libris

557 941 733 979 tollatur.

897 1142 1140 1180 Grex-:Ro
1182 1141 1438 1180 ATT1co
1479 1141 1610 1179 SAL.

557 1271 688 1310 XLV.
713 1269 772 1342 F
786 1271 824 1308 U
839 1271 857 1308 1
872 1271 910 1308 T
941 1269 1044 1322 apud
1071 1282 1134 1307 me
1154 1269 1293 1308 Lamia
1311 1268 1396 1322 post
1416 1268 1620 1308 disceffum
1642 1277 1771 1313 tuum,
1801 1268 1946 1321 episto-

794 1336 953 1388 lamque
983 1335 1030 1372 ad
1062 1347 1126 1372 me
1157 1334 1292 1371 attulit
1321 1333 1472 1372 missam
1504 1334 1574 1372 fibi
1606 1347 1627 1372 a
1653 1333 1827 1379 Caesare;
1859 1348 1946 1387 quae

555 1414 781 1453 quanquam
803 1409 890 1438 ante
911 1399 998 1437 data
1017 1408 1112 1444 erat,
1143 1412 1263 1451 quam
1284 1398 1361 1436 illae
1383 1397 1649 1444 Diocharinae,
1682 1408 1810 1438 tamen
1832 1399 1948 1452 plane

556 1467 775 1505 declarabat
801 1466 918 1504 illum
947 1474 1036 1503 ante
1064 1464 1178 1502 ludos
1209 1465 1411 1502 Romanos
1437 1464 1511 1502 effe
1530 1473 1769 1503 venturum:
1802 1465 1843 1502 in
1870 1478 1949 1517 qua

555 1542 730 1571 extrema
751 1532 940 1583 scriptum
962 1539 1057 1576 erat,
1090 1538 1134 1567 ut
1153 1529 1200 1567 ad
1227 1529 1342 1567 ludos
1362 1529 1496 1567 omnia
1516 1539 1679 1582 pararet,
1711 1543 1806 1568 neve
1832 1543 1946 1568 com-

556 1599 746 1643 mitteret,
778 1607 822 1635 ut
842 1596 982 1635 frustra
1002 1595 1081 1649 ipse
1101 1595 1348 1649 properasset.
1391 1595 1550 1634 Prorsus
1571 1609 1618 1635 ex
1639 1595 1701 1634 his
1722 1595 1846 1634 literis
1868 1610 1947 1635 non

554 1664 761 1703 videbatur
791 1663 864 1702 effe
896 1662 1080 1707 dubium,
1112 1662 1209 1714 quin
1241 1671 1330 1700 ante
1360 1675 1445 1700 eam
1479 1661 1584 1700 diem
1611 1671 1797 1700 venturus
1829 1662 1944 1708 effet3

555 1731 741 1784 idemque
763 1729 901 1774 Balbo,
933 1742 1026 1767 cum
1047 1742 1132 1767 eam
1153 1728 1356 1782 epistolam
1377 1728 1540 1781 legiss‘et,
1572 1728 1694 1767 videri
1725 1728 1863 1766 Lamia
1882 1729 1946 1766 di-

555 1797 682 1835 cebat.
727 1796 824 1835 Dies
856 1794 1043 1834 feriarum
1075 1793 1177 1833 mihi
1209 1794 1361 1833 additos
1394 1794 1532 1840 video;
1566 1793 1627 1832 sed
1648 1807 1767 1847 quam
1798 1794 1946 1833 multos

556 1861 633 1908 fac,
666 1863 691 1900 fi
713 1876 775 1900 me
795 1875 915 1906 amas,
948 1861 1091 1899 sciam:
1124 1860 1171 1899 de
1192 1861 1326 1899 Baebio
1346 1861 1507 1914 poteris,
1538 1870 1577 1899 et
1606 1860 1653 1899 de
1673 1860 1794 1899 altero
1814 1861 1948 1899 vicino

558 1928 743 1980 Egnatio.
788 1926 908 1978 Qod
936 1939 998 1963 me
1026 1925 1208 1970 hortaris,
1239 1935 1284 1964 ut
1310 1939 1374 1964 eos
1395 1926 1477 1964 dies
1498 1925 1726 1964 consumam
1749 1926 1787 1963 in
1810 1925 1946 1978 philo-

558 1992 692 2046 sophia
711 1991 967 2045 explicanda5
999 1999 1222 2028 currentem
1246 2000 1286 2028 tu
1309 1990 1496 2043 quidem:
1530 1991 1592 2029 sed
1621 2005 1714 2029 cum
1739 1991 1948 2029 Dolabella

555 2058 769 2097 vivendum
790 2056 862 2095 ess‘c
883 2056 963 2094 istis
984 2056 1122 2094 diebus
1144 2056 1266 2094 vides.
1305 2056 1426 2107 Qod
1447 2057 1515 2095 nifi
1538 2069 1600 2094 me
1621 2057 1815 2109 Torquati
1836 2057 1949 2095 causa

557 2133 720 2169 teneret,
754 2123 841 2163 satis
861 2132 941 2162 erat
963 2122 1130 2167 dierum,
1163 2132 1205 2160 ut
1230 2123 1413 2161 Puteolos
1435 2137 1638 2161 excurrere
1660 2123 1819 2176 poss'em,
1841 2133 1879 2162 et
1899 2123 1946 2161 ad

558 2201 714 2244 tempus
735 2189 872 2228 redire.
915 2189 1052 2228 Lamia
1072 2188 1232 2240 quidem
1254 2202 1275 2226 a
1303 2189 1425 2227 Balbo
1448 2191 1510 2241 (ut
1532 2189 1753 2239 videbatur)
1785 2189 1945 2227 audive-

560 2267 631 2302 rat,
671 2255 818 2295 multos
849 2268 1034 2294 nummos
1073 2255 1182 2293 domi
1220 2255 1292 2293 esse
1333 2264 1571 2301 numeratos,
1611 2269 1710 2309 quos
1749 2266 1946 2308 oporteret

557 2323 855 2375 quamprimum
885 2322 1031 2360 dividi:
1071 2334 1259 2374 magnum
1290 2322 1443 2375 pondus
1472 2322 1638 2374 argenti,
1680 2332 1816 2375 practer
1846 2335 1944 2375 pra:-

556 2389 646 2428 dia:
680 2389 899 2427 auctionem
922 2389 1051 2442 primo
1071 2402 1230 2441 quoque
1252 2398 1427 2442 tempore
1449 2388 1529 2427 ficri
1551 2398 1744 2443 oportere.
1793 2388 1943 2427 Scribas

558 2456 604 2494 ad
627 2470 687 2494 me
709 2455 825 2493 velim
848 2455 943 2507 quid
967 2455 1038 2492 tibi
1063 2455 1224 2507 placeat.
1273 2455 1485 2508 Equidem,
1519 2456 1543 2493 si
1571 2469 1618 2494 ex
1647 2455 1833 2495 omnibus
1854 2454 1945 2492 ell‘ct

556 2521 801 2576 eligendum,
839 2534 909 2560 nec
944 2521 1253 2575 diligentiorem,
1291 2535 1361 2561 nec
1396 2522 1684 2567 officiosiorem,
1722 2534 1793 2560 nec
1829 2519 1946 2560 nostri
