2243 3008
529 225 604 266 228
857 225 1542 264 EPISTOLARUM

863 461 1105 498 CicERo
1146 461 1402 498 ATT1co
1444 461 1574 500 SAL.

530 589 647 627 XIII.
673 586 762 659 LI
776 588 872 626 ΡΡΙ
886 589 972 626 TU
985 589 1023 627 D
1038 589 1054 626 1
1068 588 1108 626 N
1122 588 1175 626 IS
1207 601 1302 625 meae
1323 587 1477 639 signum
1498 588 1572 625 tibi
1593 588 1638 626 fit
1658 587 1807 627 librarii
1828 603 1915 628 rna-

771 666 860 698 nus,
890 662 930 691 et
958 652 1091 690 eadem
1122 651 1232 690 causa
1260 651 1488 690 brevitatis:
1520 652 1588 690 etfi
1609 665 1716 691 nunc
1735 654 1919 706 quidem,

529 718 637 771 quod
657 719 880 763 scriberem,
912 717 1015 756 nihil
1044 727 1138 756 erat.
1187 717 1332 756 Omnis
1361 717 1736 770 expectatio-nostra
1764 728 1844 757 erat
1873 720 1916 758 in

525 785 677 823 nuntiis
699 783 970 823 Brundusmis.
1008 784 1047 821 Si
1069 784 1201 821 nactus
1223 782 1289 821 hic
1309 782 1400 821 effet
1421 784 1588 821 Cnaeum
1608 782 1799 828 nostrum,
1830 784 1914 837 spes

525 849 646 887 dubia
677 851 810 902 pacis:
842 849 898 887 sm
927 849 995 886 ille
1028 858 1117 886 ante
1150 847 1424 892 transmisisset,
1455 847 1607 886 exitiosi
1639 848 1735 886 belli
1766 858 1911 888 metus.

526 914 599 952 Sed
626 914 795 959 videsne,
827 914 868 951 in
898 926 1017 966 quem
1047 911 1253 950 hominem
1282 911 1467 950 inciderit
1494 911 1765 965 Respublica?
1795 926 1915 965 quam

524 989 702 1025 acutum,
733 992 852 1032 quam
874 978 1119 1030 vigilantem,
1151 990 1269 1029 quam
1291 986 1469 1029 paratum
1488 978 1502 1014 ?
1535 978 1575 1015 Si
1598 977 1823 1016 mehercule
1844 992 1914 1017 ne·

523 1044 674 1083 minem
706 1042 910 1088 occiderit,
942 1055 1014 1080 nec
1044 1042 1231 1095 cuiquam
1265 1041 1484 1095 quidquam
1517 1041 1720 1088 ademerit,
1751 1042 1799 1081 ab
1833 1041 1915 1089 his,

523 1110 593 1162 qui
614 1123 705 1148 eum
726 1109 898 1147 maxime
919 1108 1148 1153 timuerant,
1180 1108 1352 1146 maxime
1372 1107 1574 1160 diligetur.
1621 1108 1806 1146 Multum
1827 1121 1911 1147 me-

523 1189 616 1214 cum
636 1175 896 1227 municipales
917 1172 1098 1212 homines
1120 1174 1353 1226 loquuntur,
1372 1173 1548 1211 multum
1564 1172 1760 1211 rusticani.
1793 1173 1914 1212 Nihil

522 1241 676 1294 prorsus
708 1240 816 1279 aliud
846 1248 986 1278 curant
1016 1239 1087 1278 nifi
1119 1252 1246 1292 agros,
1277 1238 1347 1277 nifi
1375 1238 1548 1284 villulas,
1579 1238 1650 1276 nisi
1680 1239 1910 1278 nummulos

524 1308 625 1346 suos.
672 1308 726 1346 Et
745 1306 847 1352 vide,
879 1319 1000 1358 quam
1019 1305 1200 1344 conversa
1221 1318 1279 1343 res
1300 1304 1367 1343 est.
1412 1304 1550 1350 Illum,
1581 1317 1661 1356 quo
1680 1314 1792 1343 antea
1811 1318 1909 1343 con-

523 1373 710 1418 fidebant,
742 1381 925 1411 metuunt
941 1390 953 1417 ;
984 1371 1093 1410 hunc
1114 1380 1260 1416 amant,
1291 1383 1411 1424 quem
1433 1370 1641 1409 timebant.
1687 1370 1734 1408 Id
1754 1372 1910 1423 quantis

522 1438 660 1477 nostris
690 1438 861 1492 peccatis
890 1437 1074 1490 vitiisque
1103 1437 1289 1482 evenerit,
1322 1450 1400 1475 non
1435 1435 1588 1489 poffum
1623 1436 1701 1475 fine
1735 1437 1911 1476 molestia

521 1505 707 1558 cogitare.
754 1506 853 1556 Qae
882 1512 1015 1542 autem
1043 1503 1270 1556 impendere
1299 1512 1494 1555 putarem,
1526 1501 1751 1554 scripseram
1771 1502 1818 1540 ad
1840 1512 1876 1542 te
1893 1521 1908 1548 5

520 1571 657 1624 etjam
679 1580 762 1609 tuas
781 1570 913 1609 literas
933 1568 1202 1623 expectabam.

855 1776 1098 1814 emeno
1139 1775 1394 1813 Ara-100
1436 1773 1566 1811 SM..

520 1903 633 1942 XIV.
657 1902 854 1975 NON
885 1902 1040 1947 dubito,
1073 1901 1171 1954 quin
1202 1901 1275 1940 tibi
1305 1900 1445 1940 odiosae
1476 1901 1550 1939 fint
1578 1898 1749 1953 epistolae
1769 1901 1906 1954 quoti-

765 1968 902 2012 dianae,
928 1980 1021 2005 cum
1042 1966 1254 2018 praesertim
1276 1979 1402 2018 neque
1424 1979 1522 2005 nova
1541 1964 1588 2003 de
1609 1978 1648 2004 re
1668 1965 1798 2019 aliqua
1817 1980 1903 2005 cer-

520 2035 660 2074 tiorem
682 2044 719 2074 te
735 2032 892 2078 faciam,
911 2046 1036 2084 neque
1058 2045 1198 2070 novam
1214 2031 1382 2084 denique
1398 2033 1481 2084 jam
1502 2032 1691 2084 reperiam
1713 2032 1906 2071 scribendi

519 2100 640 2138 ullam
662 2099 907 2138 sententiam.
946 2097 1018 2136 Sed
1040 2097 1081 2142 fi,
1113 2096 1244 2135 dedita
1263 2110 1393 2149 opera,
1424 2110 1516 2135 cum
1538 2096 1649 2135 causa
1670 2097 1779 2135 nulla
1797 2097 1903 2142 effer,

517 2165 737 2203 tabellarios
772 2164 818 2202 ad
853 2173 891 2202 te
924 2176 1018 2201 cum
1053 2163 1235 2201 inanibus
1269 2161 1441 2216 epistolis
1475 2163 1702 2208 mitterem,
1734 2161 1904 2201 facerem

518 2231 662 2283 inepte.
709 2230 910 2269 Euntibus
935 2242 1040 2274 vero,
1072 2228 1294 2266 domesticis
1325 2228 1551 2281 pra-sertim,
1584 2238 1626 2265 ut
1659 2227 1758 2265 nihil
1789 2227 1835 2265 ad
1867 2238 1904 2266 te

516 2296 605 2334 dem
628 2297 843 2341 literarum,
875 2294 1000 2334 facere
1022 2308 1100 2333 non
1122 2294 1273 2347 possum
1293 2309 1302 2332 ε
1334 2304 1372 2332 et
1395 2294 1506 2332 simul
1538 2293 1667 2345 (crede
1696 2292 1815 2340 mihi)
1841 2307 1904 2331 re-

515 2362 673 2415 quiesco
693 2362 855 2415 paulum
876 2362 916 2399 in
938 2361 999 2399 his
1021 2361 1201 2406 miseriis,
1224 2374 1316 2399 cum
1337 2361 1441 2413 quasi
1464 2369 1595 2398 tecum
1617 2359 1758 2412 loquor
1777 2375 1785 2398 :
1809 2373 1904 2398 cum

514 2441 604 2467 vcro
625 2437 708 2466 tuas
729 2426 906 2481 epistolas
929 2427 1031 2479 lego,
1050 2427 1179 2465 multo
1199 2426 1316 2464 ctiam
1334 2426 1472 2477 magis.
1502 2425 1681 2463 Omnino
1704 2425 1901 2477 intelligo,

515 2493 671 2532 nullum
692 2492 801 2532 fuisse
824 2501 978 2545 tempus
1000 2492 1084 2544 post
1106 2491 1172 2530 has
1196 2490 1307 2543 sugas
1324 2501 1361 2530 ct
1385 2490 1631 2536 formidines,
1649 2490 1755 2543 quod
1776 2490 1900 2542 magis
