2243 3008
521 207 630 247 AD
686 204 1119 245 ATTICUM
1185 206 1327 248 LIB.
1376 209 1496 250 XIII.
1625 210 1702 264 367

650 440 896 480 CICERO
936 441 1192 482 AT‘rrco
1232 443 1363 483 SAL.

318 570 438 609 XIII.
462 567 886 642 COMMOTUS
916 571 994 610 tuis
1015 571 1155 617 literis,
1185 572 1293 624 quod
1312 571 1359 609 ad
1380 585 1444 610 me
1464 572 1511 611 de
1531 573 1705 614 Varrone

562 635 777 688 scripseras,
809 644 932 674 totam
962 636 1217 674 Academiam
1247 637 1295 674 ab
1324 636 1557 676 hominibus
1586 640 1705 678 nobi-

317 700 470 740 liffimis
503 701 659 747 abstuli,
691 700 868 739 transtuli
899 701 946 738 ad
977 702 1151 740 nostrum
1180 701 1366 747 sodalem,
1398 712 1436 741 et
1470 717 1517 742 ex
1550 704 1706 744 duobus

317 766 430 805 libris
448 766 601 805 contuli
622 767 662 804 in
684 775 866 819 quatuor.
891 767 1129 805 Grandiores
1150 767 1239 805 sunt
1259 768 1439 813 omnino,
1457 783 1576 821 quam
1597 780 1707 809 erant

318 831 409 877 illi3
442 833 505 871 sed
526 842 655 871 tamen
677 832 803 871 multa
823 832 1004 871 detracta.
1037 834 1103 871 Tu
1125 842 1256 871 autem
1277 832 1378 871 mihi
1400 835 1588 886 pervelim
1609 837 1706 875 scri-

320 898 402 943 bas,
425 900 494 951 qui
515 898 754 936 intellexeris
775 897 892 936 illum
912 899 1027 938 velle.
1060 899 1165 937 Illud
1186 913 1277 937 vero
1298 899 1436 952 utique
1456 900 1551 939 scire
1571 903 1708 955 cupio,

319 976 440 1014 quem
476 963 715 1001 intellexeris
750 962 798 1000 ab
832 976 878 1000 eo
910 958 1164 1013 ζηλσππᾶθαι,
1196 963 1266 1002 nifi
1300 963 1402 1002 forte
1436 966 1634 1005 Brutum:
1665 967 1709 1005 id

319 1026 452 1066 hercle
473 1028 661 1066 restabat:
695 1028 758 1066 sed
783 1037 913 1066 tamen
943 1027 1038 1065 scire
1066 1029 1271 1080 pervelim.
1317 1029 1433 1067 Libri
1462 1030 1623 1082 quidem
1655 1032 1710 1070 ita

318 1094 515 1138 exierunt,
550 1093 638 1145 (nifi
664 1092 766 1131 forte
787 1106 850 1130 me
871 1093 1096 1131 communis
1126 1091 1294 1139 φιλαυτία.
1321 1094 1488 1147 decipit)
1513 1104 1555 1133 ut
1576 1096 1616 1134 in
1641 1097 1710 1134 tali

320 1172 461 1211 genere
482 1173 529 1196 ne
553 1159 656 1211 apud
687 1160 847 1197 Graecos
877 1158 1039 1211 quidem
1069 1158 1194 1196 fimile
1222 1159 1455 1212 quidquam.
1500 1162 1566 1199 Tu
1597 1162 1709 1200 illam

313 1224 508 1276 jacturam
527 1223 625 1261 feres
648 1237 759 1275 aequo
778 1224 926 1269 animo,
947 1223 1054 1275 quod
1075 1223 1157 1269 illa,
1180 1237 1266 1276 quae
1287 1223 1405 1263 habes
1427 1225 1473 1263 de
1494 1226 1709 1265 Academi-

323 1290 396 1335 cis,
431 1289 569 1328 frustra
597 1290 788 1342 descripta
817 1290 920 1329 sunt.
966 1290 1104 1328 Multo
1125 1299 1256 1328 tamen
1277 1289 1360 1329 haec
1389 1300 1504 1329 erunt
1534 1292 1710 1344 splendi-

320 1355 444 1401 diora,
475 1356 665 1401 breviora,
695 1356 871 1394 meliora.
915 1357 1038 1394 Nunc
1058 1365 1190 1394 autem
1209 1352 1331 1408 διποςῶ,
1361 1370 1441 1408 quo
1461 1371 1525 1395 me
1544 1367 1710 1398 vertam.

321 1421 427 1460 Volo
447 1421 666 1460 Dolabellae
686 1421 796 1459 valde
817 1421 1060 1460 defideranti.
1093 1421 1189 1460 Non
1211 1422 1360 1473 reperio
1381 1422 1478 1474 quid
1497 1437 1505 1460 :
1538 1432 1576 1460 et
1596 1423 1712 1462 fimul

320 1479 474 1533 αἰδέομαι
492 1483 630 1538 Τςῶαιςε
663 1500 806 1538 neque,
837 1487 863 1524 s1
884 1486 1049 1537 aliquid,
1080 1486 1149 1538 qui
1176 1496 1313 1538 potero
1340 1482 1475 1535 μέμψιν
1503 1487 1708 1540 effugere?

323 1551 408 1588 Aut
440 1549 661 1588 cessandum
690 1551 827 1602 igitur,
858 1560 925 1589 aut
956 1551 1107 1603 aliquid
1137 1551 1460 1603 excogitandum.
1507 1552 1579 1590 Sed
1614 1554 1713 1606 quid

322 1615 406 1653 haec
428 1615 526 1653 levia
546 1616 760 1653 curamus?
792 1617 927 1662 Attica
947 1629 1046 1662 mea,
1078 1615 1238 1653 obsecro
1270 1625 1321 1661 te,
1354 1616 1449 1667 quid
1481 1617 1593 1669 agit?
1625 1632 1711 1670 quae

324 1694 389 1719 me
409 1680 519 1718 valde
547 1681 673 1732 angit.
720 1681 791 1718 Sed
822 1681 959 1719 crebro
989 1682 1142 1735 regusto
1173 1691 1257 1719 tuas
1287 1681 1445 1720 literas:
1478 1683 1518 1720 in
1550 1681 1612 1721 his
1642 1697 1709 1722 ac-

323 1746 482 1800 quiesco
500 1761 509 1785 :
542 1745 675 1784 tamen
693 1748 855 1800 expecto
875 1761 1009 1786 novas.

663 1949 905 1988 CICERO
946 1949 1202 1987 AT‘rico
1244 1948 1375 1985 SAL.

326 2077 441 2115 XIV.
466 2075 527 2147 B
543 2077 579 2114 R
596 2076 669 2115 IN
685 2077 758 2115 NI
775 2078 792 2115 Ι
821 2077 1002 2122 libertus,
1033 2075 1192 2114 coheres
1223 2076 1363 2121 noster,
1395 2075 1543 2128 scripfit
1563 2075 1609 2113 ad
1630 2090 1710 2122 me,

557 2142 672 2188 velle,
710 2142 736 2180 fi
768 2142 870 2180 mihi
902 2143 1090 2195 placeret,
1116 2141 1341 2186 coheredes,
1378 2141 1414 2178 se
1446 2150 1486 2178 et
1521 2141 1710 2180 Sabinum

328 2208 495 2247 Albium
515 2208 562 2246 ad
583 2222 646 2246 me
666 2208 810 2247 venire.
853 2209 898 2247 Id
918 2222 992 2260 ego
1011 2209 1125 2261 plane
1146 2208 1239 2245 nolo
1258 2223 1266 2245 ε
1299 2206 1490 2244 hereditas
1511 2208 1610 2244 tanti
1631 2221 1710 2245 non

327 2274 406 2312 est:
440 2284 477 2312 et
510 2284 638 2313 tamen
666 2275 777 2313 obire
797 2276 987 2314 auctionis
1008 2275 1113 2312 diem
1134 2273 1249 2310 facile
1269 2281 1471 2325 poterunt,
1502 2272 1576 2324 (est
1604 2275 1714 2312 enim

331 2353 387 2377 111
407 2339 487 2389 Id.)
507 2340 531 2377 fi
554 2354 616 2378 me
637 2341 677 2379 in
697 2341 926 2379 Tusculano
946 2340 1129 2393 postridie
1151 2339 1286 2377 Nonas
1308 2352 1420 2376 mane
1439 2340 1710 2377 convenerint.

330 2405 449 2455 Qod
470 2405 496 2442 fi
518 2405 641 2443 laxius
661 2407 795 2445 volent
815 2406 987 2459 proferre
1007 2405 1128 2450 diem,
1158 2414 1344 2458 poterunt
1362 2404 1424 2442 vel
1446 2404 1627 2448 biduum,
1648 2405 1710 2442 vel

330 2469 520 2515 triduum,
552 2470 611 2509 vel
644 2480 687 2509 ut
718 2471 941 2517 videbitur3
974 2470 1078 2510 nihil
1109 2471 1217 2510 enim
1246 2469 1418 2509 interest.
1464 2470 1608 2519 Qarc,
1641 2468 1708 2505 nifi
