<?xml version="1.0" encoding="UTF-8"?>
<!DOCTYPE html PUBLIC "-//W3C//DTD XHTML 1.0 Transitional//EN"
    "http://www.w3.org/TR/xhtml1/DTD/xhtml1-transitional.dtd">
<html xmlns="http://www.w3.org/1999/xhtml" xml:lang="en" lang="en">
 <head>
  <title>
</title>
<meta http-equiv="Content-Type" content="text/html;charset=utf-8" />
  <meta name='ocr-system' content='tesseract 3.04.00' />
  <meta name='ocr-capabilities' content='ocr_page ocr_carea ocr_par ocr_line ocrx_word'/>
</head>
<body>
  <div class='ocr_page' id='page_1' title='image "./operacumindicibu08ciceuoft_0265.png"; bbox 0 0 2243 3008; ppageno 0'>
   <div class='ocr_carea' id='block_1_1' title="bbox 568 231 1727 286">
    <p class='ocr_par' dir='ltr' id='par_1_1' title="bbox 568 231 1727 286">
     <span class='ocr_line' id='line_1_1' title="bbox 568 231 1727 286; baseline -0.003 -12"><span class='ocrx_word' id='word_1_1' title='bbox 568 231 1164 274; x_wconf 89' lang='lat' dir='ltr'>ADATTICUM</span> <span class='ocrx_word' id='word_1_2' title='bbox 1231 231 1496 271; x_wconf 81' lang='lat' dir='ltr'>L113.1x.</span> <span class='ocrx_word' id='word_1_3' title='bbox 1649 244 1727 286; x_wconf 81' lang='lat'>257</span> 
     </span>
    </p>
   </div>
   <div class='ocr_carea' id='block_1_2' title="bbox 341 328 1734 1100">
    <p class='ocr_par' dir='ltr' id='par_1_2' title="bbox 341 328 1734 1100">
     <span class='ocr_line' id='line_1_2' title="bbox 342 328 1725 382; baseline -0.005 -8"><span class='ocrx_word' id='word_1_4' title='bbox 342 349 422 374; x_wconf 87' lang='lat' dir='ltr'>non</span> <span class='ocrx_word' id='word_1_5' title='bbox 442 334 571 378; x_wconf 87' lang='lat' dir='ltr'>ierim,</span> <span class='ocrx_word' id='word_1_6' title='bbox 588 341 655 371; x_wconf 90' lang='lat' dir='ltr'>aut</span> <span class='ocrx_word' id='word_1_7' title='bbox 674 331 773 370; x_wconf 84' lang='lat' dir='ltr'>felix</span> <span class='ocrx_word' id='word_1_8' title='bbox 793 329 919 369; x_wconf 80' lang='lat' dir='ltr'>fuisse.</span> <span class='ocrx_word' id='word_1_9' title='bbox 954 328 1063 367; x_wconf 82' lang='lat' dir='ltr'>Mihi</span> <span class='ocrx_word' id='word_1_10' title='bbox 1084 337 1241 369; x_wconf 85' lang='lat' dir='ltr'>contra:</span> <span class='ocrx_word' id='word_1_11' title='bbox 1265 342 1468 382; x_wconf 89' lang='lat' dir='ltr'>nunquam</span> <span class='ocrx_word' id='word_1_12' title='bbox 1489 331 1595 369; x_wconf 91' lang='lat' dir='ltr'>enim</span> <span class='ocrx_word' id='word_1_13' title='bbox 1615 330 1725 368; x_wconf 87' lang='lat' dir='ltr'>illius</span> 
     </span>
     <span class='ocr_line' id='line_1_3' title="bbox 342 394 1727 447; baseline -0.004 -8"><span class='ocrx_word' id='word_1_14' title='bbox 342 400 512 440; x_wconf 64' lang='lat' dir='ltr'>victoriae</span> <span class='ocrx_word' id='word_1_15' title='bbox 532 398 658 436; x_wconf 90' lang='lat' dir='ltr'>socius</span> <span class='ocrx_word' id='word_1_16' title='bbox 678 397 750 435; x_wconf 81' lang='lat' dir='ltr'>effe</span> <span class='ocrx_word' id='word_1_17' title='bbox 770 397 879 435; x_wconf 91' lang='lat' dir='ltr'>volui</span> <span class='ocrx_word' id='word_1_18' title='bbox 895 415 907 441; x_wconf 65' lang='grc' dir='ltr'><strong><em>ς</em></strong></span> <span class='ocrx_word' id='word_1_19' title='bbox 930 395 1162 433; x_wconf 87' lang='lat' dir='ltr'>calamitatis</span> <span class='ocrx_word' id='word_1_20' title='bbox 1184 394 1343 433; x_wconf 89' lang='lat' dir='ltr'>mallem</span> <span class='ocrx_word' id='word_1_21' title='bbox 1364 395 1489 434; x_wconf 83' lang='lat' dir='ltr'>fuiffe.</span> <span class='ocrx_word' id='word_1_22' title='bbox 1523 395 1632 447; x_wconf 83' lang='lat' dir='ltr'>Qid</span> <span class='ocrx_word' id='word_1_23' title='bbox 1652 408 1727 447; x_wconf 84' lang='lat' dir='ltr'>ego</span> 
     </span>
     <span class='ocr_line' id='line_1_4' title="bbox 342 461 1725 515; baseline -0.004 -12"><span class='ocrx_word' id='word_1_24' title='bbox 342 478 448 504; x_wconf 90' lang='lat' dir='ltr'>nunc</span> <span class='ocrx_word' id='word_1_25' title='bbox 470 474 553 502; x_wconf 92' lang='lat' dir='ltr'>tuas</span> <span class='ocrx_word' id='word_1_26' title='bbox 574 464 719 508; x_wconf 86' lang='lat' dir='ltr'>literas,</span> <span class='ocrx_word' id='word_1_27' title='bbox 751 462 848 515; x_wconf 88' lang='lat' dir='ltr'>quid</span> <span class='ocrx_word' id='word_1_28' title='bbox 880 471 988 500; x_wconf 91' lang='lat' dir='ltr'>tuam</span> <span class='ocrx_word' id='word_1_29' title='bbox 1020 461 1267 514; x_wconf 86' lang='lat' dir='ltr'>prudentiam</span> <span class='ocrx_word' id='word_1_30' title='bbox 1299 469 1365 498; x_wconf 85' lang='lat' dir='ltr'>aut</span> <span class='ocrx_word' id='word_1_31' title='bbox 1397 461 1725 505; x_wconf 82' lang='lat' dir='ltr'>benevolentiam,</span> 
     </span>
     <span class='ocr_line' id='line_1_5' title="bbox 342 526 1727 583; baseline -0.003 -14"><span class='ocrx_word' id='word_1_32' title='bbox 342 531 586 583; x_wconf 83' lang='lat' dir='ltr'>implorem?</span> <span class='ocrx_word' id='word_1_33' title='bbox 617 530 766 567; x_wconf 61' lang='lat' dir='ltr'>Actum</span> <span class='ocrx_word' id='word_1_34' title='bbox 797 529 864 567; x_wconf 87' lang='lat' dir='ltr'>est.</span> <span class='ocrx_word' id='word_1_35' title='bbox 911 529 1036 567; x_wconf 89' lang='lat' dir='ltr'>Nulla</span> <span class='ocrx_word' id='word_1_36' title='bbox 1063 542 1102 566; x_wconf 90' lang='lat' dir='ltr'>re</span> <span class='ocrx_word' id='word_1_37' title='bbox 1117 529 1201 580; x_wconf 88' lang='lat' dir='ltr'>jam</span> <span class='ocrx_word' id='word_1_38' title='bbox 1222 526 1531 578; x_wconf 73' lang='lat' dir='ltr'>pofi‘umjuvari,</span> <span class='ocrx_word' id='word_1_39' title='bbox 1563 527 1647 578; x_wconf 92' lang='lat' dir='ltr'>qui,</span> <span class='ocrx_word' id='word_1_40' title='bbox 1679 540 1727 565; x_wconf 87' lang='lat' dir='ltr'>ne</span> 
     </span>
     <span class='ocr_line' id='line_1_6' title="bbox 341 591 1726 648; baseline -0.004 -14"><span class='ocrx_word' id='word_1_41' title='bbox 341 596 439 647; x_wconf 90' lang='lat' dir='ltr'>quid</span> <span class='ocrx_word' id='word_1_42' title='bbox 459 604 594 648; x_wconf 88' lang='lat' dir='ltr'>optem</span> <span class='ocrx_word' id='word_1_43' title='bbox 615 594 793 647; x_wconf 92' lang='lat' dir='ltr'>quidem,</span> <span class='ocrx_word' id='word_1_44' title='bbox 819 596 902 646; x_wconf 87' lang='lat' dir='ltr'>jam</span> <span class='ocrx_word' id='word_1_45' title='bbox 934 593 1074 638; x_wconf 88' lang='lat' dir='ltr'>habeo,</span> <span class='ocrx_word' id='word_1_46' title='bbox 1106 592 1176 630; x_wconf 77' lang='lat' dir='ltr'>nisi</span> <span class='ocrx_word' id='word_1_47' title='bbox 1210 601 1254 629; x_wconf 93' lang='lat' dir='ltr'>ut</span> <span class='ocrx_word' id='word_1_48' title='bbox 1284 591 1415 642; x_wconf 86' lang='lat' dir='ltr'>aliqua</span> <span class='ocrx_word' id='word_1_49' title='bbox 1434 591 1589 628; x_wconf 90' lang='lat' dir='ltr'>inimici</span> <span class='ocrx_word' id='word_1_50' title='bbox 1609 591 1726 629; x_wconf 86' lang='lat' dir='ltr'>mise-</span> 
     </span>
     <span class='ocr_line' id='line_1_7' title="bbox 343 654 1727 709; baseline -0.004 -10"><span class='ocrx_word' id='word_1_51' title='bbox 343 661 510 700; x_wconf 89' lang='lat' dir='ltr'>ricordia</span> <span class='ocrx_word' id='word_1_52' title='bbox 536 660 738 699; x_wconf 87' lang='lat' dir='ltr'>liberetur.</span> <span class='ocrx_word' id='word_1_53' title='bbox 784 658 850 694; x_wconf 70' lang='lat' dir='ltr'>Ot&#39;m</span> <span class='ocrx_word' id='word_1_54' title='bbox 872 655 920 698; x_wconf 70' lang='grc' dir='ltr'>ἶς’</span> <span class='ocrx_word' id='word_1_55' title='bbox 939 654 1053 706; x_wconf 75' lang='grc' dir='ltr'><strong><em>ἔτυμος</em></strong></span> <span class='ocrx_word' id='word_1_56' title='bbox 1071 655 1175 702; x_wconf 65' lang='grc' dir='ltr'>λόγος,</span> <span class='ocrx_word' id='word_1_57' title='bbox 1205 665 1249 694; x_wconf 89' lang='lat' dir='ltr'>ut</span> <span class='ocrx_word' id='word_1_58' title='bbox 1279 657 1434 709; x_wconf 90' lang='lat' dir='ltr'>opinor,</span> <span class='ocrx_word' id='word_1_59' title='bbox 1466 656 1535 694; x_wconf 89' lang='lat' dir='ltr'>ille</span> <span class='ocrx_word' id='word_1_60' title='bbox 1554 656 1602 694; x_wconf 90' lang='lat' dir='ltr'>de</span> <span class='ocrx_word' id='word_1_61' title='bbox 1633 657 1727 694; x_wconf 86' lang='lat' dir='ltr'>rati-</span> 
     </span>
     <span class='ocr_line' id='line_1_8' title="bbox 342 721 1728 777; baseline -0.004 -12"><span class='ocrx_word' id='word_1_62' title='bbox 342 725 431 765; x_wconf 87' lang='lat' dir='ltr'><strong>bus.</strong></span> <span class='ocrx_word' id='word_1_63' title='bbox 469 724 580 777; x_wconf 84' lang='lat' dir='ltr'>Qid</span> <span class='ocrx_word' id='word_1_64' title='bbox 600 726 708 763; x_wconf 86' lang='lat' dir='ltr'>enim</span> <span class='ocrx_word' id='word_1_65' title='bbox 728 724 795 769; x_wconf 89' lang='lat' dir='ltr'>est,</span> <span class='ocrx_word' id='word_1_66' title='bbox 827 721 933 775; x_wconf 93' lang='lat' dir='ltr'>quod</span> <span class='ocrx_word' id='word_1_67' title='bbox 955 721 1164 759; x_wconf 89' lang='lat' dir='ltr'>Dolabella</span> <span class='ocrx_word' id='word_1_68' title='bbox 1182 721 1244 760; x_wconf 90' lang='lat' dir='ltr'>his</span> <span class='ocrx_word' id='word_1_69' title='bbox 1266 721 1405 766; x_wconf 84' lang='lat' dir='ltr'>literis,</span> <span class='ocrx_word' id='word_1_70' title='bbox 1437 734 1530 773; x_wconf 88' lang='lat' dir='ltr'>quas</span> <span class='ocrx_word' id='word_1_71' title='bbox 1555 734 1611 760; x_wconf 89' lang='lat'>111</span> <span class='ocrx_word' id='word_1_72' title='bbox 1636 721 1728 759; x_wconf 87' lang='lat' dir='ltr'>Idus</span> 
     </span>
     <span class='ocr_line' id='line_1_9' title="bbox 344 781 1728 839; baseline -0.004 -10"><span class='ocrx_word' id='word_1_73' title='bbox 344 791 469 829; x_wconf 84' lang='lat' dir='ltr'>Mart.</span> <span class='ocrx_word' id='word_1_74' title='bbox 493 804 514 828; x_wconf 93' lang='lat' dir='ltr'>a</span> <span class='ocrx_word' id='word_1_75' title='bbox 534 790 751 828; x_wconf 74' lang='lat' dir='ltr'>Brundusio</span> <span class='ocrx_word' id='word_1_76' title='bbox 771 788 893 833; x_wconf 85' lang='lat' dir='ltr'>dedit,</span> <span class='ocrx_word' id='word_1_77' title='bbox 924 787 1025 825; x_wconf 88' lang='lat' dir='ltr'>hanc</span> <span class='ocrx_word' id='word_1_78' title='bbox 1054 781 1226 835; x_wconf 60' lang='grc' dir='ltr'>εὐημεφῖαιν</span> <span class='ocrx_word' id='word_1_79' title='bbox 1253 787 1359 839; x_wconf 79' lang='lat' dir='ltr'>quasi</span> <span class='ocrx_word' id='word_1_80' title='bbox 1392 786 1549 825; x_wconf 85' lang='lat' dir='ltr'>Caesaris</span> <span class='ocrx_word' id='word_1_81' title='bbox 1582 786 1728 824; x_wconf 87' lang='lat' dir='ltr'>scribe-</span> 
     </span>
     <span class='ocr_line' id='line_1_10' title="bbox 345 851 1729 908; baseline -0.004 -14"><span class='ocrx_word' id='word_1_82' title='bbox 345 865 418 901; x_wconf 90' lang='lat' dir='ltr'>ret,</span> <span class='ocrx_word' id='word_1_83' title='bbox 451 855 688 908; x_wconf 89' lang='lat' dir='ltr'>Pompeium</span> <span class='ocrx_word' id='word_1_84' title='bbox 718 855 759 892; x_wconf 90' lang='lat' dir='ltr'>in</span> <span class='ocrx_word' id='word_1_85' title='bbox 791 853 887 905; x_wconf 88' lang='lat' dir='ltr'>fuga</span> <span class='ocrx_word' id='word_1_86' title='bbox 916 851 1019 890; x_wconf 82' lang='lat' dir='ltr'>effe?</span> <span class='ocrx_word' id='word_1_87' title='bbox 1055 864 1226 904; x_wconf 90' lang='lat' dir='ltr'>eumque</span> <span class='ocrx_word' id='word_1_88' title='bbox 1257 852 1386 904; x_wconf 89' lang='lat' dir='ltr'>primo</span> <span class='ocrx_word' id='word_1_89' title='bbox 1420 861 1538 890; x_wconf 92' lang='lat' dir='ltr'>vento</span> <span class='ocrx_word' id='word_1_90' title='bbox 1569 852 1729 904; x_wconf 86' lang='lat' dir='ltr'>naviga-</span> 
     </span>
     <span class='ocr_line' id='line_1_11' title="bbox 345 916 1733 973; baseline -0.004 -13"><span class='ocrx_word' id='word_1_91' title='bbox 345 929 481 960; x_wconf 90' lang='lat' dir='ltr'>turum</span> <span class='ocrx_word' id='word_1_92' title='bbox 498 921 510 958; x_wconf 93' lang='lat'>?</span> <span class='ocrx_word' id='word_1_93' title='bbox 542 920 649 973; x_wconf 90' lang='lat' dir='ltr'>quod</span> <span class='ocrx_word' id='word_1_94' title='bbox 670 919 779 958; x_wconf 90' lang='lat' dir='ltr'>valde</span> <span class='ocrx_word' id='word_1_95' title='bbox 799 918 988 969; x_wconf 89' lang='lat' dir='ltr'>discrepat</span> <span class='ocrx_word' id='word_1_96' title='bbox 1008 916 1056 954; x_wconf 91' lang='lat' dir='ltr'>ab</span> <span class='ocrx_word' id='word_1_97' title='bbox 1077 916 1124 954; x_wconf 87' lang='lat' dir='ltr'>iis</span> <span class='ocrx_word' id='word_1_98' title='bbox 1145 916 1333 968; x_wconf 86' lang='lat' dir='ltr'>epistolis,</span> <span class='ocrx_word' id='word_1_99' title='bbox 1364 930 1530 969; x_wconf 83' lang='lat' dir='ltr'>quarum</span> <span class='ocrx_word' id='word_1_100' title='bbox 1550 917 1733 969; x_wconf 85' lang='lat' dir='ltr'>exempla</span> 
     </span>
     <span class='ocr_line' id='line_1_12' title="bbox 346 982 1731 1036; baseline -0.003 -11"><span class='ocrx_word' id='word_1_101' title='bbox 346 995 458 1025; x_wconf 89' lang='lat' dir='ltr'>antea</span> <span class='ocrx_word' id='word_1_102' title='bbox 488 984 535 1023; x_wconf 90' lang='lat' dir='ltr'>ad</span> <span class='ocrx_word' id='word_1_103' title='bbox 566 995 604 1024; x_wconf 92' lang='lat' dir='ltr'>te</span> <span class='ocrx_word' id='word_1_104' title='bbox 630 985 730 1024; x_wconf 88' lang='lat' dir='ltr'>mifi.</span> <span class='ocrx_word' id='word_1_105' title='bbox 776 985 859 1023; x_wconf 78' lang='lat' dir='ltr'>H‘ic</span> <span class='ocrx_word' id='word_1_106' title='bbox 891 982 1054 1036; x_wconf 86' lang='lat' dir='ltr'>quidem</span> <span class='ocrx_word' id='word_1_107' title='bbox 1084 995 1189 1019; x_wconf 90' lang='lat' dir='ltr'>mera</span> <span class='ocrx_word' id='word_1_108' title='bbox 1219 982 1360 1020; x_wconf 89' lang='lat' dir='ltr'>scelera</span> <span class='ocrx_word' id='word_1_109' title='bbox 1390 982 1634 1034; x_wconf 89' lang='lat' dir='ltr'>loquuntur:</span> <span class='ocrx_word' id='word_1_110' title='bbox 1668 982 1731 1021; x_wconf 91' lang='lat' dir='ltr'>sed</span> 
     </span>
     <span class='ocr_line' id='line_1_13' title="bbox 348 1046 1734 1100; baseline -0.002 -10"><span class='ocrx_word' id='word_1_111' title='bbox 348 1057 426 1090; x_wconf 85' lang='lat' dir='ltr'>non</span> <span class='ocrx_word' id='word_1_112' title='bbox 447 1060 527 1089; x_wconf 88' lang='lat' dir='ltr'>erat</span> <span class='ocrx_word' id='word_1_113' title='bbox 554 1064 626 1090; x_wconf 93' lang='lat' dir='ltr'>nec</span> <span class='ocrx_word' id='word_1_114' title='bbox 658 1051 851 1090; x_wconf 87' lang='lat' dir='ltr'>recentior</span> <span class='ocrx_word' id='word_1_115' title='bbox 881 1050 1028 1094; x_wconf 65' lang='lat' dir='ltr'>auctor,</span> <span class='ocrx_word' id='word_1_116' title='bbox 1059 1060 1130 1086; x_wconf 91' lang='lat' dir='ltr'>nec</span> <span class='ocrx_word' id='word_1_117' title='bbox 1161 1046 1280 1100; x_wconf 87' lang='lat' dir='ltr'>hujus</span> <span class='ocrx_word' id='word_1_118' title='bbox 1313 1048 1367 1086; x_wconf 90' lang='lat' dir='ltr'>rei</span> <span class='ocrx_word' id='word_1_119' title='bbox 1399 1047 1561 1100; x_wconf 89' lang='lat' dir='ltr'>quidem</span> <span class='ocrx_word' id='word_1_120' title='bbox 1593 1047 1734 1087; x_wconf 85' lang='lat' dir='ltr'>melior</span> 
     </span>
    </p>
   </div>
   <div class='ocr_carea' id='block_1_3' title="bbox 348 1115 569 1156">
    <p class='ocr_par' dir='ltr' id='par_1_3' title="bbox 348 1115 569 1156">
     <span class='ocr_line' id='line_1_14' title="bbox 348 1115 569 1156; baseline -0.014 0"><span class='ocrx_word' id='word_1_121' title='bbox 348 1115 569 1156; x_wconf 89' lang='lat' dir='ltr'>Dolabella.</span> 
     </span>
    </p>
   </div>
   <div class='ocr_carea' id='block_1_4' title="bbox 684 1313 1395 1355">
    <p class='ocr_par' dir='ltr' id='par_1_4' title="bbox 684 1313 1395 1355">
     <span class='ocr_line' id='line_1_15' title="bbox 684 1313 1395 1355; baseline -0.003 0"><span class='ocrx_word' id='word_1_122' title='bbox 684 1317 927 1355; x_wconf 65' lang='lat' dir='ltr'>C1ceno</span> <span class='ocrx_word' id='word_1_123' title='bbox 968 1314 1224 1353; x_wconf 77' lang='lat' dir='ltr'>ATT1co</span> <span class='ocrx_word' id='word_1_124' title='bbox 1265 1313 1395 1353; x_wconf 76' lang='lat' dir='ltr'>SAL.</span> 
     </span>
    </p>
   </div>
   <div class='ocr_carea' id='block_1_5' title="bbox 349 1440 1747 2476">
    <p class='ocr_par' dir='ltr' id='par_1_5' title="bbox 350 1440 1735 1518">
     <span class='ocr_line' id='line_1_16' title="bbox 350 1440 1735 1518; baseline -0.004 -33"><span class='ocrx_word' id='word_1_125' title='bbox 350 1445 469 1485; x_wconf 86' lang='lat' dir='ltr'>XIII.</span> <span class='ocrx_word' id='word_1_126' title='bbox 494 1441 705 1518; x_wconf 87' lang='lat' dir='ltr'>TUAS</span> <span class='ocrx_word' id='word_1_127' title='bbox 737 1457 783 1482; x_wconf 81' lang='lat' dir='ltr'>XI</span> <span class='ocrx_word' id='word_1_128' title='bbox 808 1443 975 1482; x_wconf 89' lang='lat' dir='ltr'>Kalend.</span> <span class='ocrx_word' id='word_1_129' title='bbox 998 1443 1131 1496; x_wconf 88' lang='lat' dir='ltr'>accepi</span> <span class='ocrx_word' id='word_1_130' title='bbox 1151 1441 1296 1488; x_wconf 89' lang='lat' dir='ltr'>literas,</span> <span class='ocrx_word' id='word_1_131' title='bbox 1318 1440 1464 1494; x_wconf 89' lang='lat' dir='ltr'>quibus</span> <span class='ocrx_word' id='word_1_132' title='bbox 1484 1441 1618 1480; x_wconf 87' lang='lat' dir='ltr'>omnia</span> <span class='ocrx_word' id='word_1_133' title='bbox 1637 1455 1735 1481; x_wconf 87' lang='lat' dir='ltr'>con-</span> 
     </span>
    </p>

    <p class='ocr_par' dir='ltr' id='par_1_6' title="bbox 349 1507 1747 2476">
     <span class='ocr_line' id='line_1_17' title="bbox 603 1507 1737 1560; baseline -0.002 -13"><span class='ocrx_word' id='word_1_134' title='bbox 603 1510 684 1548; x_wconf 84' lang='lat' dir='ltr'>filia</span> <span class='ocrx_word' id='word_1_135' title='bbox 703 1509 835 1547; x_wconf 88' lang='lat' dir='ltr'>differs</span> <span class='ocrx_word' id='word_1_136' title='bbox 856 1510 898 1546; x_wconf 89' lang='lat' dir='ltr'>in</span> <span class='ocrx_word' id='word_1_137' title='bbox 919 1508 959 1546; x_wconf 92' lang='lat' dir='ltr'>id</span> <span class='ocrx_word' id='word_1_138' title='bbox 980 1517 1152 1560; x_wconf 88' lang='lat' dir='ltr'>tempus,</span> <span class='ocrx_word' id='word_1_139' title='bbox 1183 1521 1277 1545; x_wconf 89' lang='lat' dir='ltr'>cum</span> <span class='ocrx_word' id='word_1_140' title='bbox 1297 1507 1514 1552; x_wconf 84' lang='lat' dir='ltr'>scierimus,</span> <span class='ocrx_word' id='word_1_141' title='bbox 1545 1507 1642 1560; x_wconf 91' lang='lat' dir='ltr'>quid</span> <span class='ocrx_word' id='word_1_142' title='bbox 1671 1521 1737 1545; x_wconf 89' lang='lat' dir='ltr'>ac-</span> 
     </span>
     <span class='ocr_line' id='line_1_18' title="bbox 354 1571 1737 1624; baseline -0.004 -10"><span class='ocrx_word' id='word_1_143' title='bbox 354 1585 442 1614; x_wconf 90' lang='lat' dir='ltr'>tum</span> <span class='ocrx_word' id='word_1_144' title='bbox 462 1574 507 1613; x_wconf 83' lang='lat' dir='ltr'>sit</span> <span class='ocrx_word' id='word_1_145' title='bbox 526 1590 535 1613; x_wconf 88' lang='lat'><strong>:</strong></span> <span class='ocrx_word' id='word_1_146' title='bbox 567 1583 606 1612; x_wconf 91' lang='lat' dir='ltr'>et</span> <span class='ocrx_word' id='word_1_147' title='bbox 635 1583 739 1612; x_wconf 89' lang='lat' dir='ltr'>certe</span> <span class='ocrx_word' id='word_1_148' title='bbox 767 1573 822 1611; x_wconf 90' lang='lat' dir='ltr'>ita</span> <span class='ocrx_word' id='word_1_149' title='bbox 841 1573 921 1611; x_wconf 87' lang='lat' dir='ltr'>est:</span> <span class='ocrx_word' id='word_1_150' title='bbox 953 1585 1024 1610; x_wconf 91' lang='lat' dir='ltr'>nec</span> <span class='ocrx_word' id='word_1_151' title='bbox 1045 1573 1205 1610; x_wconf 86' lang='lat' dir='ltr'>interim</span> <span class='ocrx_word' id='word_1_152' title='bbox 1226 1571 1351 1624; x_wconf 90' lang='lat' dir='ltr'>potest</span> <span class='ocrx_word' id='word_1_153' title='bbox 1371 1571 1586 1624; x_wconf 88' lang='lat' dir='ltr'>quidquam</span> <span class='ocrx_word' id='word_1_154' title='bbox 1610 1572 1737 1617; x_wconf 88' lang='lat' dir='ltr'>statui,</span> 
     </span>
     <span class='ocr_line' id='line_1_19' title="bbox 355 1637 1741 1692; baseline -0.004 -13"><span class='ocrx_word' id='word_1_155' title='bbox 355 1641 418 1679; x_wconf 91' lang='lat' dir='ltr'>sed</span> <span class='ocrx_word' id='word_1_156' title='bbox 439 1654 486 1678; x_wconf 89' lang='lat' dir='ltr'>ne</span> <span class='ocrx_word' id='word_1_157' title='bbox 507 1640 670 1692; x_wconf 88' lang='lat' dir='ltr'>cogitari</span> <span class='ocrx_word' id='word_1_158' title='bbox 691 1638 868 1691; x_wconf 88' lang='lat' dir='ltr'>quidem.</span> <span class='ocrx_word' id='word_1_159' title='bbox 912 1639 1150 1691; x_wconf 84' lang='lat' dir='ltr'>Qanquam</span> <span class='ocrx_word' id='word_1_160' title='bbox 1179 1637 1238 1676; x_wconf 86' lang='lat' dir='ltr'>hae</span> <span class='ocrx_word' id='word_1_161' title='bbox 1259 1637 1359 1675; x_wconf 91' lang='lat' dir='ltr'>mihi</span> <span class='ocrx_word' id='word_1_162' title='bbox 1381 1638 1502 1675; x_wconf 81' lang='lat' dir='ltr'>literae</span> <span class='ocrx_word' id='word_1_163' title='bbox 1523 1638 1741 1675; x_wconf 82' lang='lat' dir='ltr'>Dolabellae</span> 
     </span>
     <span class='ocr_line' id='line_1_20' title="bbox 349 1703 1740 1759; baseline -0.004 -14"><span class='ocrx_word' id='word_1_164' title='bbox 349 1707 494 1759; x_wconf 92' lang='lat' dir='ltr'>jubent</span> <span class='ocrx_word' id='word_1_165' title='bbox 514 1706 560 1744; x_wconf 90' lang='lat' dir='ltr'>ad</span> <span class='ocrx_word' id='word_1_166' title='bbox 576 1705 754 1759; x_wconf 90' lang='lat' dir='ltr'>pristinas</span> <span class='ocrx_word' id='word_1_167' title='bbox 771 1705 1028 1757; x_wconf 90' lang='lat' dir='ltr'>cogitationes</span> <span class='ocrx_word' id='word_1_168' title='bbox 1045 1704 1198 1742; x_wconf 90' lang='lat' dir='ltr'>reverti.</span> <span class='ocrx_word' id='word_1_169' title='bbox 1232 1704 1326 1741; x_wconf 91' lang='lat' dir='ltr'>Fuit</span> <span class='ocrx_word' id='word_1_170' title='bbox 1342 1703 1447 1740; x_wconf 89' lang='lat' dir='ltr'>enim</span> <span class='ocrx_word' id='word_1_171' title='bbox 1466 1703 1589 1755; x_wconf 86' lang='lat' dir='ltr'>pridie</span> <span class='ocrx_word' id='word_1_172' title='bbox 1607 1703 1740 1755; x_wconf 86' lang='lat' dir='ltr'>Qin-</span> 
     </span>
     <span class='ocr_line' id='line_1_21' title="bbox 354 1764 1745 1826; baseline -0.006 -16"><span class='ocrx_word' id='word_1_173' title='bbox 354 1781 516 1826; x_wconf 89' lang='lat' dir='ltr'>quatrus</span> <span class='ocrx_word' id='word_1_174' title='bbox 536 1770 692 1823; x_wconf 89' lang='lat' dir='ltr'>egregia</span> <span class='ocrx_word' id='word_1_175' title='bbox 712 1769 930 1823; x_wconf 89' lang='lat' dir='ltr'>tempestas,</span> <span class='ocrx_word' id='word_1_176' title='bbox 947 1783 1025 1822; x_wconf 91' lang='lat' dir='ltr'>qua</span> <span class='ocrx_word' id='word_1_177' title='bbox 1044 1783 1117 1822; x_wconf 90' lang='lat' dir='ltr'>ego</span> <span class='ocrx_word' id='word_1_178' title='bbox 1137 1769 1254 1806; x_wconf 90' lang='lat' dir='ltr'>illum</span> <span class='ocrx_word' id='word_1_179' title='bbox 1275 1768 1388 1806; x_wconf 88' lang='lat' dir='ltr'>usum</span> <span class='ocrx_word' id='word_1_180' title='bbox 1409 1778 1521 1821; x_wconf 89' lang='lat' dir='ltr'>puto.</span> <span class='ocrx_word' id='word_1_181' title='bbox 1552 1764 1745 1815; x_wconf 62' lang='grc' dir='ltr'>Σιωοιγωγῆ</span> 
     </span>
     <span class='ocr_line' id='line_1_22' title="bbox 356 1831 1744 1885; baseline -0.004 -10"><span class='ocrx_word' id='word_1_182' title='bbox 356 1836 610 1875; x_wconf 75' lang='lat' dir='ltr'>consiliorum</span> <span class='ocrx_word' id='word_1_183' title='bbox 640 1844 802 1874; x_wconf 90' lang='lat' dir='ltr'>tuorum</span> <span class='ocrx_word' id='word_1_184' title='bbox 832 1848 910 1873; x_wconf 87' lang='lat' dir='ltr'>non</span> <span class='ocrx_word' id='word_1_185' title='bbox 940 1834 993 1872; x_wconf 92' lang='lat' dir='ltr'>est</span> <span class='ocrx_word' id='word_1_186' title='bbox 1022 1848 1042 1872; x_wconf 93' lang='lat' dir='ltr'>a</span> <span class='ocrx_word' id='word_1_187' title='bbox 1071 1847 1134 1872; x_wconf 89' lang='lat' dir='ltr'>me</span> <span class='ocrx_word' id='word_1_188' title='bbox 1163 1833 1326 1871; x_wconf 67' lang='lat' dir='ltr'>collecta</span> <span class='ocrx_word' id='word_1_189' title='bbox 1354 1833 1401 1870; x_wconf 90' lang='lat' dir='ltr'>ad</span> <span class='ocrx_word' id='word_1_190' title='bbox 1435 1833 1647 1885; x_wconf 84' lang='lat' dir='ltr'>querelam,</span> <span class='ocrx_word' id='word_1_191' title='bbox 1680 1831 1744 1869; x_wconf 91' lang='lat' dir='ltr'>sed</span> 
     </span>
     <span class='ocr_line' id='line_1_23' title="bbox 356 1897 1746 1955; baseline -0.004 -15"><span class='ocrx_word' id='word_1_192' title='bbox 356 1902 482 1955; x_wconf 88' lang='lat' dir='ltr'>magis</span> <span class='ocrx_word' id='word_1_193' title='bbox 501 1902 549 1939; x_wconf 90' lang='lat' dir='ltr'>ad</span> <span class='ocrx_word' id='word_1_194' title='bbox 569 1900 878 1940; x_wconf 89' lang='lat' dir='ltr'>consolationem</span> <span class='ocrx_word' id='word_1_195' title='bbox 898 1913 1041 1938; x_wconf 88' lang='lat' dir='ltr'>meam.</span> <span class='ocrx_word' id='word_1_196' title='bbox 1087 1899 1175 1938; x_wconf 91' lang='lat' dir='ltr'>Nec</span> <span class='ocrx_word' id='word_1_197' title='bbox 1204 1898 1312 1936; x_wconf 86' lang='lat' dir='ltr'>enim</span> <span class='ocrx_word' id='word_1_198' title='bbox 1341 1911 1405 1936; x_wconf 89' lang='lat' dir='ltr'>me</span> <span class='ocrx_word' id='word_1_199' title='bbox 1433 1907 1512 1936; x_wconf 88' lang='lat' dir='ltr'>tam</span> <span class='ocrx_word' id='word_1_200' title='bbox 1540 1897 1622 1936; x_wconf 88' lang='lat' dir='ltr'>haec</span> <span class='ocrx_word' id='word_1_201' title='bbox 1643 1897 1746 1935; x_wconf 85' lang='lat' dir='ltr'>mala</span> 
     </span>
     <span class='ocr_line' id='line_1_24' title="bbox 356 1962 1744 2020; baseline -0.004 -14"><span class='ocrx_word' id='word_1_202' title='bbox 356 1967 566 2020; x_wconf 87' lang='lat' dir='ltr'>angebant,</span> <span class='ocrx_word' id='word_1_203' title='bbox 587 1979 707 2020; x_wconf 89' lang='lat' dir='ltr'>quam</span> <span class='ocrx_word' id='word_1_204' title='bbox 727 1965 894 2018; x_wconf 89' lang='lat' dir='ltr'>suspicio</span> <span class='ocrx_word' id='word_1_205' title='bbox 914 1965 1056 2017; x_wconf 86' lang='lat' dir='ltr'>culpae,</span> <span class='ocrx_word' id='word_1_206' title='bbox 1077 1977 1121 2002; x_wconf 89' lang='lat' dir='ltr'>ac</span> <span class='ocrx_word' id='word_1_207' title='bbox 1141 1964 1372 2002; x_wconf 89' lang='lat' dir='ltr'>temeritatis</span> <span class='ocrx_word' id='word_1_208' title='bbox 1393 1977 1487 2001; x_wconf 86' lang='lat' dir='ltr'>meae</span> <span class='ocrx_word' id='word_1_209' title='bbox 1504 1978 1512 2001; x_wconf 90' lang='lat'><strong>:</strong></span> <span class='ocrx_word' id='word_1_210' title='bbox 1545 1976 1630 2000; x_wconf 89' lang='lat' dir='ltr'>eam</span> <span class='ocrx_word' id='word_1_211' title='bbox 1651 1962 1744 2000; x_wconf 89' lang='lat' dir='ltr'>nul-</span> 
     </span>
     <span class='ocr_line' id='line_1_25' title="bbox 357 2027 1746 2086; baseline -0.004 -15"><span class='ocrx_word' id='word_1_212' title='bbox 357 2034 436 2071; x_wconf 89' lang='lat' dir='ltr'>lam</span> <span class='ocrx_word' id='word_1_213' title='bbox 456 2041 554 2086; x_wconf 90' lang='lat' dir='ltr'>puto</span> <span class='ocrx_word' id='word_1_214' title='bbox 573 2032 668 2077; x_wconf 85' lang='lat' dir='ltr'>effe;</span> <span class='ocrx_word' id='word_1_215' title='bbox 691 2032 880 2083; x_wconf 90' lang='lat' dir='ltr'>quoniam</span> <span class='ocrx_word' id='word_1_216' title='bbox 900 2044 993 2069; x_wconf 90' lang='lat' dir='ltr'>cum</span> <span class='ocrx_word' id='word_1_217' title='bbox 1014 2029 1185 2068; x_wconf 79' lang='lat' dir='ltr'>consiliis</span> <span class='ocrx_word' id='word_1_218' title='bbox 1206 2029 1284 2067; x_wconf 91' lang='lat' dir='ltr'>tuis</span> <span class='ocrx_word' id='word_1_219' title='bbox 1306 2042 1392 2067; x_wconf 89' lang='lat' dir='ltr'>mea</span> <span class='ocrx_word' id='word_1_220' title='bbox 1410 2027 1510 2066; x_wconf 66' lang='lat' dir='ltr'>facta</span> <span class='ocrx_word' id='word_1_221' title='bbox 1529 2038 1567 2066; x_wconf 90' lang='lat' dir='ltr'>et</span> <span class='ocrx_word' id='word_1_222' title='bbox 1587 2028 1746 2066; x_wconf 77' lang='lat' dir='ltr'>consilia</span> 
     </span>
     <span class='ocr_line' id='line_1_26' title="bbox 359 2093 1743 2149; baseline -0.005 -12"><span class='ocrx_word' id='word_1_223' title='bbox 359 2098 625 2137; x_wconf 85' lang='lat' dir='ltr'>consentiunt.</span> <span class='ocrx_word' id='word_1_224' title='bbox 649 2097 769 2148; x_wconf 84' lang='lat' dir='ltr'>Qod</span> <span class='ocrx_word' id='word_1_225' title='bbox 790 2110 876 2135; x_wconf 88' lang='lat' dir='ltr'>mea</span> <span class='ocrx_word' id='word_1_226' title='bbox 895 2095 1171 2149; x_wconf 87' lang='lat' dir='ltr'>praedicatione</span> <span class='ocrx_word' id='word_1_227' title='bbox 1186 2094 1333 2133; x_wconf 67' lang='lat' dir='ltr'>factum</span> <span class='ocrx_word' id='word_1_228' title='bbox 1354 2094 1426 2132; x_wconf 83' lang='lat' dir='ltr'>effe</span> <span class='ocrx_word' id='word_1_229' title='bbox 1446 2094 1581 2131; x_wconf 86' lang='lat' dir='ltr'>scribis</span> <span class='ocrx_word' id='word_1_230' title='bbox 1602 2093 1743 2145; x_wconf 85' lang='lat' dir='ltr'>magis,</span> 
     </span>
     <span class='ocr_line' id='line_1_27' title="bbox 358 2159 1747 2216; baseline -0.005 -14"><span class='ocrx_word' id='word_1_231' title='bbox 358 2177 478 2216; x_wconf 91' lang='lat' dir='ltr'>quam</span> <span class='ocrx_word' id='word_1_232' title='bbox 498 2164 606 2201; x_wconf 90' lang='lat' dir='ltr'>illius</span> <span class='ocrx_word' id='word_1_233' title='bbox 627 2163 785 2209; x_wconf 92' lang='lat' dir='ltr'>merito,</span> <span class='ocrx_word' id='word_1_234' title='bbox 815 2172 860 2201; x_wconf 93' lang='lat' dir='ltr'>ut</span> <span class='ocrx_word' id='word_1_235' title='bbox 881 2171 1036 2200; x_wconf 88' lang='lat' dir='ltr'>tanturn</span> <span class='ocrx_word' id='word_1_236' title='bbox 1056 2162 1091 2200; x_wconf 91' lang='lat' dir='ltr'>ei</span> <span class='ocrx_word' id='word_1_237' title='bbox 1112 2161 1251 2199; x_wconf 90' lang='lat' dir='ltr'>debere</span> <span class='ocrx_word' id='word_1_238' title='bbox 1270 2161 1420 2198; x_wconf 91' lang='lat' dir='ltr'>viderer</span> <span class='ocrx_word' id='word_1_239' title='bbox 1437 2177 1447 2204; x_wconf 86' lang='lat'>;</span> <span class='ocrx_word' id='word_1_240' title='bbox 1479 2159 1531 2196; x_wconf 91' lang='lat' dir='ltr'>est</span> <span class='ocrx_word' id='word_1_241' title='bbox 1551 2159 1618 2196; x_wconf 89' lang='lat' dir='ltr'>ita.</span> <span class='ocrx_word' id='word_1_242' title='bbox 1657 2159 1747 2210; x_wconf 89' lang='lat' dir='ltr'>Ego</span> 
     </span>
     <span class='ocr_line' id='line_1_28' title="bbox 361 2223 1745 2281; baseline -0.004 -14"><span class='ocrx_word' id='word_1_243' title='bbox 361 2230 431 2267; x_wconf 88' lang='lat' dir='ltr'>illa</span> <span class='ocrx_word' id='word_1_244' title='bbox 449 2229 575 2268; x_wconf 87' lang='lat' dir='ltr'>extuli</span> <span class='ocrx_word' id='word_1_245' title='bbox 595 2228 758 2281; x_wconf 84' lang='lat' dir='ltr'>semper,</span> <span class='ocrx_word' id='word_1_246' title='bbox 790 2237 829 2266; x_wconf 88' lang='lat' dir='ltr'>et</span> <span class='ocrx_word' id='word_1_247' title='bbox 859 2241 906 2266; x_wconf 91' lang='lat' dir='ltr'>eo</span> <span class='ocrx_word' id='word_1_248' title='bbox 936 2227 1099 2280; x_wconf 84' lang='lat' dir='ltr'>quidem</span> <span class='ocrx_word' id='word_1_249' title='bbox 1125 2226 1265 2277; x_wconf 87' lang='lat' dir='ltr'>magis,</span> <span class='ocrx_word' id='word_1_250' title='bbox 1297 2239 1345 2262; x_wconf 89' lang='lat' dir='ltr'>ne</span> <span class='ocrx_word' id='word_1_251' title='bbox 1365 2223 1461 2276; x_wconf 91' lang='lat' dir='ltr'>quid</span> <span class='ocrx_word' id='word_1_252' title='bbox 1482 2223 1549 2261; x_wconf 89' lang='lat' dir='ltr'>ille</span> <span class='ocrx_word' id='word_1_253' title='bbox 1569 2223 1745 2276; x_wconf 86' lang='lat' dir='ltr'>superio-</span> 
     </span>
     <span class='ocr_line' id='line_1_29' title="bbox 363 2288 1746 2347; baseline -0.005 -15"><span class='ocrx_word' id='word_1_254' title='bbox 363 2307 452 2332; x_wconf 90' lang='lat' dir='ltr'>rum</span> <span class='ocrx_word' id='word_1_255' title='bbox 472 2294 689 2332; x_wconf 84' lang='lat' dir='ltr'>meminiffe</span> <span class='ocrx_word' id='word_1_256' title='bbox 707 2307 771 2332; x_wconf 89' lang='lat' dir='ltr'>me</span> <span class='ocrx_word' id='word_1_257' title='bbox 792 2303 946 2347; x_wconf 89' lang='lat' dir='ltr'>putaret</span> <span class='ocrx_word' id='word_1_258' title='bbox 964 2308 972 2331; x_wconf 91' lang='lat'>:</span> <span class='ocrx_word' id='word_1_259' title='bbox 1006 2307 1091 2345; x_wconf 85' lang='lat' dir='ltr'>quae</span> <span class='ocrx_word' id='word_1_260' title='bbox 1121 2292 1146 2329; x_wconf 79' lang='lat' dir='ltr'>si</span> <span class='ocrx_word' id='word_1_261' title='bbox 1168 2291 1340 2328; x_wconf 86' lang='lat' dir='ltr'>maxime</span> <span class='ocrx_word' id='word_1_262' title='bbox 1364 2288 1653 2334; x_wconf 83' lang='lat' dir='ltr'>meminiffem;</span> <span class='ocrx_word' id='word_1_263' title='bbox 1686 2298 1746 2327; x_wconf 88' lang='lat' dir='ltr'>ta-</span> 
     </span>
     <span class='ocr_line' id='line_1_30' title="bbox 365 2354 1746 2412; baseline -0.004 -16"><span class='ocrx_word' id='word_1_264' title='bbox 365 2372 457 2397; x_wconf 89' lang='lat' dir='ltr'>men</span> <span class='ocrx_word' id='word_1_265' title='bbox 477 2359 584 2397; x_wconf 85' lang='lat' dir='ltr'>illius</span> <span class='ocrx_word' id='word_1_266' title='bbox 606 2360 794 2412; x_wconf 87' lang='lat' dir='ltr'>temporis</span> <span class='ocrx_word' id='word_1_267' title='bbox 816 2358 1116 2398; x_wconf 80' lang='lat' dir='ltr'>similitudinem</span> <span class='ocrx_word' id='word_1_268' title='bbox 1130 2357 1214 2409; x_wconf 87' lang='lat' dir='ltr'>jam</span> <span class='ocrx_word' id='word_1_269' title='bbox 1244 2355 1353 2408; x_wconf 90' lang='lat' dir='ltr'>sequi</span> <span class='ocrx_word' id='word_1_270' title='bbox 1382 2355 1578 2393; x_wconf 88' lang='lat' dir='ltr'>deberem.</span> <span class='ocrx_word' id='word_1_271' title='bbox 1628 2354 1746 2393; x_wconf 91' lang='lat' dir='ltr'>Nihil</span> 
     </span>
     <span class='ocr_line' id='line_1_31' title="bbox 364 2419 1746 2476; baseline -0.004 -15"><span class='ocrx_word' id='word_1_272' title='bbox 364 2436 429 2461; x_wconf 90' lang='lat' dir='ltr'>me</span> <span class='ocrx_word' id='word_1_273' title='bbox 449 2422 612 2474; x_wconf 89' lang='lat' dir='ltr'>adjuvit,</span> <span class='ocrx_word' id='word_1_274' title='bbox 644 2437 737 2462; x_wconf 86' lang='lat' dir='ltr'>curn</span> <span class='ocrx_word' id='word_1_275' title='bbox 757 2424 906 2476; x_wconf 81' lang='lat' dir='ltr'>poffet;</span> <span class='ocrx_word' id='word_1_276' title='bbox 938 2432 977 2461; x_wconf 90' lang='lat' dir='ltr'>et</span> <span class='ocrx_word' id='word_1_277' title='bbox 1009 2421 1136 2475; x_wconf 90' lang='lat' dir='ltr'>postea</span> <span class='ocrx_word' id='word_1_278' title='bbox 1165 2420 1244 2459; x_wconf 88' lang='lat' dir='ltr'>fuit</span> <span class='ocrx_word' id='word_1_279' title='bbox 1274 2421 1439 2465; x_wconf 90' lang='lat' dir='ltr'>amicus,</span> <span class='ocrx_word' id='word_1_280' title='bbox 1470 2421 1587 2458; x_wconf 89' lang='lat' dir='ltr'>etiam</span> <span class='ocrx_word' id='word_1_281' title='bbox 1609 2419 1746 2456; x_wconf 90' lang='lat' dir='ltr'>valde:</span> 
     </span>
    </p>
   </div>
   <div class='ocr_carea' id='block_1_6' title="bbox 367 2483 1749 2603">
    <p class='ocr_par' dir='ltr' id='par_1_7' title="bbox 367 2483 1749 2603">
     <span class='ocr_line' id='line_1_32' title="bbox 367 2483 1749 2542; baseline -0.004 -15"><span class='ocrx_word' id='word_1_282' title='bbox 367 2500 533 2541; x_wconf 89' lang='lat' dir='ltr'>ecquam</span> <span class='ocrx_word' id='word_1_283' title='bbox 553 2487 605 2525; x_wconf 92' lang='lat' dir='ltr'>ob</span> <span class='ocrx_word' id='word_1_284' title='bbox 625 2487 791 2534; x_wconf 87' lang='lat' dir='ltr'>causam,</span> <span class='ocrx_word' id='word_1_285' title='bbox 822 2489 936 2542; x_wconf 85' lang='lat' dir='ltr'>plane</span> <span class='ocrx_word' id='word_1_286' title='bbox 957 2488 1101 2527; x_wconf 90' lang='lat' dir='ltr'>nescio.</span> <span class='ocrx_word' id='word_1_287' title='bbox 1134 2488 1242 2539; x_wconf 87' lang='lat' dir='ltr'>Ergo</span> <span class='ocrx_word' id='word_1_288' title='bbox 1262 2499 1334 2538; x_wconf 90' lang='lat' dir='ltr'>ego</span> <span class='ocrx_word' id='word_1_289' title='bbox 1355 2499 1511 2537; x_wconf 90' lang='lat' dir='ltr'>quoque</span> <span class='ocrx_word' id='word_1_290' title='bbox 1531 2484 1605 2522; x_wconf 90' lang='lat' dir='ltr'>illi.</span> <span class='ocrx_word' id='word_1_291' title='bbox 1639 2483 1749 2533; x_wconf 85' lang='lat' dir='ltr'>Qin</span> 
     </span>
     <span class='ocr_line' id='line_1_33' title="bbox 452 2549 1451 2603; baseline -0.004 -12"><span class='ocrx_word' id='word_1_292' title='bbox 452 2554 527 2603; x_wconf 77' lang='lat' dir='ltr'>To</span> <span class='ocrx_word' id='word_1_293' title='bbox 543 2565 594 2591; x_wconf 87' lang='lat' dir='ltr'>M.</span> <span class='ocrx_word' id='word_1_294' title='bbox 627 2552 744 2592; x_wconf 87' lang='lat' dir='ltr'>VIII.</span> <span class='ocrx_word' id='word_1_295' title='bbox 1358 2551 1395 2588; x_wconf 91' lang='lat' dir='ltr'><strong>K</strong></span> <span class='ocrx_word' id='word_1_296' title='bbox 1425 2549 1451 2587; x_wconf 80' lang='lat' dir='ltr'>k</span> 
     </span>
    </p>
   </div>
  </div>
 </body>
</html>
