2243 3008
547 254 653 292 AD
712 253 1142 292 ATTICUM
1211 256 1494 294 L113.XV.
1643 269 1719 307 449

669 485 910 523 CICERO
951 486 1207 524 ATT1CO
1249 486 1379 524 SAL.

330 612 529 651 XXVIII.
555 611 673 684 EG
692 613 745 658 O,
777 621 821 651 ut
851 611 897 650 ad
928 621 965 650 te
994 612 1119 665 pridie
1146 613 1385 668 scripseram,
1418 615 1548 653 Nonis
1570 615 1714 654 consti-

650 687 800 716 tueram
820 678 950 716 venire
971 678 1010 715 in
1033 679 1321 719 Tusculanum.
1355 681 1417 719 Ibi
1438 681 1560 732 igitur
1580 682 1715 732 quoti-

328 743 391 781 die
423 753 506 782 tuas
542 743 671 781 literas
706 742 933 795 expedhibo,
965 751 1003 780 et
1037 743 1209 782 maxime
1243 745 1289 783 de
1323 745 1456 790 ludis,
1488 745 1535 783 de
1569 746 1714 798 quibus

327 810 445 846 etiam
470 808 516 846 ad
549 810 718 846 Brutum
745 807 819 845 tibi
849 807 1099 845 scribendum
1126 808 1206 848 est:
1239 811 1351 862 cujus
1381 810 1565 862 epistolae,
1597 824 1717 862 quam

328 874 573 926 interpretari
603 873 683 925 ipse
703 873 769 911 vix
798 882 989 925 poteram,
1021 874 1249 926 exemplum
1278 875 1405 928 pridie
1426 876 1499 913 tibi
1519 875 1713 915 miseram.

327 940 473 977 Atticae
503 952 598 977 meae
619 939 738 976 velim
768 951 831 975 me
860 939 914 975 ita
941 938 1114 984 excuses,
1147 948 1191 978 ut
1221 954 1381 979 ornnem
1413 941 1572 993 culpam
1603 942 1643 979 in
1677 950 1715 979 te

326 1003 548 1049 transferas,
581 1013 619 1042 et
639 1004 674 1041 ei
696 1013 825 1041 tamen
847 1003 1072 1050 confirmes,
1103 1017 1167 1043 me
1196 1006 1362 1045 minime
1392 1016 1522 1046 totum
1542 1020 1715 1045 amorem

326 1083 373 1109 eo
394 1083 553 1109 mecum
572 1068 754 1108 attuliffe.

668 1270 911 1309 CICERO
953 1271 1209 1310 ATT1co
1253 1273 1383 1312 SAL.

327 1399 483 1439 XXIX.
511 1398 765 1470 BRUTI
798 1399 846 1437 ad
877 1409 915 1438 te
948 1399 1151 1452 epistolam
1181 1399 1282 1438 mifi.
1329 1400 1400 1439 Dii
1430 1400 1540 1446 boni,
1571 1411 1716 1453 quanta

593 1461 771 1511 ἀμηχανία
790 1465 798 1502 !
822 1465 1047 1518 cognosces,
1070 1479 1163 1504 cum
1183 1465 1338 1518 legeris.
1371 1467 1434 1504 De
1454 1466 1716 1506 celebratione

326 1531 513 1569 ludorum
535 1529 662 1574 Bruti,
695 1530 770 1567 tibi
790 1530 984 1570 assentior.
1032 1531 1097 1568 Ad
1131 1532 1195 1569 M.
1219 1531 1373 1570 AElium
1394 1533 1528 1571 nullus
1551 1542 1593 1571 tu
1621 1533 1714 1585 qui-

327 1595 419 1634 dem
448 1595 629 1639 domurn,
660 1593 724 1631 sed
754 1595 876 1633 sicubi
908 1595 1106 1634 inciderit.
1153 1597 1216 1634 De
1247 1597 1438 1635 Tulliano
1469 1597 1616 1636 semiss‘e
1647 1598 1712 1637 Μ.

328 1661 530 1699 Axianum
551 1658 772 1705 adhibebis,
803 1669 848 1698 ut
868 1660 1019 1699 scribis.
1053 1661 1172 1712 Qod
1193 1674 1287 1699 cum
1308 1662 1472 1700 Cofiano
1492 1663 1617 1714 egisti,
1639 1676 1714 1716 op-

327 1727 440 1765 time.
526 1725 602 1763 uod
633 1738 712 1763 non
734 1724 860 1763 solum
882 1739 981 1771 mea,
1012 1739 1148 1764 verum
1168 1726 1285 1764 etiam
1308 1736 1387 1772 tua,
1418 1727 1593 1779 expedis,
1623 1741 1713 1780 gra-

327 1801 429 1830 tum.
470 1791 729 1843 Legationem
750 1791 906 1844 probari
926 1805 1054 1830 meam
1074 1791 1238 1844 gaudeo.
1272 1792 1391 1843 Qod
1412 1793 1626 1845 promittis,
1658 1793 1715 1832 dii

326 1855 455 1896 faxint
474 1871 484 1895 :
515 1855 612 1908 quid
633 1856 740 1894 enim
760 1856 862 1894 mihi
883 1857 979 1895 meis
995 1857 1212 1909 jucundius
1232 1858 1245 1895 ?
1277 1857 1339 1895 sed
1366 1857 1491 1903 istam,
1523 1872 1641 1911 quam
1670 1869 1714 1897 tu

325 1923 492 1975 excipis,
523 1931 672 1961 metuo.
719 1923 889 1960 Brutum
918 1936 1012 1961 cum
1038 1936 1271 1968 convenero,
1302 1923 1538 1976 perscribam
1564 1925 1711 1963 omnia.

326 1989 391 2027 De
422 1988 570 2026 Planco
601 1996 640 2025 et
672 1987 857 2033 Decimo,
890 1986 976 2025 sane
1005 1989 1140 2026 velim.
1187 1989 1349 2026 Sextum
1371 1988 1525 2027 scutum
1547 1990 1714 2042 abjicere

326 2053 525 2092 nolebam.
572 2053 635 2092 De
655 2053 830 2098 Mundo,
861 2053 888 2091 fi
909 2053 1006 2105 quid
1026 2053 1136 2092 scies.
1186 2053 1378 2106 Rescripsi
1399 2053 1447 2091 ad
1466 2055 1599 2093 omnia
1619 2064 1683 2093 tua
1701 2069 1711 2093 ε

327 2131 434 2156 nunc
455 2117 583 2156 nostra
600 2119 748 2171 accipe.
795 2119 972 2170 Qintus
994 2119 1100 2157 filius
1123 2119 1243 2171 usque
1264 2119 1448 2158 Puteolos
1468 2135 1476 2158 :
1509 2121 1632 2159 mirus
1653 2121 1713 2158 ci-

325 2184 400 2229 vis,
433 2192 477 2222 ut
511 2192 554 2221 tu
589 2184 824 2229 Favonium,
865 2184 1063 2230 Afinium,
1094 2185 1226 2222 dicas:
1267 2193 1306 2221 et
1339 2185 1501 2236 quidem
1534 2185 1628 2224 duas
1662 2187 1714 2224 ob

323 2250 471 2296 causas,
501 2259 540 2288 et
571 2259 615 2288 ut
646 2263 803 2288 mecum
819 2269 832 2295 3
863 2259 903 2288 et
930 2245 1132 2286 σπάσαοθωι
1150 2250 1236 2289 vult
1256 2263 1348 2288 cum
1370 2251 1493 2289 Bruto
1513 2261 1550 2289 et
1572 2252 1712 2293 Caffio.

328 2315 402 2353 Sed
423 2324 466 2353 tu
486 2315 583 2368 quid
603 2315 658 2354 ais
677 2316 690 2353 ?
722 2315 801 2353 scio
830 2316 938 2354 enim
968 2325 1006 2354 te
1034 2315 1269 2353 familiarem
1295 2314 1368 2353 effe
1389 2315 1600 2354 Othonum
1619 2332 1628 2356 2
1661 2318 1715 2357 ait

325 2380 395 2419 hic
416 2380 488 2418 fibi
507 2380 655 2431 Juliam
675 2381 776 2420 ferre
794 2397 803 2420 :
836 2381 1095 2420 constitutum
1115 2381 1222 2419 enim
1243 2381 1314 2419 effe
1335 2381 1558 2421 discidium.
1592 2384 1714 2435 Qae-

328 2445 416 2485 fivit
436 2458 484 2483 ex
503 2458 568 2484 me
588 2455 710 2498 pater,
741 2447 869 2499 qualis
900 2447 991 2486 esset
1022 2445 1139 2485 fama.
1186 2441 1300 2492 Dixi,
1332 2446 1435 2485 nihil
1456 2448 1542 2486 sane
1562 2462 1625 2486 me
1645 2463 1715 2486 au-

328 2510 423 2551 diffe
446 2510 684 2563 (nesciebam
703 2513 812 2552 enim
831 2527 902 2553 cur
921 2513 1127 2568 quaereret)
1151 2513 1221 2554 nisi
1242 2513 1289 2552 de
1309 2527 1389 2558 ore,
1420 2523 1459 2552 et
1477 2523 1600 2567 patre.
1643 2514 1717 2553 Sed

413 2577 553 2618 ΤοΜ.
586 2577 704 2619 VIII.
1294 2579 1329 2619 L
1360 2578 1374 2617 l
1402 2578 1416 2617 l
