2243 3008
515 260 623 298 AD
681 257 1111 296 ATTICUM
1178 258 1319 297 LIB.
1373 261 1443 299 IX.
1598 274 1673 313 249

288 351 527 397 Co'nsularis.
574 356 681 395 Illud
710 366 932 394 extremum
961 356 1029 401 est,
1060 365 1120 408 ope
1148 357 1297 395 omnium
1323 373 1457 397 rerum.
1506 361 1565 405 Id,
1596 375 1670 413 ego

286 423 467 476 suspicari
487 423 591 475 coepi
613 431 699 460 turn
719 435 766 460 ex
789 423 865 460 tuis
888 422 1026 466 literis,
1057 432 1123 460 aut
1143 422 1220 460 hoc
1240 423 1369 474 ipsum
1391 424 1476 469 effe,
1503 435 1568 463 aut
1590 440 1668 464 non

284 488 414 526 multo
434 487 567 526 secus:
600 500 690 524 nam
712 487 914 539 permagni
935 488 1017 538 ejus
1038 487 1208 531 interest,
1232 501 1313 524 rem
1334 488 1379 525 ad
1402 489 1669 541 interregnum

284 566 363 591 non
384 553 529 591 venire.
573 552 620 590 Id
640 552 863 605 assequitur,
895 553 920 590 fi
941 565 1009 604 per
1030 552 1241 590 Praetorem
1263 553 1452 591 Consules
1475 565 1666 593 creantur.

283 617 372 656 Nos
393 626 525 655 autem
552 617 593 655 in
624 617 736 655 libris
766 616 955 655 habemus
985 630 1065 654 non
1095 617 1215 655 modo
1237 617 1426 655 Consules
1448 632 1468 655 a
1490 619 1668 663 Praetore,

282 682 347 720 sed
368 696 416 720 ne
438 683 624 720 Praetores
646 682 807 734 quidem
828 683 946 720 creari
961 683 1028 733 jus
1049 681 1134 726 effe,
1166 682 1285 733 idque
1305 681 1453 721 faetum
1474 683 1545 721 effe
1566 698 1670 721 nun-

283 761 418 800 quam.
452 747 658 792 Consules,
689 761 734 786 eo
757 761 833 785 non
855 747 927 785 effe
942 747 1023 799 juS,
1045 747 1151 798 quod
1173 748 1297 800 majus
1319 748 1532 800 imperium
1553 762 1573 786 a
1593 750 1670 788 mi-

283 827 378 851 nore
398 814 525 865 rogari
546 827 625 851 non
646 813 772 865 fitjus
791 828 800 851 ε
834 813 1020 850 Praetores
1041 822 1188 858 autem,
1219 827 1311 851 cum
1341 814 1394 851 ita
1415 824 1601 866 rogentur
1628 825 1671 853 ut

285 879 447 930 collegae
469 878 690 916 Consulum
711 879 799 923 sint,
831 891 1000 930 quorum
1021 877 1075 915 est
1101 879 1226 930 majus
1257 879 1484 932 imperium.
1532 880 1673 918 Aberit

285 955 365 980 non
387 943 518 994 longe,
550 943 647 995 quin
677 941 754 980 hoc
783 956 804 980 a
831 955 895 979 me
921 942 1078 980 decerni
1097 942 1208 987 velit,
1239 956 1366 995 neque
1386 943 1432 981 fit
1461 952 1671 982 contentus

287 1007 430 1052 Galba,
463 1008 645 1052 Scaevola,
678 1007 819 1052 Caffio,
851 1007 1043 1045 Antonio.
1094 1005 1172 1041 Τότε
1202 1021 1257 1055 μοι
1294 1005 1389 1051 χάνοι
1424 1005 1521 1057 εὐρεῖα.
1559 1006 1670 1052 χθών.

286 1072 360 1110 Sed
393 1082 538 1124 quanta
567 1073 770 1125 tempestas
801 1072 1040 1125 impendeat,
1071 1072 1192 1110 vides.
1239 1072 1322 1123 Qi
1355 1073 1573 1111 transierint
1603 1074 1671 1111 Se-

285 1147 452 1183 natores,
484 1138 650 1175 scribam
670 1138 717 1175 ad
739 1147 790 1183 te,
821 1151 916 1175 cum
941 1146 1094 1175 certum
1119 1136 1287 1175 habebO.
1335 1138 1397 1175 De
1426 1152 1465 1175 re
1491 1137 1672 1176 frumen-

284 1204 380 1240 taria
400 1205 500 1241 reete
520 1203 711 1255 intelligis
729 1222 741 1248 3
773 1217 859 1255 quae
880 1202 992 1240 nullo
1012 1202 1131 1240 modo
1158 1202 1416 1241 administrari
1447 1204 1524 1241 fine
1551 1206 1673 1242 veeti-

277 1269 439 1321 .galibus
461 1268 613 1321 potest:
646 1282 717 1306 nec
738 1268 815 1306 fine
836 1268 946 1306 causa
971 1277 1010 1306 et
1030 1281 1110 1312 eOS,
1141 1268 1210 1320 qui
1239 1269 1391 1306 circum
1422 1269 1537 1307 illum
1567 1270 1671 1315 sunt,

285 1335 420 1372 omnia
453 1333 706 1386 postulantes,
748 1343 787 1372 et
822 1333 973 1372 bellum
1007 1333 1217 1378 nefarium,
1261 1334 1391 1372 times.
1437 1335 1673 1373 Trebatium

285 1400 477 1445 nostrum,
508 1400 590 1445 etsi,
623 1409 666 1438 ut
687 1400 838 1445 scribis,
870 1399 973 1437 nihil
999 1399 1098 1437 bene
1118 1399 1256 1451 sperat,
1288 1408 1417 1437 tamen
1438 1399 1567 1438 videre
1588 1400 1675 1439 sane

286 1465 433 1503 velim:
466 1479 585 1518 quem
617 1464 678 1504 fac
708 1464 891 1510 horteris,
923 1474 968 1502 ut
998 1473 1206 1518 properet:
1239 1473 1461 1518 opportune
1489 1467 1596 1504 enim
1626 1466 1674 1504 ad

287 1545 351 1568 me
376 1539 465 1568 ante
496 1530 708 1568 adventum
736 1530 894 1568 Caesaris
927 1531 1090 1568 venerit.
1138 1522 1437 1568 De⁴Lanuvino
1469 1530 1598 1569 statim
1631 1542 1675 1570 ut

288 1595 420 1634 audivi
441 1594 653 1633 Phameam
674 1605 893 1640 mortuum,
925 1595 1071 1648 optavi,
1103 1596 1130 1633 fi
1157 1595 1276 1634 modo
1301 1596 1392 1634 esset
1417 1596 1551 1635 futura
1575 1598 1674 1635 Res-

288 1661 462 1714 publica,
494 1670 538 1698 ut
569 1661 610 1698 id
640 1661 783 1713 aliquis
814 1671 959 1698 emeret
990 1674 1198 1705 meorum;
1231 1675 1358 1713 neque
1390 1671 1519 1700 tamen
1546 1663 1593 1700 de
1620 1672 1672 1707 te,

288 1727 359 1780 qui
379 1727 551 1764 maxime
572 1740 697 1771 meus,
729 1727 897 1778 cogitavi
916 1741 925 1765 :
958 1725 1126 1764 sciebam
1155 1727 1262 1765 enim
1287 1737 1323 1764 te
1344 1737 1467 1779 quoto
1487 1741 1604 1773 anno,
1635 1739 1675 1766 et

287 1802 481 1846 quantum
513 1792 554 1829 in
587 1792 682 1837 solo,
714 1792 833 1830 solere
867 1805 1064 1844 quaerere;
1103 1805 1230 1844 neque
1261 1792 1388 1830 solum
1421 1793 1573 1838 Romae,
1609 1795 1674 1832 sed

288 1857 407 1895 etiam
429 1856 537 1901 Deli,
570 1866 685 1894 tuum
706 1856 904 1908 digamma
923 1856 1108 1894 videram.
1150 1857 1434 1895 Verumtamen
1463 1871 1536 1909 ego
1556 1858 1672 1904 illud,

288 1935 511 1974 quanquam
551 1921 604 1959 est
644 1921 809 1967 bellum,
855 1922 1020 1959 minoris
1055 1921 1216 1966 aestirno,
1261 1935 1381 1974 quam
1414 1922 1675 1962 aestimabatur

289 1987 527 2026 Marcellino
549 1987 734 2032 Consule,
767 2001 859 2025 cum
886 2000 959 2038 ego
985 1986 1075 2024 istos
1106 1986 1286 2025 hortulos
1313 1996 1473 2039 propter
1493 1987 1673 2035 domurn,

290 2053 404 2091 Antii
424 2066 543 2106 quam
563 2062 650 2090 tum
671 2051 878 2097 habebam,
904 2051 1160 2104 jucundiores
1181 2051 1283 2090 mihi
1303 2051 1386 2090 fore
1406 2053 1608 2105 putabam,
1637 2063 1676 2092 et

290 2118 442 2156 minore
462 2118 648 2170 impensa,
680 2131 799 2171 quam
821 2119 846 2156 fi
868 2117 1140 2156 Tusculanum
1163 2117 1390 2155 refecissem.
1431 2118 1554 2155 Volui
1581 2119 1673 2155 H-S

290 2183 545 2235 quingentis:
589 2183 651 2235 egi
684 2197 751 2235 per
782 2183 967 2235 praedem,
999 2183 1058 2220 illi
1091 2183 1212 2227 daret,
1245 2183 1357 2219 Antii
1391 2195 1482 2219 cum
1514 2178 1674 2221 haberet

290 2249 445 2286 venale:
479 2249 631 2287 noluit:
665 2249 727 2286 sed
749 2263 853 2287 nunc
875 2248 1008 2286 omnia
1028 2247 1094 2286 ista
1110 2250 1236 2300 jacere
1257 2255 1354 2299 puto
1374 2256 1533 2299 propter
1553 2261 1673 2286 num-

293 2327 449 2350 morum
480 2315 696 2352 caritatem.
743 2314 852 2353 Mihi
882 2314 1042 2367 quidem
1075 2315 1149 2351 erit
1180 2312 1435 2364 aptiffimum,
1466 2313 1527 2350 vel
1558 2314 1673 2352 nobis

293 2378 439 2430 potius,
475 2378 501 2415 fi
536 2388 579 2416 tu
612 2381 766 2418 emeris.
819 2379 891 2418 Sed
924 2381 1007 2431 ejus
1042 2379 1255 2416 dementias
1291 2391 1381 2415 cave
1415 2387 1670 2416 contemnas:

294 2442 402 2480 valde
429 2441 482 2479 est
511 2442 742 2482 venustum:
775 2457 999 2497 quanquam
1030 2443 1130 2482 mihi
1161 2443 1228 2481 ista
1257 2443 1391 2481 omnia
1414 2445 1496 2495 jam
1526 2443 1675 2481 addicta

376 2509 443 2546 To
457 2519 508 2546 Μ.
541 2507 657 2546 VIII.
1317 2509 1333 2545 Ι
1364 2508 1376 2545 i
