2243 3008
558 325 666 364 AD
723 323 1157 363 ATTICUM
1226 326 1534 368 L1ss.xvi.
1668 330 1746 383 467

690 560 932 599 emmo
974 561 1231 599 ATTrco
1285 561 1403 599 SAL.

351 688 470 727 XIII.
496 687 568 759 O
601 688 827 727 CASUM
859 688 1101 727 mirificum!
1137 702 1180 726 VI
1206 688 1298 726 Idus
1319 702 1412 727 cum
1434 698 1522 728 ante
1543 689 1671 728 lucem
1694 690 1739 729 de

611 754 834 792 Sinuessano
874 754 1131 799 surrexissem,
1173 755 1437 808 veniffemque
1476 756 1655 793 diluculo
1693 757 1739 793 ad

348 830 513 873 pontem
534 820 745 865 Tirenum,
777 819 846 872 qui
867 819 920 857 est
941 820 1179 864 Minturnis,
1212 819 1251 857 in
1274 833 1355 872 quo
1376 820 1498 859 flexus
1520 821 1573 859 est
1593 821 1639 858 ad
1666 822 1740 860 iter

349 887 536 938 Arpinas,
567 886 724 923 obviarn
747 884 848 923 mihi
878 884 923 923 fit
945 886 1185 930 tabellarius,
1217 885 1287 938 qui
1319 900 1384 924 me
1413 886 1581 924 offendit
1611 880 1742 931 δολιχὶν

348 948 449 986 πλόον
470 946 669 1005 ὁρμαίνοντα.
703 952 791 1003 Ego
811 950 955 996 statim,
989 951 1113 997 Cedo,
1139 951 1318 1004 inquam,
1350 952 1376 990 fi
1398 952 1495 1004 quid
1515 952 1563 990 ab
1583 952 1736 990 Attico.

349 1017 545 1055 Nondum
565 1017 693 1070 legere
713 1027 937 1070 poteramus
956 1032 965 1056 ι
999 1031 1088 1056 nam
1109 1026 1148 1055 et
1168 1017 1320 1055 lumina
1339 1017 1635 1062 dimiseramus;
1668 1031 1740 1057 nec

350 1082 438 1120 satis
460 1083 630 1120 lucebat.
665 1083 771 1120 Cum
792 1091 923 1120 autem
944 1082 1107 1128 luceret,
1125 1092 1213 1121 ante
1234 1083 1375 1136 scripta
1394 1083 1555 1136 epistola
1574 1097 1621 1122 ex
1642 1083 1739 1121 dua-

350 1148 423 1186 bus
455 1150 532 1186 tuis
553 1149 661 1201 prior
682 1148 783 1186 mihi
805 1149 883 1200 legi
904 1158 1033 1202 coepta
1052 1148 1118 1188 est.
1166 1149 1240 1187 Illa
1259 1149 1440 1187 omnium
1468 1149 1631 1202 quidem
1657 1149 1738 1187 ele-

349 1214 582 1266 gantiffima.
622 1215 686 1252 Ne
708 1214 777 1252 sim
800 1214 939 1260 salvus,
962 1215 988 1253 fi
1009 1215 1121 1253 aliter
1142 1214 1283 1260 scribo,
1301 1228 1343 1253 ac
1365 1215 1513 1254 sentio:
1537 1213 1640 1253 nihil
1661 1215 1740 1267 legi

349 1279 578 1318 humanius.
621 1280 758 1332 Itaque
779 1279 947 1325 veniam,
978 1293 1059 1333 quo
1079 1294 1208 1326 vocaS‚
1238 1281 1358 1319 modo
1378 1281 1553 1334 adjutore
1574 1290 1626 1320 te.
1667 1280 1742 1319 Sed

350 1343 453 1383 nihil
490 1355 568 1383 tam
601 1337 844 1396 ἀπροσδιόνυσον
877 1345 979 1383 mihi
1014 1347 1145 1398 primo
1177 1345 1396 1392 videbatur,
1439 1360 1559 1400 quam
1590 1346 1637 1384 ad
1670 1345 1740 1384 has

349 1409 496 1455 literas,
528 1409 674 1462 quibus
694 1419 768 1458 ego
788 1421 808 1444 a
830 1417 867 1448 te
898 1411 1107 1449 confilium
1140 1411 1342 1464 petieram,
1374 1421 1412 1450 te
1443 1411 1545 1450 mihi
1577 1411 1646 1449 ista
1676 1425 1740 1449 re—

349 1475 530 1515 scribere.
574 1477 679 1514 Ecce
708 1473 784 1511 tibi
815 1475 948 1521 altera,
980 1490 1058 1529 qua
1081 1476 1248 1515 hortaris
1268 1473 1349 1526 παρ’
1373 1474 1537 1525 ἠνεμόεντα
1565 1475 1741 1525 Μίμαντα,

350 1538 442 1582 mio-8
469 1538 522 1576 ἐπὶ
551 1538 669 1590 Ψυρίης,
698 1538 873 1592 Appiam
902 1537 955 1575 ἐπ’
980 1537 1099 1591 cipi-569⁵
1126 1537 1256 1584 ἔχοντα.
1301 1541 1439 1592 Itaque
1464 1554 1510 1578 eo
1536 1540 1599 1578 die
1620 1541 1741 1580 mansl

350 1604 520 1657 Aquini.
548 1605 781 1656 Longulum
803 1605 888 1642 sane
907 1604 996 1648 iter,
1014 1613 1052 1641 et
1073 1604 1134 1641 via
1153 1605 1299 1657 inepta.
1332 1605 1429 1642 Inde
1449 1605 1633 1657 postridie
1654 1619 1739 1644 ma-

351 1685 399 1709 ne
431 1669 681 1723 proficiscens
703 1670 771 1709 has
804 1671 933 1709 literas
966 1670 1070 1708 dedi.
1117 1671 1171 1709 Et
1191 1671 1368 1724 quidem,
1400 1680 1444 1709 ut
1463 1685 1484 1708 a
1504 1685 1567 1709 me
1598 1671 1740 1711 dimit-

351 1746 474 1775 terem
496 1736 762 1782 invitiffimus,
785 1735 964 1774 fecerunt
986 1736 1119 1774 ErotiS
1140 1735 1276 1775 literae.
1309 1737 1412 1775 Rem
1433 1737 1508 1775 tibi
1528 1738 1628 1775 Tiro
1649 1751 1739 1776 nar-

350 1803 476 1841 rabit:
511 1811 554 1840 tu
574 1803 671 1855 quid
691 1802 918 1841 faciendum
938 1802 984 1841 sit
1003 1802 1170 1840 videbis.
1203 1803 1404 1848 Praeterea,
1435 1803 1625 1856 poffimne
1644 1818 1739 1857 pro-

350 1869 438 1922 pius
468 1868 664 1914 accedere,
699 1869 822 1922 (malo
851 1869 958 1907 enim
985 1867 1057 1906 effe
1088 1869 1129 1906 in
1151 1868 1394 1914 Tusculano,
1426 1878 1492 1907 aut
1518 1869 1670 1922 uspiam
1696 1870 1739 1908 in

349 1934 590 1985 suburbano)
625 1948 673 1972 an
704 1935 823 1973 etiam
856 1934 1014 1987 longius
1049 1933 1328 1973 discedendum
1358 1943 1486 1987 putas,
1526 1936 1664 1974 crebro
1692 1936 1740 1973 ad

349 2014 413 2039 me
433 2000 554 2038 velim
576 2000 733 2039 scribas.
781 2001 870 2039 Erit
890 2009 1022 2039 autem
1049 2001 1242 2053 quotidie,
1273 2001 1339 2039 cui
1359 2001 1441 2039 des.
1487 2001 1608 2052 Qod
1638 2015 1739 2054 prae-

347 2076 450 2105 terea
468 2065 657 2111 consulis,
688 2066 786 2118 quid
807 2066 882 2104 tibi
902 2065 1078 2104 censeam
1100 2065 1342 2112 faciendum,
1372 2065 1536 2104 difficile
1556 2067 1623 2111 est,
1645 2079 1740 2106 cum

347 2131 484 2170 abfim.
516 2131 801 2177 Veruntamen,
824 2132 850 2170 fi
872 2145 980 2184 pares
1001 2145 1109 2184 aeque
1129 2132 1232 2170 inter
1253 2132 1303 2177 se,
1326 2131 1633 2184 quiescendum:
1658 2132 1737 2178 fin;

347 2196 466 2234 latius
487 2196 678 2242 manabit,
709 2206 748 2234 et
769 2197 932 2249 quidem
951 2198 999 2235 ad
1020 2211 1106 2244 nos,
1138 2197 1278 2235 deinde
1299 2197 1580 2235 communiter.
1613 2197 1742 2237 Avide

350 2272 466 2301 tuum
486 2262 695 2301 consilium
714 2265 893 2316 expecto.
927 2263 1088 2309 Timeo,
1121 2276 1169 2301 ne
1189 2262 1325 2308 abfim,
1356 2275 1449 2300 cum
1469 2262 1590 2300 adeffe
1611 2275 1675 2301 me
1694 2263 1741 2302 fit

348 2327 576 2366 honestius:
609 2328 741 2366 venire
775 2343 854 2367 non
886 2328 1024 2367 audeo.
1072 2330 1134 2367 De
1167 2328 1339 2366 Antonii
1369 2327 1578 2366 itineribus
1611 2329 1742 2368 nescio

348 2393 447 2447 quid
467 2393 579 2431 aliter
597 2394 729 2440 audio,
761 2404 877 2448 atque
897 2394 944 2433 ad
965 2403 1002 2432 te
1027 2393 1259 2432 scribebam.
1299 2395 1448 2432 Omnia
1477 2394 1599 2446 igitur
1619 2395 1740 2433 velim

350 2458 540 2511 explices,
570 2467 610 2495 et
638 2459 684 2496 ad
706 2472 770 2497 me
789 2469 894 2498 certa
915 2459 1065 2497 mittas.
1097 2459 1161 2497 De
1181 2458 1334 2512 reliquo
1354 2459 1450 2512 quid
1481 2458 1554 2497 tibi
1575 2472 1648 2511 ego
1676 2459 1740 2497 di-

351 2524 475 2562 cam?
506 2522 620 2562 ardeo
654 2523 782 2562 studio
816 2524 1000 2570 historiae,
1043 2525 1349 2577 (incredibiliter
1387 2525 1494 2562 enim
1529 2538 1593 2563 me
1627 2538 1740 2562 com-

352 2598 485 2629 movet
520 2599 587 2630 tua
619 2589 861 2642 cohor-tatio)
897 2604 985 2644 quae
1014 2590 1175 2644 quidem
1209 2604 1281 2629 nec
1313 2589 1480 2634 institui,
1520 2603 1592 2628 nec
1622 2591 1740 2638 effici,

1233 2656 1277 2696 N
1307 2670 1332 2694 n
1361 2670 1388 2695 n
1420 2669 1441 2695 2
