2243 3008
536 279 614 331 246
883 277 1573 320 EPISTOLARUM

746 515 960 554 Cer-:SAR
1007 513 1222 559 opino,
1267 515 1620 562 Contu-2110,
1662 516 1701 555 S.

612 643 656 683 A
670 643 759 683 UD
772 644 808 682 E
822 643 857 681 Ο
885 641 1078 680 mehercule
1095 653 1159 678 vos
1163 640 1374 693 ſsgngficare
1392 641 1521 687 liberis,
1546 655 1652 695 quam
1671 640 1777 682 valde
1787 641 1917 696 probe-

629 709 678 748 tis
697 723 751 754 ea,
785 721 865 760 quae
882 705 983 759 apud
999 705 1298 758 Corfiniumfimt
1312 706 1423 759 gesta.
1464 707 1612 758 Confilio
1630 707 1745 761 vestro
1765 717 1854 747 utar
1871 707 1918 747 li-

531 775 670 820 benter,
703 782 739 812 et
772 773 836 811 hoc
864 771 1044 817 libentius,
1074 770 1169 825 quod
1191 786 1267 810 mea
1279 773 1413 826 sponte
1423 773 1558 824 facere
1588 773 1848 825 constitueram,
1878 781 1922 811 ut

531 855 637 894 quam
671 837 869 890 lengffimum
902 851 955 876 me
979 837 1194 891 praeberem,
1235 846 1272 876 et
1305 839 1512 891 Pompeium
1544 838 1666 878 darem
1700 847 1843 891 operam
1877 846 1920 877 ut

530 905 805 946 reconciliarem.
855 900 1044 943 Tentemus
1074 903 1138 942 hoc
1167 903 1276 949 modo,
1291 904 1334 955 fi
1353 903 1530 957 poffitmus
1547 904 1698 943 omniurn
1716 904 1922 943 voluntates

530 980 759 1025 recuperare,
790 978 826 1009 et
853 969 1030 1009 diuturna
1060 969 1217 1008 vicloria
1246 970 1306 1009 uti
1317 987 1330 1015 ς
1362 970 1526 1023 quoniam
1554 970 1686 1024 reliqui
1707 970 1923 1010 crudelitate

532 1037 648 1076 odium
666 1036 822 1089 effisgere
840 1049 908 1074 non
921 1043 1138 1088 potuerunt,
1168 1048 1276 1088 neque
1295 1035 1486 1074 vidoriam
1504 1034 1638 1074 diutim
1657 1044 1789 1081 tenere,
1812 1045 1921 1089 prae·

530 1111 591 1141 ter
610 1115 719 1140 unum
737 1101 792 1140 L.
812 1100 958 1153 Syllam,
988 1114 1088 1154 quem
1106 1100 1317 1139 imitaturus
1335 1115 1402 1139 non
1407 1103 1507 1154 ficm-
1549 1102 1645 1140 Haec
1674 1115 1771 1140 nova
1776 1101 1835 1152 stt
1853 1114 1919 1139 ra-

529 1167 582 1207 tio
615 1165 795 1211 vincendi,
838 1174 882 1205 ut
917 1164 1156 1218 misericordia
1191 1174 1228 1205 et
1264 1166 1485 1205 liberalitate
1517 1180 1579 1205 nos
1615 1166 1826 1205 muniamus.
1876 1165 1926 1205 Id

528 1231 813 1287 quemadmodum
830 1231 929 1282 fieri
946 1231 1066 1284 pqffit‚
1106 1245 1176 1270 non
1205 1232 1305 1270 nulla
1341 1232 1396 1270 mi
1423 1231 1461 1270 in
1493 1240 1642 1270 mentem
1676 1232 1842 1275 veniunt.
1883 1240 1920 1270 et

529 1300 646 1338 multa
664 1297 822 1352 reperiri
829 1295 987 1350 pofficnt.
1032 1298 1098 1337 De
1116 1297 1171 1336 his
1189 1297 1294 1336 rebus
1312 1311 1398 1350 rogo
1415 1311 1480 1336 vos
1498 1306 1541 1336 ut
1566 1296 1814 1349 cogitationem
1831 1297 1919 1350 sics-

529 1365 685 1418 cr'piatis.
736 1365 806 1402 Cn.
842 1362 1029 1415 Magium,
1059 1363 1223 1416 Pompeii
1243 1363 1474 1417 praefic'ium
1514 1363 1753 1416 deprehendi:
1778 1363 1922 1416 scilicet

528 1443 601 1469 meo
620 1429 780 1483 instituto
798 1429 879 1480 usus
884 1429 986 1480 stim,
1016 1437 1053 1467 et
1083 1442 1161 1467 eum
1165 1429 1299 1481 statim
1322 1428 1555 1482 mgffitmfici.
1599 1429 1695 1482 Jam
1725 1428 1792 1467 duo
1815 1438 1918 1482 prae-

513 1495 779 1548 flciifabrdm
799 1493 962 1546 Pompeii
977 1494 1014 1532 in
1044 1507 1155 1532 meam
1176 1493 1386 1546 potestatem
1413 1502 1607 1539 venerunt,
1637 1503 1673 1532 et
1702 1508 1726 1531 a
1755 1507 1810 1532 me
1837 1494 1927 1546 miffi’

515 1562 626 1613 fient.
676 1560 721 1599 Si
745 1559 866 1598 volent
891 1559 1002 1611 grati
1024 1558 1098 1611 effe,
1129 1558 1301 1598 debebunt
1331 1558 1538 1611 Pompeium
1556 1558 1715 1604 hortari,
1745 1567 1793 1597 ut*
1817 1559 1922 1598 malit

528 1626 619 1664 mihi
633 1625 694 1678 (sse
713 1624 860 1669 amicus,
890 1638 996 1677 quam
1015 1625 1083 1669 his,
1113 1624 1180 1677 qui
1193 1633 1229 1662 et
1247 1624 1302 1663 illi
1317 1633 1352 1663 et
1372 1624 1462 1662 mihi
1462 1626 1607 1678 semper
1612 1625 1778 1678 fiterunt
1797 1625 1919 1664 inimi·

528 1690 649 1742 cffmi
660 1705 674 1728 :
705 1703 853 1743 quorum
871 1689 1037 1741 artificiis
1055 1689 1218 1742 effec‘Jum
1237 1689 1296 1742 est,
1327 1697 1370 1728 ut
1389 1688 1603 1743 Respublica
1621 1690 1658 1729 in
1675 1689 1921 1742 hum-statum

523 1765 751 1809 perveniret.

864 1956 1108 1994 C1c1zno
1148 1957 1403 1994 Αττιοο
1445 1956 1575 1993 sm..

529 2085 648 2125 VIII.
674 2081 1175 2157 COENANTIBUS
1210 2096 1242 2122 11
1269 2082 1361 2121 Idus
1383 2083 1512 2128 nobis,
1535 2096 1577 2122 ac
1600 2085 1715 2122 noCtu
1738 2084 1922 2136 quidem,-

775 2150 918 2189 Statius
953 2163 974 2187 a
1005 2158 1043 2188 te
1073 2149 1276 2203 epistolam
1310 2149 1466 2187 brevem
1499 2150 1647 2188 attulit.
1695 2150 1757 2188 De
1789 2151 1918 2189 Lucio

528 2219 734 2270 Torquato
765 2215 872 2271 quod
905 2215 1024 2254 modo
1054 2215 1209 2268 quaeriS,
1242 2228 1320 2254 non
1352 2215 1473 2253 modo
1506 2215 1669 2259 Lucius,
1702 2215 1763 2253 sed
1796 2217 1914 2254 etiam

530 2284 674 2328 Aulus,
707 2281 904 2335 profestus
935 2281 1016 2326 est;
1049 2281 1145 2320 alter
1169 2281 1318 2320 multos
1339 2281 1435 2319 dies.
1484 2281 1544 2319 De
1568 2281 1824 2319 Reatinorum
1845 2295 1915 2320 eo-

530 2361 622 2387 rona
642 2347 747 2400 quod
770 2347 920 2392 scribis,
943 2346 1103 2385 moleste
1123 2345 1220 2385 fero.
1255 2347 1300 2385 In
1321 2359 1413 2399 agro
1434 2346 1577 2384 Sabino
1599 2347 1810 2385 sementem
1832 2347 1923 2386 fieri·

529 2413 840 2467 proscriptionis,
863 2413 1052 2451 senatores
1074 2412 1222 2451 multos
1242 2412 1315 2450 esse
1337 2413 1489 2457 Romae,
1512 2426 1581 2450 nos
1603 2425 1762 2465 quoque
1781 2412 1915 2451 audie-

530 2493 674 2519 ramus.
721 2479 877 2533 Ecquid
905 2488 1015 2532 potes
1042 2478 1171 2517 dicere
1190 2492 1261 2517 cnr
1279 2479 1445 2517 exierint
1466 2479 1478 2515 ?
1513 2479 1556 2516 ln
1579 2478 1640 2517 his
1661 2478 1758 2516 locis
1779 2478 1921 2531 opinio

528 2546 596 2591 est,
626 2546 850 2598 conjectura
869 2546 1008 2597 magis,
1030 2557 1149 2597 quam
1171 2545 1326 2590 nuntio,
1353 2554 1419 2583 aut
1440 2543 1579 2590 literis,
1602 2543 1790 2583 Caesarem
1813 2544 1912 2582 For·
