2243 3008
542 160 618 213 362
887 154 1576 197 EPISTOLARUM

542 256 766 308 diligenter.
811 253 874 293 De
906 253 1047 307 Crispo
1075 261 1115 292 et
1143 251 1346 297 Mustella,
1376 251 1527 291 scilicet
1546 265 1639 291 cum
1659 252 1756 305 quid
1785 229 1924 306 egeris.

544 321 746 372 Qoniam
766 319 813 358 ad
834 319 948 358 Bruti
966 319 1178 357 adventum
1197 317 1282 356 fore
1302 326 1340 356 te
1360 317 1568 356 nobiscum
1593 318 1807 372 polliceriS,
1838 319 1927 357 satis

544 385 612 429 est,
643 385 855 438 praesertim
874 397 967 422 cum
987 383 1031 423 hi
1051 383 1127 423 tibi
1145 383 1229 422 dies
1247 383 1290 421 in
1310 395 1456 435 magno
1481 383 1613 423 nostro
1640 384 1801 437 negotio
1829 396 1928 422 con-

546 451 761 490 sumantur.

887 651 1129 689 C1ceno
1169 650 1427 688 Αττιοο
1462 648 1593 687 SAL.

551 780 625 818 Vl.
651 779 780 851 DE
816 777 1047 830 aquaedutstu
1081 777 1203 830 probe
1236 775 1377 816 fecisti.
1427 777 1732 816 Columnarium
1766 779 1854 817 vide
1888 790 1936 817 ne

760 844 917 882 nullum
937 843 1176 881 debeamus:
1207 855 1432 896 quanquam
1462 843 1564 882 mihi
1594 843 1728 882 videor
1755 845 1898 883 audiffe
1917 859 1938 883 a

553 910 740 954 Camillo,
772 917 1056 946 commutatam
1077 908 1149 946 effe
1169 907 1313 960 legem.
1360 907 1493 946 Pisoni
1522 908 1621 961 quid
1646 909 1700 946 est
1725 909 1833 961 quod
1861 908 1939 948 ho-

552 975 695 1013 nestius
718 973 944 1026 respondere
973 972 1176 1025 poffimus‚
1206 985 1325 1025 quam
1356 972 1610 1012 solitudinem
1641 974 1836 1013 Catonis?
1868 987 1940 1013 nec

552 1040 811 1079 coheredibus
833 1039 959 1077 solum
981 1039 1262 1084 Herennianis,
1294 1038 1357 1077 sed
1377 1039 1510 1086 etiam,
1543 1050 1587 1078 ut
1618 1039 1705 1086 scis,
1740 1042 1802 1093 (tu
1831 1041 1941 1079 enim

554 1119 712 1144 mecum
733 1104 862 1157 egisti)
886 1104 933 1142 de
952 1117 1075 1156 puero
1096 1103 1269 1142 Lucullo
1287 1118 1297 1142 ε
1329 1118 1449 1157 quam
1469 1105 1678 1158 pecuniam
1701 1115 1809 1144 tutor
1832 1107 1943 1158 (nam

553 1169 631 1209 hoc
652 1183 811 1223 quoque
830 1169 877 1207 ad
898 1182 981 1207 rem
1010 1169 1198 1222 pertinet)
1230 1169 1271 1207 in
1302 1167 1454 1207 Achaia
1484 1169 1710 1223 sumpserat.
1757 1170 1830 1208 Sed
1861 1171 1943 1223 agit

554 1236 784 1280 liberaliter,
813 1234 1002 1287 quoniam
1024 1243 1139 1286 negat
1159 1234 1195 1272 se
1214 1234 1433 1287 quidquam
1461 1233 1657 1273 facturum
1686 1243 1824 1273 contra
1851 1234 1943 1273 nos-

555 1311 657 1340 tram
690 1301 950 1340 voluntatem.
1003 1302 1147 1339 Coram
1181 1300 1319 1352 igitur,
1363 1309 1409 1338 ut
1447 1299 1598 1346 scribis,
1642 1301 1942 1347 constituemus,

557 1367 894 1421 quemadmodum
934 1379 1017 1404 rem
1054 1365 1314 1419 explicemus.
1365 1367 1486 1419 Qod
1528 1367 1700 1420 reliquos
1734 1366 1944 1407 coheredes

558 1432 788 1478 convenisti,
818 1431 933 1485 plane
953 1432 1051 1470 bene
1071 1430 1211 1470 fecisti.
1253 1431 1374 1488 Qod
1395 1432 1597 1484 epistolam
1618 1445 1746 1470 meam
1765 1433 1813 1469 ad
1843 1434 1945 1471 Bru-

560 1509 648 1538 tum
668 1498 810 1551 poscis,
841 1511 920 1535 non
939 1496 1067 1536 habeo
1086 1498 1170 1549 ejus
1191 1497 1436 1550 exemplum,
1467 1497 1530 1535 sed
1551 1507 1682 1535 tamen
1702 1497 1851 1536 salvum
1877 1498 1948 1544 est,

559 1574 599 1603 et
617 1565 671 1602 ait
692 1564 792 1602 Tiro
812 1572 850 1602 te
868 1562 1011 1601 habere
1031 1572 1210 1616 oportere
1226 1581 1237 1608 ;
1269 1572 1322 1608 et,
1346 1572 1390 1601 ut
1410 1563 1606 1608 recordor,
1629 1576 1706 1601 una
1725 1576 1817 1602 cum
1839 1564 1948 1603 illius

560 1629 826 1683 objurgatoria
855 1629 929 1667 tibi
958 1643 1086 1667 meam
1116 1642 1290 1682 quoque,
1321 1642 1440 1682 quam
1470 1629 1518 1667 ad
1547 1642 1640 1668 eum
1667 1629 1949 1683 rescripseram,

562 1696 662 1734 mifi.
694 1694 882 1746 Judiciali
902 1695 1078 1733 molestia
1097 1704 1142 1732 ut
1162 1708 1327 1740 caream,
1343 1694 1511 1734 videbis.
1543 1695 1793 1734 Tuditanum
1814 1695 1948 1741 istum,

563 1775 750 1815 proavum
772 1761 989 1806 Hortensii,
1011 1761 1125 1814 plane
1146 1773 1224 1799 non
1247 1774 1382 1799 noram
1400 1780 1412 1807 ;
1443 1770 1482 1800 et
1503 1760 1647 1806 filium,
1669 1762 1739 1814 qui
1760 1770 1847 1800 tum
1868 1774 1950 1801 non

562 1834 742 1880 potuerat
761 1825 833 1864 effe
853 1825 1018 1877 legatus,
1037 1825 1148 1864 fuiffe
1167 1835 1361 1879 putaram.
1393 1823 1644 1865 Mummium
1667 1825 1777 1864 fuisse
1797 1827 1843 1864 ad
1866 1828 1949 1865 Co-

565 1892 744 1932 rinthum
766 1905 836 1944 pro
855 1901 963 1930 certo
983 1891 1135 1930 habeo:
1170 1892 1265 1944 saepe
1285 1893 1392 1930 enim
1422 1892 1488 1931 hic
1520 1893 1696 1945 Spurius,
1727 1893 1796 1945 qui
1827 1907 1951 1946 nuper

565 1958 618 1997 est
638 1966 832 2002 mortuus,
863 1956 1042 2009 epistolas
1073 1956 1175 1994 mihi
1205 1957 1484 2009 pronuntiabat
1503 1957 1700 1995 verficulis
1722 1957 1873 2004 facetis,
1904 1959 1952 1996 ad

565 2023 776 2063 familiares
797 2021 923 2060 missas
945 2035 966 2059 a
985 2021 1197 2060 Corintho.
1245 2021 1316 2060 Sed
1346 2036 1422 2060 non
1445 2022 1586 2061 dubito
1606 2023 1702 2075 quin
1725 2022 1833 2062 fratri
1862 2023 1952 2063 fue-

568 2091 619 2129 rit
639 2089 806 2142 legatus,
838 2101 914 2126 non
938 2088 977 2126 in
999 2088 1149 2126 decem.
1195 2089 1328 2140 Atque
1357 2087 1433 2126 hoc
1463 2088 1580 2126 etiam
1610 2089 1759 2141 accepi,
1790 2103 1868 2128 non
1892 2090 1953 2128 so-

567 2157 660 2195 litos
682 2155 845 2207 majores
867 2153 1014 2192 nostros
1037 2154 1162 2206 legare
1183 2154 1222 2192 in
1242 2153 1394 2199 decem,
1426 2155 1495 2206 qui
1522 2153 1640 2192 essent
1670 2154 1953 2206 imperatorum

567 2219 779 2264 necessarii,
824 2229 868 2257 ut
904 2232 974 2258 nos
1010 2219 1134 2272 ignari
1173 2218 1533 2272 pulcherrimorum
1568 2219 1853 2266 institutorum,
1889 2231 1955 2260 aut

569 2287 813 2339 negligentes
835 2286 982 2338 potius,
1013 2285 1077 2324 M.
1101 2286 1335 2330 Lucullum,
1357 2296 1395 2324 et
1418 2286 1465 2324 L.
1491 2285 1717 2330 Murenam,
1739 2295 1777 2324 et
1798 2296 1955 2326 caeteros

568 2351 902 2405 conjundtiilimos
924 2352 969 2389 ad
992 2352 1040 2390 L.
1059 2352 1276 2390 Lucullum
1298 2352 1488 2390 mifimus.
1525 2352 1707 2405 llludque
1726 2351 1956 2398 con-aram,

572 2418 686 2456 illum
705 2417 812 2456 fratri
836 2418 873 2455 in
893 2417 1029 2470 primis
1047 2418 1128 2469 ejus
1147 2417 1283 2469 legatis
1301 2416 1425 2455 suill'c.
1451 2419 1621 2470 Operam
1639 2426 1746 2455 tuam
1763 2416 1953 2455 multam!
