2243 3008
579 255 688 293 AD
744 253 1176 293 ATTICUM
1242 256 1386 297 LIB.
1436 257 1551 298 X1v.
1678 275 1755 311 421

375 352 564 406 produxit
598 352 825 398 octavium,
855 352 982 404 qualis
1014 353 1155 391 concio
1185 353 1320 393 fuerit.
1366 355 1463 394 Haec
1496 357 1624 410 scripfi
1659 359 1760 398 cita-

376 419 480 464 tim;
510 418 639 456 statim
670 419 778 456 enirn
811 418 927 457 Caffii
959 419 1197 459 tabellarius.
1244 421 1364 458 Eram
1395 423 1585 461 continuo
1616 425 1761 466 Piliam

375 482 608 520 salutaturus
627 497 636 521 :
669 482 809 522 deinde
829 483 876 522 ad
896 483 1029 536 epulas
1051 484 1233 530 Vestorii,
1264 485 1458 525 navicula.
1500 488 1644 528 Atticae
1664 491 1759 543 plu-

374 547 514 586 rimam
535 547 715 588 salutem.

711 751 953 790 emano
993 752 1249 791 ATT1co
1291 752 1422 793 SAL.

372 875 490 917 XXI.
515 876 581 950 C
596 878 634 915 U
649 878 698 916 M
727 880 845 932 paulo
865 887 953 917 ante
973 878 1157 917 dediffem
1177 879 1224 917 ad
1246 889 1283 919 te
1305 881 1420 920 Caffii
1442 881 1643 921 tabellario
1663 883 1756 922 lite-

613 957 686 988 ras,
706 957 729 981 v
753 944 845 982 Idus
867 944 974 981 venit
994 943 1122 981 noster
1142 944 1381 992 tabellarius,
1403 955 1441 984 et
1461 946 1638 998 quidem,
1661 962 1755 1000 por-

369 1009 472 1047 tenti
492 1009 631 1054 fimile,
654 1010 730 1047 fine
751 1011 828 1048 tuis
849 1010 996 1048 literis:
1021 1009 1082 1047 sed
1104 1010 1184 1048 cito
1205 1013 1357 1063 conjeci
1378 1013 1547 1050 Lanuvii
1569 1021 1606 1050 te
1626 1012 1753 1053 fuiss'e.

368 1073 469 1112 Eros
490 1084 620 1112 autem
640 1073 850 1119 festinavit,
882 1084 925 1112 ut
945 1074 992 1112 ad
1012 1088 1075 1112 me
1095 1074 1215 1112 literae
1237 1077 1454 1115 Dolabellae
1475 1077 1757 1129 perferrentur,

368 1151 447 1176 non
469 1139 516 1176 de
537 1153 576 1176 re
596 1152 682 1176 mea
704 1139 900 1190 (nondum
921 1139 1028 1176 enim
1050 1152 1153 1177 meas
1174 1141 1390 1193 acceperat)
1414 1141 1477 1179 sed
1497 1141 1688 1195 rescripfit
1708 1143 1759 1181 ad

368 1216 428 1240 eas
449 1217 614 1255 quarum
635 1204 864 1255 exemplum
884 1204 959 1241 tibi
987 1204 1184 1250 miseram,
1215 1205 1301 1244 sane
1332 1206 1548 1245 luculente.
1594 1208 1659 1246 Ad
1690 1222 1755 1246 me

366 1277 513 1313 autem,
544 1283 637 1307 cum
666 1269 782 1307 Caffii
809 1269 1056 1307 tabellarium
1077 1270 1315 1316 dimififfem,
1346 1272 1475 1310 statim
1507 1273 1666 1312 Balbus.
1715 1275 1753 1311 O

367 1333 424 1372 dii
444 1335 553 1379 boni,
572 1349 691 1387 quam
711 1335 826 1373 facile
846 1335 1079 1387 perspiceres
1101 1337 1239 1374 timere
1255 1338 1404 1375 otium!
1429 1347 1467 1376 et
1488 1338 1586 1376 nosti
1607 1340 1752 1385 virum,

366 1412 486 1451 quam
507 1402 630 1438 tectus
649 1415 658 1438 :
692 1400 755 1437 sed
777 1409 906 1438 tamen
929 1401 1097 1438 Antonii
1118 1401 1278 1439 confilia
1297 1403 1502 1447 narrabat;
1534 1403 1652 1441 illum
1673 1405 1753 1441 cir-

365 1465 517 1502 cumire
537 1474 752 1509 veteranos,
783 1473 827 1502 ut
847 1466 928 1502 acta
948 1465 1106 1503 Caesaris
1129 1464 1320 1504 sancirent
1335 1485 1348 1511 5
1380 1466 1499 1519 idque
1521 1467 1555 1504 se
1583 1465 1753 1506 facturos

366 1529 439 1566 effe
453 1531 644 1580 jurarent,
671 1539 715 1567 ut
736 1538 815 1566 rata
834 1542 970 1567 omnes
991 1529 1207 1575 haberent3
1240 1545 1361 1583 eaque
1382 1533 1598 1570 Duumviri
1618 1535 1752 1571 omni-

365 1593 439 1631 bus
471 1593 668 1631 menfibus
700 1593 950 1645 inspicerent.
995 1593 1163 1642 Qestus
1195 1595 1249 1632 est
1275 1596 1393 1633 etiam
1423 1595 1470 1633 de
1490 1596 1554 1634 sua
1574 1597 1749 1644 invidia;

364 1672 485 1711 eaque
517 1659 645 1696 omnis
677 1659 760 1711 ejus
793 1659 916 1697 oratio
947 1658 1040 1704 fuit,
1072 1669 1116 1697 ut
1147 1673 1273 1698 amare
1293 1661 1488 1699 videretur
1509 1663 1749 1703 Antonium.

365 1725 476 1776 Qid
497 1724 637 1776 quaeris
655 1725 667 1761 ?
691 1723 792 1762 nihil
813 1724 963 1762 sinceri.
997 1724 1106 1762 Mihi
1127 1735 1257 1763 autem
1279 1739 1356 1764 non
1378 1726 1431 1763 est
1451 1727 1634 1772 dubium,
1652 1729 1752 1780 quin

363 1802 422 1827 res
444 1789 588 1841 speRet
608 1788 654 1826 ad
675 1788 805 1827 castra.
837 1790 938 1827 Aeta
956 1790 1062 1827 enim
1084 1790 1152 1827 illa
1172 1804 1229 1828 res
1250 1791 1302 1828 est
1323 1792 1456 1828 animo
1476 1792 1595 1836 virili,
1622 1793 1752 1831 confi-

362 1854 418 1892 lio
439 1854 596 1907 puerili.
629 1854 731 1906 Qis
752 1854 858 1892 enim
878 1854 955 1892 hoc
977 1869 1055 1892 non
1076 1856 1190 1901 vidit,
1208 1858 1317 1908 regni
1338 1856 1522 1895 heredem
1543 1858 1748 1897 relictum?

362 1920 460 1973 quid
480 1929 611 1957 autem
630 1919 848 1965 absurdius,
871 1921 952 1957 Hoc
970 1929 1136 1965 metuere,
1158 1921 1312 1959 alterum
1332 1921 1369 1960 in
1389 1931 1484 1959 metu
1503 1936 1570 1960 non
1583 1932 1714 1974 ponere
1729 1923 1751 1961 ἓ

363 1985 476 2036 Qin
496 1985 614 2024 etiam
634 1983 711 2022 hoc
736 1984 820 2036 ipso
850 1993 1026 2037 tempore
1055 1985 1181 2023 multa
1211 1984 1440 2024 ὑποσὸλοικσιε
1474 1987 1608 2025 Pontii
1640 1989 1749 2026 Nea-

360 2051 584 2102 politanum
619 2063 640 2087 a
672 2059 795 2088 matre
828 2051 1100 2101 tyrannoctoni
1140 2051 1319 2103 poffideri
1339 2052 1351 2087 ?
1398 2052 1606 2103 Legendus
1647 2052 1748 2090 mihi

362 2115 498 2168 saepius
518 2115 571 2153 est
592 2116 692 2153 Cato
712 2116 851 2167 major,
881 2115 928 2153 ad
949 2124 987 2154 te
1007 2116 1155 2155 missus.
1201 2116 1447 2154 Amariorem
1478 2117 1584 2154 enim
1606 2131 1668 2154 me
1688 2118 1746 2155 se-

359 2182 496 2219 nestus
525 2179 647 2218 facit:
680 2179 900 2218 stomachor
930 2181 1076 2219 omnia.
1123 2181 1196 2219 Sed
1228 2180 1330 2219 mihi
1361 2181 1523 2231 quidem
1554 2177 1745 2220 &Cim-as:

359 2245 530 2284 viderint
545 2246 723 2297 juvenes.
757 2246 824 2283 Tu
845 2259 930 2283 mea
949 2246 1118 2292 curabis,
1150 2256 1195 2284 ut
1215 2259 1339 2284 curas.
1386 2245 1483 2283 Haec
1506 2245 1649 2296 scripsi,
1682 2246 1746 2285 seu

359 2309 515 2355 dictavi,
551 2311 721 2363 appofita
754 2310 920 2348 secunda
951 2311 1094 2355 mensa,
1135 2311 1237 2363 apud
1272 2309 1508 2348 Vestorium.
1558 2310 1763 2362 Postridie,

359 2375 464 2426 apud
486 2375 667 2414 Hirtium
689 2377 934 2428 cogitabam:
967 2386 1006 2413 et
1026 2376 1187 2428 quidem
1208 2372 1421 2413 πεντέλοιπσν.
1456 2375 1518 2412 Sic
1538 2373 1744 2413 hominem

359 2440 560 2480 traducere
590 2440 637 2478 ad
668 2443 876 2494 optimates
909 2455 1014 2495 paro.
1058 2437 1152 2490 Λῆρες
1172 2436 1287 2479 πολύς.
1335 2440 1467 2479 Nemo
1491 2440 1545 2479 est
1565 2440 1745 2486 istorum,
