2243 3008
535 326 645 365 AD
700 324 1132 365 ATTICUM
1199 327 1511 373 LIB.XVI.
1643 349 1723 391 453

331 423 563 477 gubernat0,
581 433 626 462 ut
645 422 748 462 nihil
764 436 786 461 a
800 436 865 462 me
883 425 1078 476 expectes.
1101 425 1341 478 Qanquam
1363 429 1471 467 enim
1493 431 1644 485 reliqua
1663 433 1722 471 sa·-

330 490 383 528 tis
403 499 492 542 apta
511 489 601 528 sunt
620 489 667 527 ad
688 489 916 528 solvendum
933 509 946 536 ς
979 499 1109 529 tamen
1130 491 1177 530 fit
1196 491 1307 546 saepe,
1339 502 1383 532 ut
1404 495 1447 540 ii,
1470 497 1540 548 qui
1560 498 1720 544 debent,

328 567 410 592 non
437 554 693 608 respondeant
721 554 768 592 ad
799 564 973 608 tempus.
1017 556 1056 593 Si
1087 556 1186 609 quid
1215 558 1407 610 ejusmodi
1438 561 1638 607 acciderit,
1669 577 1720 601 ne

329 619 426 671 quid
447 620 522 658 tibi
542 620 589 658 fit
607 619 711 658 fama
730 633 817 658 mea
834 621 967 673 potius
986 635 996 659 z
1020 633 1098 658 non
1119 621 1239 660 modo
1259 623 1424 669 versura,
1442 638 1577 664 verum
1598 628 1718 666 etiam

327 685 570 731 venditione,
602 685 628 724 fi
649 686 704 723 ita
723 699 780 724 res
801 695 931 738 coget,
962 699 1032 724 nos
1053 686 1287 726 vindicabis.
1333 689 1457 727 Bruto
1487 699 1563 729 tuae
1594 692 1715 731 literae

326 760 444 802 gratae
464 761 591 790 erant:
616 751 676 789 fui
695 752 803 790 enim
822 751 925 804 apud
946 752 1063 790 illurn
1084 753 1229 791 multas
1249 752 1363 792 horas
1383 754 1424 792 in
1448 755 1604 801 Nefide‚
1622 771 1722 796 cum>

328 817 445 868 paulo
465 827 554 856 ante
575 827 658 856 tuas
680 817 809 856 literas
829 817 1072 870 accepissem.
1116 818 1312 857 Delectari
1333 819 1434 858 mihi
1455 822 1584 860 Tereo
1604 823 1716 862 vide-

328 881 457 927 batur,
497 891 536 920 et
569 881 711 921 habere
744 884 932 934 majorem
967 883 1107 929 Accio,
1143 896 1263 935 quam
1298 885 1492 931 Antonio,
1532 889 1713 938 gratiam.

328 947 439 985 Mihi
468 957 598 987 autem
628 961 708 1000 quo
737 948 884 987 laetiora
911 948 1016 994 sunt,
1047 963 1096 987 eo
1123 950 1214 1002 plus
1245 950 1436 988 stomachi
1467 961 1506 989 et
1529 954 1715 993 molcstiae

327 1011 395 1057 est,
426 1013 622 1066 populum
643 1014 871 1052 Romanum
892 1027 1029 1051 manus
1051 1013 1149 1059 suas,
1181 1028 1259 1052 non
1292 1015 1338 1053 in
1366 1015 1609 1055 defendenda
1630 1019 1713 1056 Re-

327 1078 503 1129 publica,
534 1078 597 1116 sed
618 1079 658 1116 in
681 1079 917 1131 plaudendo,
940 1080 1182 1118 consumere.
1215 1079 1325 1117 Mihi
1347 1081 1510 1133 quidem
1530 1083 1714 1122 videntur

327 1142 490 1181 istorum
510 1144 632 1181 animi
653 1144 810 1182 incendi
831 1145 948 1182 etiam
969 1144 1016 1181 ad
1041 1144 1388 1196 repraesentandam
1417 1146 1715 1199 improbitatem

327 1207 462 1246 suam:
496 1208 560 1246 sed
589 1217 735 1253 tamen,
766 1208 865 1246 dum·
883 1208 1002 1246 modo
1023 1208 1179 1246 doleant
1199 1209 1365 1262 aliquid,
1397 1210 1553 1249 doleant
1583 1214 1713 1264 quod-

325 1273 438 1312 libet.
486 1274 707 1312 Confilium
727 1287 861 1312 meum
883 1274 989 1327 quod
1013 1275 1067 1312 ais
1087 1275 1266 1326 quotidie
1286 1277 1410 1327 magis
1440 1276 1602 1322 laudari,
1633 1292 1714 1317 non

325 1339 486 1377 moleste
507 1339 618 1385 fero;
650 1341 995 1393 expestabamque‚
1026 1340 1052 1378 si
1083 1340 1179 1392 quid
1207 1341 1254 1379 de
1279 1355 1326 1379 eo
1345 1341 1392 1379 ad
1414 1356 1477 1380 me
1498 1343 1680 1383 scriberes
1700 1359 1710 1383 ε

325 1418 399 1458 ego
419 1406 588 1444 enimin
609 1406 733 1443 varios
765 1405 959 1443 sermones
990 1405 1229 1444 incidebam.
1276 1407 1387 1457 Qin
1417 1408 1535 1445 etiam
1566 1408 1716 1447 idcirco

325 1470 543 1517 trahebam,
575 1481 620 1509 ut
648 1484 767 1524 quam
797 1471 1009 1509 diutiffime
1037 1471 1237 1523 integrum
1269 1472 1373 1510 effet.
1421 1473 1493 1510 Sed
1525 1475 1716 1526 quoniam

325 1535 484 1574 furcilla
503 1536 766 1581 extrudimur,
799 1535 1059 1573 Brundufium
1082 1537 1215 1587 cogito
1233 1551 1242 1574 z
1275 1536 1430 1575 facilior
1449 1540 1557 1576 enim
1577 1549 1616 1577 et
1642 1553 1714 1578 ex-

326 1601 514 1654 ploratior
547 1601 734 1638 devitatio
768 1601 971 1653 legionum
1006 1600 1090 1638 fore
1123 1601 1292 1646 videtur,
1329 1615 1447 1653 quam
1482 1604 1714 1655 piratarum,

325 1667 395 1719 qui
415 1680 595 1720 apparere
615 1667 816 1705 dicuntur.
863 1666 1016 1704 Sextius
1039 1680 1083 1704 VI
1108 1666 1200 1704 Idus
1228 1668 1516 1719 expectabatur,
1548 1669 1611 1707 sed
1632 1683 1713 1708 non

322 1741 493 1777 venerat,
525 1732 630 1784 quod
652 1731 784 1770 sciam.
829 1731 974 1770 Caffius
996 1744 1089 1769 cum
1110 1731 1304 1769 clafficula
1324 1732 1389 1770 sua
1408 1743 1577 1772 venerat.
1624 1736 1714 1787 Ego

324 1809 415 1835 curn
444 1810 535 1834 eum
567 1797 742 1834 vidiffem
774 1810 797 1833 v
832 1796 920 1834 Kal.
959 1796 1006 1833 in
1036 1797 1321 1849 Pompeianum
1352 1798 1590 1849 cogitabam,
1621 1799 1713 1838 inde

325 1863 580 1902 AEculanum.
622 1862 736 1901 Nosti
757 1862 919 1914 reliqua.
959 1863 1022 1900 De
1043 1863 1166 1900 Tutia
1186 1863 1239 1900 ita
1259 1872 1452 1914 putaram.
1498 1865 1559 1903 De
1580 1865 1711 1903 AEbu-

325 1930 382 1967 tio
403 1943 480 1967 non
502 1929 618 1967 credo
637 1944 645 1967 :
679 1942 749 1967 nec
771 1938 900 1966 tamen
922 1941 1016 1966 curo
1037 1928 1141 1981 plus,
1164 1942 1281 1981 quam
1305 1939 1362 1967 tu.
1396 1929 1542 1968 Planco
1562 1940 1600 1968 ct
1622 1932 1712 1984 Op-

323 1995 391 2047 pio
411 1995 539 2047 scripfi
562 1994 761 2046 equidem,
793 1995 982 2046 quoniam
1011 2007 1188 2046 rogaras:
1222 1995 1300 2039 sed,
1332 1995 1358 2032 fi
1392 1995 1465 2032 tibi
1499 1995 1711 2042 videbitur,

325 2075 373 2099 ne
394 2061 539 2099 neceffe
559 2060 740 2098 habueris
763 2060 934 2098 reddere.
968 2060 1073 2097 Cum
1094 2060 1200 2097 enim
1224 2070 1288 2097 tua
1304 2059 1414 2097 causa
1434 2059 1600 2098 fecerint
1620 2075 1710 2100 om-

326 2127 403 2170 nia,
434 2139 566 2164 vereor
596 2139 643 2163 ne
674 2139 776 2163 meas
807 2126 937 2163 literas
958 2125 1253 2177 supervacaneas
1275 2125 1540 2170 arbit1·entur;
1576 2127 1711 2178 Oppio

324 2190 484 2244 quidem
506 2191 659 2242 utique,
690 2204 809 2242 quem
842 2190 916 2227 tibi
947 2189 1223 2227 amiciffimum
1257 2191 1452 2240 cognovi:
1486 2203 1635 2235 verum,
1668 2200 1711 2230 ut

323 2257 444 2295 voles.
491 2258 572 2301 Tu,
605 2256 792 2308 quoniam
814 2256 948 2294 scribis
970 2255 1236 2293 hiematurum
1259 2264 1296 2291 te
1328 2255 1368 2291 in
1402 2255 1539 2305 Epiro,
1570 2255 1708 2294 feceris

323 2320 424 2360 mihi
446 2331 616 2373 gratum,
648 2321 674 2359 si
695 2331 783 2359 ante
802 2335 848 2359 eo
868 2321 1033 2365 veneris,
1055 2333 1173 2372 quam
1195 2318 1295 2356 mihi
1317 2319 1357 2355 in
1380 2319 1534 2356 Italiam
1557 2329 1594 2357 te
1614 2333 1708 2358 auc-

324 2397 407 2425 tore
428 2386 665 2424 veniendum
685 2387 744 2425 fit.
777 2387 927 2425 Literas
948 2386 994 2423 ad
1016 2398 1078 2422 me
1099 2397 1217 2436 quam
1239 2384 1453 2436 saepiffime‚
1480 2385 1504 2422 fi
1527 2385 1573 2422 de
1594 2387 1708 2425 rebus

324 2452 456 2490 minus
478 2450 693 2489 necessariis
713 2452 885 2504 aliquem
907 2452 1040 2488 nactus
1059 2468 1070 2494 ;
1103 2449 1156 2487 fin
1187 2459 1319 2487 autem
1348 2450 1422 2487 erit
1442 2450 1538 2501 quid
1567 2453 1707 2502 majus,

325 2518 444 2555 domo
477 2516 666 2554 emittito.
710 2510 936 2568 Ἠςαικλεὶὃιοῃ
973 2516 999 2554 fi
1034 2514 1298 2553 Brundusium
1332 2514 1439 2559 salvi,
1471 2514 1706 2554 adoriemur.

325 2584 387 2622 De
406 2582 530 2636 gloria
549 2581 634 2620 misi
656 2581 745 2622 tibi.
792 2579 995 2619 Custodies
1027 2580 1164 2632 igitur,
1197 2589 1241 2618 ut
1272 2579 1395 2618 soles:
1429 2579 1492 2617 sed
1522 2589 1709 2619 notentur
