2243 3008
515 176 598 219 404
864 169 1552 208 EPISTOLARUM

517 269 811 321 Sestulianoque
844 267 985 313 fundo,
1024 267 1152 320 scripfi
1188 267 1236 306 de
1271 267 1502 313 Censorino,
1542 266 1590 306 de
1624 266 1820 313 Messalla,
1857 267 1906 307 de

518 335 679 379 Planco,
712 335 758 372 de
780 334 996 379 Postumio,
1027 333 1074 371 de
1093 347 1233 386 genere
1255 343 1353 372 tot0.
1395 334 1545 372 Melius
1566 332 1645 372 fuit
1664 334 1814 387 periiffe
1834 335 1907 372 illo

517 399 738 444 interfecto,
770 400 876 452 quod
897 412 1100 451 nunquam
1120 398 1331 444 accidisset,
1362 412 1482 451 quam
1501 398 1584 438 haec
1606 400 1749 438 videre.
1783 401 1905 438 Ot‘lta-

516 466 602 503 vius
638 466 851 518 Neapolim
884 467 992 502 venit
1027 477 1104 502 xxv
1138 464 1360 502 Kalendas:
1393 465 1451 502 ibi
1484 478 1577 503 eum
1611 466 1756 504 Balbus
1792 479 1906 503 mane

518 530 722 582 postridie,
745 530 962 582 eodemque
983 529 1045 566 die
1065 541 1224 566 mecum
1245 529 1286 566 in
1308 529 1490 566 Cumano
1510 529 1629 567 illum
1649 529 1908 568 hereditatem

517 595 744 633 aditurum:
789 594 866 639 sed,
905 604 950 632 ut
982 593 1133 637 scribis,
1169 588 1333 644 ῥιζόθεμιν
1363 605 1547 644 magnam
1582 607 1676 631 cum
1710 594 1903 632 Antonio.

518 660 728 699 Buthrotia
759 660 861 698 mihi
894 670 960 698 tua
994 673 1051 697 res
1083 659 1151 704 est,
1194 668 1239 697 ut
1277 658 1408 704 debet,
1439 658 1592 711 eritque
1623 672 1739 698 curae.
1786 659 1907 712 Qod

517 727 674 779 quaeris,
699 726 834 777 jamne
855 725 900 762 ad
921 735 1084 763 centena
1105 724 1374 769 Cluvianum;
1406 724 1611 762 adventare
1630 723 1810 763 videtur:
1843 724 1907 763 sed

517 791 648 843 primo
668 803 770 828 anno
793 803 913 828 Lxxx
937 790 1180 828 deterfimus.
1223 790 1402 840 Qintus
1431 798 1540 842 pater
1558 788 1605 826 ad
1626 803 1689 827 me
1710 789 1841 841 gravia
1859 789 1908 828 de

517 857 616 901 filio,
649 856 821 894 maxime
841 856 949 909 quod
969 857 1085 894 matri
1107 869 1212 894 nunc
1235 855 1452 907 indulgeat,
1483 855 1549 893 cui
1569 864 1680 893 antea
1700 855 1799 893 bene
1819 869 1907 894 me-

517 921 618 959 renti
639 920 759 958 fuerit
780 921 991 959 inimicus:
1015 921 1192 959 ardentes
1213 921 1254 958 in
1275 933 1368 958 eum
1388 920 1518 958 literas
1539 919 1586 957 ad
1606 934 1670 958 me
1690 920 1808 959 mifit.
1833 921 1908 960 Ille

515 997 646 1025 autem
668 986 765 1039 quid
785 996 886 1039 agat,
919 987 944 1025 fi
966 987 1054 1032 scis,
1086 1000 1213 1039 neque
1234 985 1328 1024 dum
1351 987 1480 1024 Roma
1500 999 1539 1024 es
1565 985 1778 1038 profectuS,
1810 986 1907 1024 scri-

516 1052 582 1089 bas
603 1050 650 1088 ad
671 1064 735 1088 me
755 1051 874 1089 velim
892 1070 904 1097 ς
936 1061 975 1090 et
994 1051 1170 1097 hercule,
1202 1051 1229 1089 s1
1256 1050 1354 1104 quid
1374 1050 1496 1090 aliud.
1540 1050 1806 1090 Vehementer
1836 1050 1909 1090 de-

513 1118 635 1157 lector
655 1117 733 1157 tuis
754 1118 894 1157 literis.

856 1321 1100 1358 CICERO
1140 1321 1396 1359 ATTxco
1437 1321 1569 1360 SAL.

515 1449 591 1488 XI.
615 1446 701 1520 N
718 1448 756 1486 U
772 1448 811 1486 D
827 1449 844 1486 1
860 1449 897 1485 U
914 1448 936 1485 S
970 1447 1107 1485 tertius
1139 1446 1229 1484 dedi
1263 1447 1310 1485 ad
1345 1456 1382 1485 te
1416 1448 1619 1500 epistolam
1653 1448 1874 1500 longiorem
1892 1464 1905 1488 t

734 1527 840 1551 nunc
861 1513 907 1550 ad
928 1525 984 1556 ea,
1007 1525 1092 1563 quae
1113 1512 1308 1564 proxime.
1339 1512 1474 1550 Velim
1495 1512 1735 1558 mehercule,
1758 1514 1908 1553 Asturae

517 1581 677 1618 Brutus.
721 1574 925 1614 Ἀκολεισ-ίαν
952 1576 1115 1615 istorum
1146 1577 1310 1615 scribis:
1342 1591 1390 1615 an
1417 1578 1597 1617 censebas
1618 1579 1760 1617 aliter?
1792 1580 1908 1632 equi-

514 1645 605 1682 dem
625 1644 744 1682 etiam
765 1643 911 1694 majora
930 1644 1106 1696 expecto.
1145 1644 1251 1682 Cum
1272 1643 1456 1696 equidem
1478 1645 1713 1683 concionem
1734 1645 1837 1697 lego.
1868 1644 1910 1683 de

514 1719 619 1748 tanto
638 1709 734 1754 viro,
765 1708 806 1747 de
824 1708 1005 1759 clarff'mo
1025 1708 1112 1753 civi,
1144 1708 1244 1747 ferre
1277 1722 1356 1748 non
1389 1723 1519 1763 queo:
1552 1711 1618 1749 etsi
1651 1711 1719 1748 ista
1744 1712 1828 1762 jam
1860 1711 1907 1748 ad

515 1776 652 1814 risum.
699 1774 772 1813 Sed
801 1784 1030 1814 memento:
1064 1775 1114 1813 fic
1141 1775 1260 1813 alitur
1283 1775 1526 1814 consuetudo
1546 1775 1787 1829 perditarum
1808 1789 1907 1814 con-

513 1842 705 1886 cionum;
738 1849 783 1878 ut
810 1839 929 1879 nostri
956 1841 1032 1886 illi,
1064 1855 1143 1879 non
1164 1839 1315 1886 heroes,
1347 1840 1410 1878 sed
1431 1841 1502 1887 dii,
1534 1841 1659 1880 futuri
1680 1841 1842 1894 quidem
1864 1842 1906 1880 in

513 1907 639 1959 gloria
658 1906 902 1960 ‘sempiterna
932 1907 1020 1951 sint,
1053 1906 1115 1944 sed
1146 1921 1223 1944 non
1256 1907 1333 1944 sme
1361 1907 1523 1952 invidia,
1556 1921 1603 1945 ne
1632 1908 1707 1945 line
1727 1908 1907 1960 periculo

513 1972 691 2024 quidem.
727 1972 876 2009 Verum
899 1971 978 2009 illis
1001 1985 1141 2023 magna
1161 1971 1391 2016 consolatio,
1423 1973 1662 2010 conscientia
1683 1973 1846 2011 maximi
1868 1983 1907 2012 et

513 2036 711 2075 clariffimi
732 2034 851 2080 saon
885 2035 999 2073 nobis
1021 2049 1122 2088 qum,
1154 2037 1223 2087 qui
1253 2035 1460 2075 interfecto
1488 2051 1575 2090 rege
1603 2038 1715 2076 liberi
1740 2052 1817 2077 non
1841 2039 1906 2076 su-

513 2103 634 2140 mus?
668 2101 739 2139 Sed
761 2100 843 2139 haec
865 2099 1023 2138 fortuna
1043 2100 1199 2146 viderit,
1231 2103 1420 2153 quoniam
1454 2104 1551 2141 ratio
1584 2117 1662 2141 non
1695 2103 1902 2155 gubernat.

512 2169 575 2206 De
611 2167 818 2211 Cicerone,
858 2180 945 2219 quae
980 2166 1131 2211 scribis,
1167 2167 1344 2219 jucunda
1377 2167 1477 2205 mihi
1514 2168 1630 2213 sunt;
1663 2170 1799 2213 velim,
1832 2169 1905 2208 sunt

513 2233 704 2286 prospera.
742 2233 862 2283 Qod
883 2246 974 2270 vero
994 2246 1095 2270 cura:
1118 2232 1190 2270 tibi
1211 2233 1278 2277 cst,
1312 2242 1354 2270 ut
1375 2234 1410 2271 ei
1433 2233 1703 2286 suppeditetur
1722 2234 1769 2272 ad
1792 2235 1905 2273 usum

510 2309 548 2336 et
570 2298 724 2336 cultum
748 2297 916 2350 copiose.
950 2312 1017 2350 per
1047 2296 1149 2335 mihi
1179 2308 1334 2350 gratum
1360 2298 1441 2343 cst;
1474 2299 1593 2352 idque
1626 2309 1668 2338 ut
1702 2299 1835 2345 facias,
1867 2310 1906 2338 te

509 2364 629 2401 etiam
652 2377 760 2415 rogo.
810 2364 870 2400 De
902 2362 1122 2401 Buthrotiis
1143 2373 1181 2401 ct
1204 2373 1245 2402 tu
1269 2366 1369 2401 rcc’tc
1389 2364 1555 2416 cogitas,
1587 2375 1625 2402 et
1646 2379 1720 2418 ego
1742 2379 1819 2403 non
1841 2365 1905 2403 di·

510 2429 632 2467 mitto
652 2428 762 2466 istam
783 2441 918 2466 curam
938 2443 946 2465 2
980 2428 1186 2481 suscipiam
1207 2443 1368 2468 omnem
1388 2431 1507 2468 ctiam
1529 2430 1721 2469 actionem
1740 2449 1751 2477 5
1784 2443 1907 2485 quam
