2243 3008
494 223 1425 265 ADATTICUML113.X1.
1574 239 1645 279 301

267 324 377 377 quod
397 321 498 361 illud
518 331 598 359 erat
617 321 821 359 infinitum
840 334 849 357 :
882 332 1018 357 omnes
1039 319 1161 364 enim,
1193 321 1262 371 qui
1293 322 1333 358 in
1365 323 1476 359 Italia
1500 323 1652 361 manse-

270 397 370 432 rant,
401 385 574 424 hostium
604 398 769 423 numero
801 383 1059 422 habebantur.
1106 383 1179 421 Sed
1200 385 1319 422 velim
1339 385 1422 423 haec
1443 387 1654 438 aliquando

270 453 455 491 solutiore
474 451 621 488 animo.
663 450 864 502 Qintum
885 448 1045 487 fratrem
1065 448 1180 487 audio
1202 448 1420 500 profectum
1443 450 1483 487 in
1506 452 1650 496 Asiam,

269 526 314 555 ut
345 517 640 568 deprecaretur:
672 516 720 553 de
745 515 828 552 filio
850 514 951 552 nihil
972 514 1116 552 audivi.
1165 514 1237 551 Sed
1257 528 1384 566 quaere
1404 528 1452 552 ex
1474 516 1651 553 Diocha-

269 596 324 628 re,
356 581 515 620 Caesaris
536 581 694 625 liberto,
720 593 840 632 quem
860 593 932 632 ego
953 593 1031 617 non
1052 579 1148 624 vidi,
1171 580 1241 631 qui
1261 579 1347 617 istas
1369 579 1653 618 Alexandrinas

268 647 398 685 literas
431 645 578 683 attulit.
628 647 664 684 Is
685 646 831 683 dicitur
851 644 998 688 vidiffe,
1029 657 1076 681 an
1097 653 1272 689 euntem,
1303 657 1349 681 an
1367 645 1450 696 jam
1471 645 1512 682 in
1534 646 1621 683 Afia
1640 647 1653 683 ?

267 712 377 750 Tuas
413 711 557 755 literas,
589 720 705 762 prout
737 723 794 748 res
829 708 1012 761 postulat,
1043 710 1233 761 expect05
1267 722 1360 762 quas
1393 710 1513 747 velim
1544 723 1654 748 cures

266 777 568 830 quamprimum
588 776 635 814 ad
654 789 717 814 me
735 773 998 829 perferendas,
1031 774 1088 813 IV
1110 773 1200 813 Kal.
1225 774 1474 814 Decembris,

609 980 850 1018 CICERO
890 979 1145 1016 ATT1co
1185 977 1316 1016 SAL.

268 1106 366 1145 VII.
393 1104 467 1178 G
482 1107 674 1146 RATAE
706 1116 780 1144 tuae
801 1106 903 1144 mihi
924 1107 1044 1144 literae
1066 1105 1169 1150 sunt,
1201 1105 1345 1158 quibus
1366 1112 1542 1143 accurate
1562 1120 1653 1160 per-

499 1171 677 1224 scripfisti
703 1171 850 1215 omnia,
882 1185 968 1223 quae
995 1170 1041 1208 ad
1071 1184 1134 1208 me
1154 1170 1347 1222 pertinere
1368 1170 1574 1210 arbitratus
1596 1186 1652 1211 es.

268 1236 435 1274 Factum
463 1237 600 1288 igitur,
633 1246 676 1274 ut
704 1235 855 1281 scribis,
886 1236 965 1274 istis
993 1235 1159 1287 placere,
1190 1234 1328 1272 iisdem
1348 1235 1428 1272 istis
1449 1235 1654 1275 lictoribus

267 1314 334 1339 me
361 1303 447 1347 uti;
479 1302 586 1354 quod
618 1301 842 1340 conceffum
874 1301 1007 1339 Sextio
1028 1300 1101 1345 fit;
1133 1301 1198 1338 cui
1230 1313 1309 1338 non
1336 1309 1434 1352 puto
1465 1300 1551 1338 suos
1583 1301 1656 1339 esse

267 1366 480 1411 conceffos,
512 1367 575 1405 sed
595 1367 642 1404 ab
663 1366 747 1418 ipso
767 1366 890 1404 datos.
923 1365 1057 1404 Audio
1077 1365 1183 1403 enim
1204 1378 1296 1402 eum
1317 1377 1359 1401 ea
1379 1364 1654 1403 senatus-con·

267 1431 368 1470 fulta
398 1433 634 1485 improbare,
666 1446 752 1485 quae
782 1432 867 1484 post
898 1430 1102 1469 discessum
1123 1430 1399 1469 Tribunorum
1425 1429 1525 1468 faita
1549 1431 1653 1470 sunt.

270 1497 401 1547 Qare
430 1497 589 1549 poterit,
621 1497 647 1534 fi
668 1497 773 1534 volet
802 1496 873 1534 fibi
903 1495 1088 1540 constare,
1120 1495 1268 1533 nostros
1294 1494 1449 1532 lictores
1470 1508 1656 1548 compro-

270 1561 375 1600 bare.
399 1563 638 1613 Qanquam
658 1560 756 1613 quid
775 1573 848 1613 ego
869 1560 916 1598 de
936 1559 1157 1604 lictoribus,
1174 1559 1244 1611 qui
1265 1573 1364 1611 pene
1383 1572 1432 1597 ex
1452 1559 1565 1597 Italia
1585 1560 1655 1597 de-

267 1626 404 1665 cedere
434 1627 504 1665 sim
519 1625 642 1679 juffus
662 1627 675 1663 ?
707 1639 797 1663 nam
818 1625 864 1663 ad
884 1639 948 1663 me
968 1625 1072 1662 misit
1092 1625 1292 1662 Antonius
1314 1624 1543 1676 exemplum
1565 1626 1654 1662 Cae-

269 1691 360 1729 saris
390 1692 437 1729 ad
466 1691 503 1729 se
532 1692 748 1736 literarum,
780 1691 820 1729 in
851 1690 997 1743 quibus
1027 1698 1121 1734 erat,
1153 1689 1189 1727 se
1212 1689 1369 1734 audiffe,
1402 1690 1594 1728 Catonern
1615 1698 1655 1728 et

269 1758 319 1796 L.
344 1757 559 1795 Metellum
589 1757 630 1794 in
656 1757 816 1794 'Italiam
845 1755 1000 1799 venisse,
1033 1755 1171 1793 Romae
1201 1763 1245 1792 ut
1276 1753 1394 1798 effent
1425 1754 1581 1805 palam:
1613 1754 1655 1793 id

268 1821 340 1860 fibi
368 1835 448 1860 non
475 1822 653 1874 placere,
686 1834 734 1859 ne
762 1821 831 1872 qui
861 1829 993 1858 motus
1023 1833 1071 1858 ex
1100 1832 1146 1857 eo
1175 1819 1340 1864 fierent,
1372 1818 1656 1871 prohiberique

265 1901 404 1926 omnes
438 1887 563 1932 Italia,
596 1886 666 1924 nisi
697 1899 869 1939 quorum
890 1885 970 1938 ipse
990 1885 1143 1922 causam
1163 1883 1429 1936 cognovisset:
1461 1884 1588 1936 deque
1608 1898 1656 1923 eo

267 1952 540 1991 vehementius
560 1962 640 1990 erat
661 1951 865 2004 scriptum.
909 1952 1047 2003 Itaque
1067 1951 1267 1988 Antonius
1288 1949 1444 2001 petebat
1464 1963 1485 1986 a
1503 1963 1568 1987 me
1588 1963 1657 2002 per

269 2018 415 2063 literas,
446 2027 490 2056 ut
511 2018 581 2056 fibi
601 2016 868 2070 ignoscerem:
901 2015 1083 2063 facerese
1104 2029 1182 2053 non
1204 2014 1321 2067 posse,
1343 2015 1441 2066 quin
1462 2015 1509 2052 iis
1531 2015 1654 2053 liten‘s

270 2093 432 2136 pareret.
471 2085 581 2121 Tum
602 2083 648 2120 ad
668 2096 760 2120 eum
781 2081 866 2120 mifi
889 2082 937 2119 L.
961 2081 1157 2125 Lamiam,
1188 2081 1258 2132 qui
1279 2079 1569 2123 demonstraret,
1601 2080 1654 2116 il-

269 2149 355 2186 lum
377 2148 594 2186 Dolabellae
615 2147 763 2193 dixiffe,
783 2156 827 2186 ut
846 2146 892 2185 ad
913 2160 976 2184 me
997 2146 1195 2190 scriberet,
1213 2155 1257 2182 ut
1278 2146 1318 2182 in
1341 2145 1494 2182 Italiam
1511 2157 1652 2195 quam-

269 2213 445 2265 primum
465 2214 637 2251 venirem
654 2231 667 2258 ;
699 2213 782 2264 ejus
803 2226 867 2250 me
886 2212 1009 2249 literis
1031 2210 1184 2248 venisse.
1218 2211 1327 2247 Tum
1349 2209 1415 2245 ille
1436 2208 1559 2246 edixit
1583 2209 1651 2252 ita,

271 2286 316 2315 ut
346 2291 408 2315 me
427 2279 624 2330 exciperet
643 2287 682 2316 et
711 2277 882 2315 Laelium
912 2277 1162 2315 nominatim.
1209 2273 1330 2324 Qod
1359 2272 1445 2310 sane
1474 2273 1650 2311 nollem:

271 2351 422 2393 poterat
440 2343 563 2386 enim,
594 2343 672 2381 fine
692 2343 867 2387 nomine,
898 2355 938 2379 re
958 2340 1037 2393 ipsa
1057 2339 1201 2391 excipi.
1239 2339 1277 2376 O
1299 2337 1442 2376 multas
1462 2347 1501 2376 et
1521 2351 1654 2390 graves

267 2406 500 2444 offenfiones
520 2407 527 2443 !
559 2420 654 2459 quas
674 2408 837 2460 quidem
858 2417 900 2445 tu
922 2406 986 2444 das
1008 2417 1165 2457 operam
1186 2413 1230 2442 ut
1250 2403 1399 2448 lenias,
1433 2417 1502 2440 nec
1525 2413 1654 2441 tamen

269 2471 373 2510 nihil
402 2471 588 2524 proficis:
622 2473 719 2524 quin
748 2471 825 2512 hoc
854 2472 938 2526 ipso
967 2471 1115 2510 minuis
1145 2470 1322 2510 dolorem
1350 2482 1499 2514 meum,
1529 2467 1650 2519 quod,
