2243 3008
531 226 637 265 AD
695 225 1122 264 ATTICUM
1191 227 1454 267 LIB.VI.
1611 245 1684 284 ¹57

302 336 348 365 ut
368 326 497 372 debet,
527 340 667 371 amare,
699 335 814 377 teque
843 323 1035 361 mirifice:
1069 322 1131 361 sed
1161 323 1215 361 est
1245 337 1432 376 magnum
1462 327 1562 365 illud
1590 329 1681 381 qui-

303 393 408 437 dem,
430 401 682 430 veruntamen
704 389 931 441 multiplex,
953 389 1063 441 pueri
1084 389 1288 441 ingenium
1306 409 1316 434 3
1350 405 1429 442 quo
1450 405 1522 443 ego
1543 407 1681 446 regen.-

301 458 352 495 do
372 457 496 495 habeo
518 457 665 509 negotii
687 456 789 494 satis.
836 457 1037 507 Qoniam
1067 455 1246 508 respondi
1277 456 1476 508 postrema:
1509 469 1583 497 tuae
1612 474 1681 512 pa-

299 522 400 573 ginae
420 523 547 575 prima
567 535 680 567 mea;
713 534 818 559 nunc
846 520 891 558 ad
922 521 1091 573 primam
1119 529 1283 558 revertar
1313 530 1435 559 tuam.
1483 523 1679 576 Pelopon-

299 586 416 624 nefias
442 588 617 625 civitates
650 600 785 625 omnes
819 585 1032 623 maritimas
1062 585 1148 630 effe,
1178 584 1353 623 hominis
1386 600 1464 624 non
1496 602 1680 640 nequam,

298 651 498 690 sedetiam
527 661 595 690 tuo
621 652 775 704 judicio
805 650 973 704 probati,
1006 649 1226 689 Dicaearchi
1259 651 1401 689 tabulis
1433 653 1595 693 credidi.
1643 656 1679 693 Is

295 717 433 755 multis
455 718 699 762 nominibus,
722 717 762 754 in
783 714 1066 768 Trophoniana
1086 714 1289 755 Chaeronis
1311 719 1542 764 narratione,
1566 721 1679 758 Grae-

296 796 363 820 cos
386 783 426 820 in
446 796 492 821 eo
513 783 776 835 reprehendit,
807 781 913 835 quod
943 795 1047 820 mare
1068 791 1147 820 tarn
1169 782 1289 820 secuti
1311 782 1426 828 sunt;
1460 797 1530 822 nec
1553 786 1681 824 ullum

297 849 338 886 in
374 849 640 901 Peloponneso
675 849 809 887 locum
842 847 1006 900 excipit.
1053 848 1159 886 Cum
1192 846 1296 885 mihi
1329 850 1462 886 au6t0r
1494 850 1679 902 placeret,

298 915 464 965 (etenim
496 923 576 952 erat
607 912 840 967 ἱςοξικώταιτος,
868 923 907 951 et
938 913 1085 952 vixerat
1115 914 1157 951 in
1190 913 1475 966 Peloponneso)
1510 916 1678 955 admira-

297 979 364 1017 bar
399 988 543 1025 tamen,
575 990 628 1025 et,
660 980 725 1017 vix
760 979 979 1025 accredens,
1019 980 1310 1018 communicavi
1344 993 1436 1019 cum
1472 982 1676 1034 Dionysio.

296 1046 430 1097 Atque
464 1046 495 1084 is
530 1047 660 1099 primo
693 1044 746 1083 est
779 1054 1032 1084 commotus:
1074 1045 1227 1090 deinde,
1263 1046 1370 1098 quod
1405 1056 1491 1084 tum
1526 1048 1572 1085 de
1607 1049 1679 1087 isto

295 1109 526 1148 Dicaearcho
547 1124 626 1148 non
647 1109 779 1147 minus
802 1109 900 1147 bene
919 1109 1177 1155 existimabat,
1208 1123 1326 1163 quam
1359 1119 1400 1148 tu
1433 1111 1479 1149 de
1510 1113 1558 1151 C.
1578 1113 1676 1151 Ves-

294 1175 409 1219 torio,
441 1188 514 1227 ego
545 1175 592 1212 de
612 1175 676 1213 M.
701 1174 860 1219 Cluvio,
893 1188 971 1212 non
992 1174 1211 1220 dubitabat,
1243 1175 1340 1227 quin
1361 1176 1396 1213 ei
1416 1177 1676 1217 crederemus.

293 1240 469 1278 Arcadiae
499 1240 678 1278 censebat
709 1239 780 1278 effe
815 1240 995 1292 Lepreon
1030 1240 1228 1293 quoddam
1259 1241 1532 1281 maritimum:
1565 1245 1678 1281 Tene

292 1314 438 1350 autem,
478 1315 517 1343 et
548 1305 753 1359 Aliphera,
783 1314 822 1343 et
854 1305 985 1343 Tritia
1016 1303 1158 1345 νεόκτιςω
1188 1305 1223 1343 ei
1257 1305 1516 1352 videbantur;
1557 1308 1676 1361 idque

291 1367 335 1419 τῷ
354 1366 412 1406 τῶν
433 1367 499 1406 νεῶν
517 1370 706 1419 καταλόγῳ
726 1370 999 1417 confirmabat,
1030 1370 1100 1408 ubi
1131 1371 1283 1409 mentio
1313 1385 1392 1409 non
1424 1372 1469 1410 fit
1496 1373 1674 1412 istorum.

291 1437 425 1488 Atque
445 1435 563 1474 istum
582 1449 655 1488 ego
675 1437 810 1475 locum
833 1437 999 1475 totidem
1018 1436 1146 1475 verbis
1178 1450 1198 1474 a
1230 1437 1461 1476 Dicaearcho
1482 1439 1672 1479 transtuli.

291 1500 478 1539 Phliasios
499 1510 629 1539 autem
650 1501 730 1539 dici
750 1501 934 1547 sciebam,
956 1511 994 1540 et
1014 1502 1068 1540 ita
1087 1501 1149 1539 fac
1170 1511 1214 1539 ut
1234 1502 1398 1548 habeas,
1423 1518 1491 1542 nos
1513 1506 1676 1557 quidem

290 1567 341 1605 fic
375 1565 580 1604 habemus.
627 1566 700 1603 Sed
727 1567 857 1619 primo
889 1580 952 1605 me
979 1564 1150 1612 ἀναλογία,
1179 1567 1394 1620 deceperat,
1425 1566 1532 1609 Φλιὲς,
1563 1567 1674 1610 'Orga

289 1628 394 1669 Σιπὲς
414 1650 426 1676 3
458 1630 565 1683 quod
597 1627 762 1670 ’onam-coz,
790 1628 963 1669 Σιπέντιοι.
1010 1631 1082 1668 Sed
1106 1629 1183 1669 hoc
1203 1634 1394 1671 continuo
1413 1635 1670 1675 correximus.

288 1697 429 1734 Laetari
452 1705 488 1734 te
509 1695 634 1733 nostra
654 1696 920 1735 moderatione
939 1705 978 1735 et
998 1696 1241 1735 continentia
1260 1698 1394 1736 video:
1419 1707 1505 1737 tum
1525 1700 1566 1736 id
1586 1714 1671 1738 ma-

288 1763 347 1814 gis
380 1760 539 1806 faceres,
571 1761 597 1799 s1
627 1761 796 1807 adeffes;
828 1771 943 1814 atque
977 1760 1054 1799 hoc
1088 1761 1190 1807 foro,
1222 1763 1329 1815 quod
1360 1764 1422 1816 egi
1453 1778 1500 1801 ex
1533 1764 1670 1804 Idibus

291 1827 406 1865 Febr.
431 1826 632 1865 Laodiceae
652 1826 699 1864 ad
719 1827 809 1865 Kal.
832 1814 959 1864 Maias
980 1826 1162 1864 omnium
1183 1827 1421 1874 dioecefium,
1439 1838 1576 1882 praeter
1597 1831 1670 1869 Ci-

289 1893 402 1938 1iciae,
434 1892 629 1930 mirabilia
648 1892 826 1945 quaedam
852 1892 1083 1930 effecimus:
1116 1892 1170 1930 ita
1195 1893 1331 1932 multae
1357 1894 1533 1933 civitates
1560 1897 1672 1934 omni

288 1972 359 1996 aere
379 1957 505 1996 alieno
526 1958 710 2003 liberatae,
733 1958 868 1997 multae
888 1957 998 1996 valde
1018 1957 1150 1996 levatae
1171 1957 1281 1996 sunt:
1314 1973 1449 1997 omnes
1471 1960 1546 1998 suis
1567 1961 1668 2013 legi-

287 2024 359 2062 bus
379 2032 417 2062 et
432 2023 596 2076 judiciis
617 2023 706 2069 usae,
722 2020 909 2072 οιὺτονομίοιν
926 2023 1088 2076 adeptae,
1105 2023 1344 2063 revixerunt.
1376 2025 1454 2063 His
1475 2039 1547 2077 ego
1567 2026 1667 2065 duo—

286 2089 359 2127 bus
380 2088 587 2141 generibus
608 2088 837 2127 facultatem
857 2088 904 2126 ad
925 2088 961 2126 se
980 2101 1051 2126 aere
1066 2088 1194 2127 alieno
1214 2089 1430 2128 liberandas
1446 2100 1512 2129 aut
1533 2091 1666 2130 levan-

283 2154 349 2193 das
370 2154 459 2192 dedi
475 2173 487 2200 ς
520 2168 614 2200 uno,
644 2153 751 2207 quod
782 2153 947 2192 omnino
976 2153 1109 2192 nullus
1130 2154 1172 2192 in
1192 2154 1359 2207 imperio
1378 2169 1467 2193 meo
1488 2155 1665 2208 sumptus

285 2219 407 2258 faetus
428 2219 508 2258 est:
542 2219 698 2258 nullum
719 2233 812 2258 cum
832 2218 936 2265 dico,
972 2209 1057 2258 non·
1072 2219 1214 2272 loquor
1242 2215 1483 2269 ὑπὲρζολικῶςς
1514 2221 1663 2267 nullus,

285 2285 461 2336 inquam,
494 2299 541 2323 ne
573 2286 766 2323 teruntius
796 2284 986 2337 quidem:
1018 2284 1091 2323 hac
1120 2293 1251 2323 autem
1281 2298 1320 2322 re
1349 2284 1580 2324 incredibile
1611 2287 1664 2325 est

286 2358 478 2401 quantum
497 2351 672 2389 civitates
697 2350 936 2390 emerserint.
982 2349 1152 2389 Acceffit
1177 2350 1321 2388 altera:
1354 2350 1452 2388 mira
1483 2361 1590 2390 erant
1620 2353 1663 2391 in

284 2414 509 2453 civitatibus
529 2415 702 2466 ipsorum
722 2415 827 2455 furta
842 2417 1088 2462 Graecorum,
1106 2429 1192 2469 quae
1212 2415 1456 2468 magistratus
1477 2416 1535 2454 sui
1554 2416 1660 2455 fece-

284 2488 368 2517 rant
386 2494 395 2519 :
427 2478 583 2532 quaefivi
603 2479 681 2531 ipse
701 2480 747 2520 de
767 2481 831 2528 iis,
861 2481 931 2534 qui
951 2481 1061 2521 annis
1083 2480 1217 2520 decem
1239 2481 1429 2535 proximis
1459 2481 1661 2534 magistra-
