2243 3008
473 277 579 315 AD
637 276 1068 314 ATTICUM
1135 278 1443 319 LIB.X111.
1574 296 1649 335 377

268 372 351 410 dari
380 373 578 412 Varroni?
609 374 742 411 Etiam
763 386 883 418 nunc,
916 374 942 411 fi
963 373 1133 419 dubitas,
1164 373 1226 412 fac
1248 384 1291 413 ut
1321 376 1512 415 sciamus:
1547 378 1648 415 nihil

267 437 321 474 est
341 438 446 476 enim
467 439 547 476 illis
567 438 799 490 elegantius.
837 439 942 476 Volo
963 440 1194 484 Varronem,
1226 440 1437 492 praesertim
1468 455 1559 479 cum
1581 443 1648 481 ille

267 501 450 539 defideret
468 517 477 540 z
510 502 573 540 sed
593 502 660 547 est,
693 513 735 540 ut
756 503 843 548 scis,

404 562 506 603 Δεινὸς
523 562 605 616 ἀνήρ·
635 563 735 610 τάχα.
754 579 806 602 κεν
826 565 853 620 ,ἐ
872 561 1010 601 ἁναάτιον
1027 564 1182 615 οιὶτιίῳπ,

268 628 327 666 Ita
347 627 447 666 mihi
469 629 564 681 saepe
584 630 757 667 occurrit
777 630 908 668 vultus
929 631 1027 682 ejus,
1058 631 1256 682 querentis
1287 631 1440 669 fortaffe
1464 632 1524 669 vel
1557 632 1647 677 hoc,

267 707 370 731 meas
401 703 526 745 partes
559 695 597 731 in
632 695 678 732 iis
711 695 822 732 libris
854 695 1045 747 copiosius
1076 694 1247 734 defensas
1280 696 1366 741 ess‘e,
1398 711 1516 748 quam
1539 698 1648 740 suas;

267 759 373 810 quod
395 758 618 796 mehercule
639 773 715 796 non
738 759 809 796 effe
836 759 1048 811 intelliges,
1080 760 1105 797 fi
1138 761 1294 813 quando
1324 763 1363 799 in
1394 763 1561 813 Epirum
1583 776 1649 799 ve-

269 824 370 862 neris
390 839 398 862 :
433 837 521 861 nam
544 838 649 862 nunc
670 825 875 862 Alexionis
897 824 1068 876 epistolis
1089 826 1281 864 cedimus.
1328 826 1399 864 Sed
1431 836 1557 864 tamen
1579 840 1652 878 ego

269 902 346 926 non
370 888 527 941 despero
547 889 757 940 probatum
778 889 825 926 iri
847 890 1009 926 Varroni
1028 908 1040 934 ς
1072 899 1110 927 et
1131 890 1185 936 id,
1217 892 1404 943 quoniam
1434 891 1651 943 impensam

269 952 437 991 fecimus
458 954 498 990 in
521 953 769 998 macrocolla‚
800 953 915 991 facile
945 955 1072 1006 patior
1099 955 1235 993 teneri.
1283 955 1355 993 Sed
1386 956 1503 993 etiam
1537 954 1655 1007 atque

268 1019 386 1056 etiam
407 1018 510 1061 dico,
543 1028 611 1056 tuo
632 1019 807 1070 periculo
827 1019 908 1057 fiet.
941 1020 1086 1070 Qare,
1117 1020 1143 1057 fi
1165 1020 1383 1064 addubitas,
1415 1020 1461 1057 ad
1484 1022 1650 1059 Brutum

271 1083 534 1121 transeamus:
567 1083 620 1120 est
651 1084 757 1120 enim
788 1084 819 1121 is
849 1097 1006 1136 quoque
1038 1083 1293 1123 Antiochius.
1339 1086 1375 1122 O
1398 1085 1651 1123 Academiam

269 1149 491 1192 volaticam,
523 1156 561 1184 et
582 1147 638 1184 sui
660 1148 842 1193 fimilem,
873 1148 992 1186 modo
1013 1147 1106 1193 huc,
1137 1149 1256 1187 modo
1277 1149 1388 1187 illuc.
1424 1149 1511 1193 Sed,
1543 1163 1652 1201 quae-

268 1213 322 1257 so,
354 1212 513 1265 epistola
543 1225 627 1249 mea
657 1212 703 1249 ad
736 1213 952 1251 Varronem
978 1213 1138 1251 valdene
1160 1214 1233 1251 tibi
1254 1214 1433 1266 placuit?
1466 1214 1575 1251 Male
1595 1214 1652 1251 mi

269 1277 329 1322 fit,
361 1277 386 1314 fi
409 1290 582 1328 unquam
604 1276 820 1328 quidquam
842 1287 921 1315 tam
954 1278 1076 1315 enitar
1103 1272 1193 1328 ἔργον.
1238 1279 1293 1315 At
1325 1291 1397 1329 ego
1430 1291 1477 1315 ne
1509 1278 1652 1315 Tironi

269 1342 430 1395 quidem
452 1342 607 1386 dictavi,
629 1342 698 1393 qui
720 1351 818 1380 totas
839 1339 1002 1387 περιοχὰς
1022 1341 1198 1394 persequi
1221 1342 1330 1387 solet,
1359 1343 1422 1380 scd
1444 1342 1653 1395 Spintharo

269 1407 503 1459 syllabatim.

607 1607 849 1645 C1czRo
891 1608 1143 1645 ATTlco
1186 1609 1315 1647 SAL.

271 1734 425 1774 XXVI.
451 1731 528 1806 D
544 1734 578 1772 E
609 1733 771 1786 Virgilii
791 1742 898 1786 parte
918 1734 1027 1772 valde
1048 1734 1186 1787 probo.
1231 1735 1293 1773 Sic
1319 1748 1405 1786 ages
1435 1734 1582 1786 igitur:
1614 1746 1653 1773 et

546 1797 707 1850 quidem
728 1797 769 1835 id
787 1797 860 1835 erit
881 1799 1076 1850 primum3
1101 1799 1328 1850 proximum
1350 1799 1522 1837 Clodiae:
1547 1799 1653 1851 quod

271 1865 297 1903 fi
317 1873 518 1909 neutrum,
549 1872 684 1901 metuo
705 1876 752 1901 ne
773 1863 945 1908 turbem,
975 1873 1014 1902 et
1034 1863 1179 1901 irruam
1201 1864 1239 1901 in
1264 1864 1452 1902 Drusum.
1499 1864 1651 1901 Intem-

269 1941 405 1982 perans
439 1928 523 1966 sum
554 1928 594 1966 in
625 1928 708 1980 ejus
740 1927 794 1965 rei
829 1927 1058 1980 cupiditate,
1103 1941 1221 1979 quam
1257 1928 1382 1966 nosti:
1430 1929 1561 1980 itaque
1591 1941 1651 1966 re-

270 1993 405 2033 volvor
424 1993 640 2032 identidem
660 1993 701 2030 in
723 1991 994 2031 Tusculanum
1012 2011 1024 2038 ;
1056 1992 1211 2044 quidvis
1231 1994 1338 2031 enim
1358 1994 1506 2046 potius,
1535 2006 1655 2045 quam

271 2070 315 2097 ut
336 2072 415 2096 non
444 2058 518 2097 hac
549 2057 673 2096 aestate
703 2057 937 2096 absolvatur.
983 2059 1087 2110 Ego,
1119 2067 1162 2095 ut
1194 2067 1350 2111 tempus
1382 2058 1434 2095 est
1463 2057 1653 2102 nostrum,

272 2123 406 2162 locum
426 2123 552 2161 habeo
572 2122 744 2167 nullum,
775 2122 845 2160 ubi
874 2121 1030 2161 facilius
1061 2122 1134 2161 effe
1167 2123 1318 2175 poffim,
1349 2136 1467 2174 quam
1489 2122 1652 2159 Asturae.

273 2188 345 2227 Sed
365 2189 457 2241 quia
476 2188 545 2240 qui
565 2201 723 2225 mecum
755 2187 844 2225 sunt
873 2187 1022 2240 (credo,
1053 2187 1160 2240 quod
1181 2187 1406 2225 moestitiam
1427 2199 1551 2223 meam
1574 2199 1652 2224 non

272 2252 422 2303 ferunt)
452 2253 615 2291 domum
643 2262 878 2305 properant5
911 2253 976 2291 etsi
998 2263 1172 2305 poteram
1193 2265 1402 2296 remanere,
1435 2261 1578 2296 tamen,
1610 2260 1655 2289 ut

273 2317 402 2370 scripfi
424 2318 514 2363 tibi,
545 2317 765 2370 proficiscar
785 2317 895 2363 hinc,
928 2332 975 2355 ne
1007 2318 1163 2355 relictus
1191 2317 1333 2354 videar.
1377 2318 1470 2368 Qo
1490 2317 1654 2354 autem?

273 2383 529 2423 Lanuvium?
563 2384 697 2421 Conor
726 2384 910 2436 equidem
943 2385 984 2421 in
1018 2382 1320 2427 Tusculanum;
1352 2381 1414 2420 sed
1444 2381 1585 2420 faciam
1619 2391 1656 2419 te

272 2450 400 2488 statim
422 2449 644 2486 certiorem.
667 2450 733 2486 Tu
754 2449 882 2489 literas
905 2448 1104 2487 conficies.
1137 2448 1351 2500 Equidem,
1369 2447 1555 2486 credibile
1577 2460 1654 2485 non

270 2515 339 2560 est,
371 2523 562 2566 quantum
586 2512 751 2551 scribam
782 2514 859 2558 die,
890 2515 989 2566 quin
1020 2515 1138 2552 etiam
1171 2513 1380 2551 noctibus:
1414 2512 1515 2550 nihil
1547 2512 1653 2549 enim

355 2582 487 2618 Tom.
520 2579 636 2617 VIII.
1215 2579 1244 2615 B
1276 2578 1300 2615 b
1331 2577 1356 2615 b
