2243 3008
438 259 532 310 ‚148
812 253 1498 297 EPISTOLARUM

459 360 504 398 fit
543 372 636 397 cum
674 357 755 396 ulla
791 356 900 396 illius
939 356 1212 402 contumelia,
1253 354 1531 394 tantummodo
1569 352 1846 393 diffimilitudo

461 438 555 463 meae
577 423 736 462 rationis
757 421 923 461 offendit
949 420 1170 459 hominem.
1217 420 1328 472 Qid
1361 420 1468 458 enim
1503 418 1628 473 potest
1658 418 1730 457 effe
1765 427 1846 457 tam

462 489 659 534 diffimile,
689 501 807 542 quam
838 487 909 525 illo
935 487 1168 540 imperante,
1197 485 1422 524 exhaustam
1452 486 1524 525 esse
1554 485 1776 539 sumptibus
1809 492 1848 521 et

456 556 618 608 jacturis
649 553 921 607 provinciam;
953 553 1068 590 nobis
1095 565 1179 590 eam
1200 551 1490 596 obtinentibus,
1522 564 1734 589 nummum
1755 549 1848 588 nul-

464 620 547 658 lum
569 620 640 658 effe
661 628 864 671 erogatum
885 631 956 656 nec
977 617 1176 670 privatim,
1208 630 1279 655 nec
1300 616 1489 669 publice?
1522 615 1632 668 Qid
1653 615 1783 653 dicam
1803 613 1852 652 de

465 686 573 724 illius
594 684 785 738 praefetftis
805 685 817 721 ?
849 682 1063 721 comitibus
1081 683 1094 720 ?
1125 683 1292 734 legatis?
1314 681 1433 720 etiarn
1454 680 1500 719 de
1521 680 1666 733 rapinis
1685 681 1698 717 ?
1730 679 1777 718 de
1798 679 1850 717 li-

466 751 701 788 bidinibus?
733 748 781 786 de
813 747 1101 787 contumeliis?
1131 748 1256 786 Nunc
1289 755 1421 785 autem
1452 745 1593 784 domus
1628 743 1855 783 mehercule

467 817 576 854 nulla
599 825 707 854 tanto
727 814 904 859 consilio,
936 823 1001 852 aut
1023 822 1128 851 tanta
1148 812 1370 865 disciplina,
1401 811 1655 864 gubernatur,
1686 819 1753 848 aut
1774 818 1856 847 tarn

467 879 637 920 modesta
657 880 726 925 est,
757 893 876 932 quam
898 879 1024 917 nostra
1044 887 1125 916 tota
1144 878 1360 931 provincia.
1393 877 1510 915 Hanc
1532 875 1716 914 nonnulli
1736 874 1855 913 amici

469 947 591 999 Appii
614 945 777 983 ridicule
798 945 1102 997 interpretantur
1117 961 1129 988 ;
1161 943 1232 996 qui
1252 955 1315 980 me
1335 941 1484 980 idcirco
1503 950 1645 995 putent
1665 940 1765 978 bene
1783 953 1855 978 au-

469 1012 551 1049 dire
572 1011 686 1055 velle,
717 1019 761 1047 ut
781 1009 850 1046 ille
870 1009 971 1046 male
991 1007 1137 1053 audiat,
1167 1016 1207 1045 et
1231 1008 1331 1045 reete
1351 1005 1477 1045 facere
1498 1019 1576 1045 non
1597 1019 1692 1044 meae
1713 1005 1857 1051 laudis,

470 1077 533 1116 sed
554 1077 662 1114 illius
684 1075 950 1120 contumeliae,
968 1073 1092 1112 causa.
1126 1074 1193 1112 Sin
1217 1074 1386 1127 Appius,
1404 1082 1448 1111 ut
1470 1073 1583 1112 Bruti
1603 1072 1740 1117 literae,
1761 1084 1859 1124 quas

470 1143 516 1181 ad
539 1153 575 1181 te
596 1142 696 1187 misi,
728 1140 1012 1194 significabant,
1043 1140 1184 1193 gratias
1205 1140 1320 1178 nobis
1341 1139 1437 1192 agit,
1469 1153 1547 1178 non
1569 1138 1728 1177 moleste
1748 1136 1857 1176 fero:

473 1208 534 1247 sed
556 1218 684 1246 tamen
705 1221 751 1245 eo
771 1206 855 1259 ipso
874 1205 951 1251 die,
982 1219 1063 1258 quo
1083 1204 1166 1244 haec
1186 1213 1275 1243 ante
1294 1205 1425 1243 lucem
1447 1204 1678 1249 scribebam,
1707 1203 1859 1255 cogita-

474 1275 563 1312 bam
584 1275 666 1326 ejus
689 1272 829 1316 multa,
855 1272 991 1324 inique
1011 1271 1222 1310 constituta
1241 1280 1279 1309 et
1299 1272 1395 1316 acta,
1419 1270 1568 1309 tollere.
1601 1269 1724 1309 Nunc
1746 1269 1862 1306 venio

473 1339 520 1377 ad
556 1341 739 1382 Brutum,
770 1351 889 1390 quem
924 1351 997 1390 ego
1030 1337 1141 1375 omni
1176 1336 1317 1382 studio,
1355 1346 1392 1375 te
1426 1337 1595 1381 auctore,
1626 1335 1711 1373 sum
1746 1347 1859 1373 com-

475 1404 614 1457 plexus
633 1419 642 1442 :
674 1416 792 1455 quem
813 1403 932 1440 etiam
952 1415 1078 1440 amare
1098 1413 1293 1455 coeperam
1311 1417 1320 1440 :
1354 1400 1416 1439 sed
1441 1431 1450 1440 .
1469 1431 1478 1440 .
1500 1431 1509 1439 .
1532 1400 1622 1439 dico
1641 1401 1653 1438 ?
1686 1399 1862 1438 revocavi

476 1483 554 1514 me,
588 1482 635 1507 ne
655 1478 693 1506 te
713 1467 966 1506 offenderem.
1014 1467 1114 1506 Noli
1140 1468 1248 1505 enim
1274 1475 1423 1520 putare,
1456 1479 1519 1504 me
1539 1467 1754 1518 quicquam
1775 1478 1862 1503 ma-

476 1534 601 1579 luisse,
634 1546 767 1586 quam,
800 1542 844 1571 ut
864 1532 1021 1570 mandat
1043 1533 1091 1577 is,
1122 1531 1275 1577 facere5
1308 1545 1379 1570 nec
1407 1531 1488 1568 ulla
1507 1530 1554 1568 de
1581 1543 1620 1568 re
1641 1530 1729 1583 plus
1751 1530 1863 1568 labo-

478 1600 582 1639 rafl‘e.
629 1598 910 1637 Mandatorum
932 1607 1062 1636 autem
1085 1597 1185 1636 mihi
1207 1597 1390 1636 libellum
1411 1596 1518 1635 dedit
1536 1615 1546 1641 ;
1578 1596 1796 1649 iisdemque
1817 1595 1866 1634 de

478 1667 592 1704 rebus
614 1674 654 1702 tu
678 1677 834 1702 mecum
856 1677 984 1715 egeras
1004 1678 1013 1701 z
1045 1663 1179 1701 omnia
1205 1662 1290 1700 sum
1312 1661 1605 1714 diligentissime
1626 1661 1865 1715 persecutus.

480 1731 660 1769 Primum
691 1729 739 1766 ab
771 1728 1037 1767 Ariobarzane
1068 1729 1118 1766 sic
1148 1727 1350 1772 contendi,
1382 1737 1426 1765 ut
1456 1727 1614 1772 talenta,
1646 1740 1733 1779 quae
1764 1725 1865 1764 mihi

481 1795 756 1848 pollicebatur,
785 1793 844 1831 illi
866 1793 986 1831 daret.
1031 1792 1172 1845 Qoad
1195 1806 1352 1830 mecum
1375 1805 1440 1829 rex
1461 1789 1553 1836 fuit,
1582 1791 1758 1843 perbono
1777 1791 1868 1829 loco

482 1875 539 1899 res
560 1870 638 1898 erat
658 1875 666 1898 :
698 1858 782 1914 post
802 1872 823 1896 a
846 1859 1022 1911 Pompeii
1047 1858 1363 1911 procuratoribus
1385 1857 1576 1895 sexcentis
1603 1857 1728 1909 premi
1755 1870 1867 1909 εωρ-

483 1937 545 1964 tus
566 1925 634 1963 est.
687 1923 897 1976 Pompeius
926 1933 1056 1961 autem
1084 1937 1178 1962 cum
1204 1923 1256 1962 ob
1283 1932 1437 1961 caeteras
1467 1922 1596 1960 causas
1625 1922 1714 1974 plus
1743 1921 1868 1974 potest

483 2005 600 2035 unus,
632 2003 751 2042 quam
772 1989 900 2027 caeteri
922 2002 1073 2033 omnes,
1106 1998 1191 2026 tum
1213 1988 1319 2040 quod
1342 1996 1501 2040 putatur
1519 1987 1566 2025 ad
1595 1987 1745 2026 bellum
1776 1988 1868 2025 Par-

486 2057 641 2096 thicum
666 2055 738 2093 effe
759 2063 961 2092 venturus.
1008 2055 1056 2093 Ei
1089 2063 1217 2092 tamen
1250 2053 1300 2092 sie
1333 2066 1438 2091 nunc
1470 2053 1645 2098 solvitur,
1677 2054 1872 2091 tricefimo

485 2135 644 2175 quoque
664 2120 726 2158 die
748 2119 891 2158 talenta
913 2121 1047 2158 Attica
1069 2133 1240 2164 xxxin,
1271 2129 1309 2157 et
1336 2118 1412 2158 hoc
1433 2132 1480 2157 ex
1510 2119 1668 2157 tributis
1687 2134 1696 2157 ι
1731 2131 1801 2157 nec
1833 2119 1871 2156 id

489 2188 575 2226 satis
601 2185 772 2225 efficitur
801 2185 841 2223 in
873 2184 1025 2224 usuram
1059 2185 1309 2223 menstruam.
1356 2184 1428 2222 Sed
1460 2186 1602 2223 Cnaeus
1633 2183 1758 2222 noster
1789 2184 1871 2222 cle-

490 2263 640 2291 menter
668 2250 707 2289 id
737 2249 840 2289 fert:
874 2250 973 2289 sorte
1004 2261 1134 2295 caret;
1168 2250 1293 2295 usura,
1326 2263 1398 2288 nec
1425 2263 1468 2288 ea
1498 2249 1632 2293 solida,
1663 2258 1873 2287 contentus

489 2319 556 2357 est.
605 2317 685 2355 Alii
719 2330 843 2368 neque
876 2316 990 2354 solvit
1019 2317 1220 2369 cuiquam,
1254 2330 1323 2354 nec
1357 2315 1478 2368 potest
1512 2315 1682 2365 solvere:
1717 2315 1874 2353 nullum

490 2383 597 2422 enim
619 2381 810 2426 aerarium,
841 2381 998 2420 nullum
1018 2382 1197 2434 vessigal,
1221 2381 1351 2419 habet.
1385 2381 1506 2434 Appii
1529 2380 1707 2418 instituto
1729 2380 1876 2418 tributa

494 2451 684 2501 imperat:
717 2460 761 2484 ea
792 2447 871 2491 vix.
904 2447 942 2484 in
977 2446 1105 2485 foenus
1140 2447 1316 2499 Pompeii
1346 2447 1454 2499 quod
1483 2447 1568 2484 satis
1591 2447 1649 2492 fit,
1681 2446 1874 2484 efficiunt.

497 2513 627 2553 Amici
668 2512 766 2566 regis
805 2512 884 2552 duo
920 2512 1038 2552 tresve
1073 2513 1281 2566 perdivites
1319 2513 1437 2553 sunt:
1486 2512 1547 2552 sed
1586 2512 1615 2552 ii
1650 2511 1762 2551 suum
1798 2522 1877 2551 tam
