2243 3008
471 214 546 268 298
816 214 1500 254 EPISTOLARUM

811 449 1051 486 CxcERo
1094 447 1349 485 ATT1co
1392 448 1523 487 SAL.

473 577 545 615 IV.
571 575 687 649 AC
704 577 736 614 C
752 576 784 614 E
802 576 861 615 ΡΙ
890 575 938 614 ab
959 574 1104 614 Ifidoro
1124 573 1270 617 literas,
1301 581 1340 610 et
1360 572 1488 625 postea
1505 573 1612 611 datas
1632 574 1756 614 binas.
1790 575 1853 614 Ex

679 643 870 695 proximis
891 640 1059 693 cognovi
1079 639 1221 691 praedia
1241 652 1319 676 non
1341 637 1503 676 veniffe:
1526 639 1676 678 videbis
1697 654 1790 692 ergo
1809 650 1854 679 ut

473 707 703 746 sustentetur
723 721 790 759 per
811 717 861 745 te.
909 707 971 744 De
1002 704 1210 749 Frusmati,
1241 704 1267 742 s1
1297 703 1417 746 modo
1447 703 1573 742 futuri
1603 704 1751 750 sumus,
1780 707 1859 745 erit.

472 773 572 811 mihi
593 786 650 810 res
671 781 905 824 opportuna.
937 771 1048 809 Meas
1070 770 1198 808 literas
1220 770 1327 822 quod
1348 769 1528 822 requiris,
1549 769 1745 822 impedior
1765 770 1854 808 ino·-

472 839 535 890 pia
556 850 698 882 rerum,
730 850 824 889 quas
855 837 982 875 nullas
1012 836 1137 874 habeo
1166 836 1289 874 literis
1319 836 1484 888 dignas;
1516 836 1664 888 quippe
1690 836 1756 874 cui
1784 849 1862 874 nec,

471 917 558 955 quae
577 903 774 946 accidunt,
806 915 878 940 nec
897 916 985 954 quae
1004 910 1188 953 aguntur,
1220 900 1304 938 ullo
1335 900 1455 939 modo
1485 900 1715 953 probentur.
1760 901 1856 939 Uti-

472 980 560 1006 nam
582 980 713 1006 coram
734 977 865 1005 tecum
886 967 984 1005 olim
1004 967 1152 1020 potius,
1183 979 1302 1018 quam
1332 979 1400 1018 per
1419 966 1614 1018 epistolas.
1660 967 1742 1005 Hic
1775 975 1855 1011 tua,

471 1042 515 1070 nt
535 1033 701 1085 poffum,
733 1041 844 1070 tueor
869 1031 972 1084 apud
1001 1030 1088 1070 hos.
1135 1032 1285 1069 Caetera
1316 1031 1445 1070 Celer.
1493 1031 1578 1084 Ipse
1607 1030 1696 1084 fugi
1726 1030 1856 1069 adhuc

470 1111 587 1136 omne
608 1110 768 1143 munus,
798 1110 845 1136 eo
869 1098 1008 1150 magis,
1039 1096 1147 1150 quod
1176 1097 1231 1134 ita
1259 1095 1362 1134 nihil
1391 1105 1543 1149 poterat
1571 1097 1649 1149 agi,
1681 1105 1725 1135 ut
1753 1095 1859 1136 mihi.

470 1173 507 1201 et
529 1163 626 1201 meis
647 1162 762 1200 rebus
783 1172 920 1216 aptum
939 1163 1044 1202 esset.
1088 1161 1199 1214 Qid
1230 1161 1276 1200 fit
1295 1161 1446 1214 gestum
1467 1163 1574 1207 novi,
1605 1162 1746 1214 quaeris
1765 1176 1775 1200 :
1807 1175 1856 1200 ex

471 1228 616 1266 Isidoro
637 1227 732 1266 scire
752 1229 897 1280 poteris
914 1243 923 1267 :
955 1229 1106 1281 reliqua
1124 1240 1203 1266 non
1224 1227 1406 1266 videntur
1425 1227 1498 1266 effe
1517 1226 1754 1265 difficiliora.
1786 1228 1856 1266 Tu

469 1293 510 1331 id
544 1293 678 1338 velim,
708 1294 814 1345 quod
848 1293 920 1332 scis
955 1307 1019 1332 me
1047 1293 1220 1332 maxime
1246 1292 1362 1338 velle,
1391 1305 1518 1338 cures,
1549 1301 1594 1331 ut
1626 1292 1778 1337 scribis,
1809 1302 1856 1331 ut

470 1358 582 1397 facis.
627 1359 701 1397 Me
719 1359 882 1397 con-ficit
902 1358 1142 1403 sollicitudo,
1171 1369 1220 1396 ex
1239 1370 1317 1410 qua
1334 1358 1453 1396 etiam
1474 1357 1627 1396 summa
1645 1357 1854 1396 infirmitas

471 1424 675 1477 corporis;
705 1438 784 1477 qua
812 1425 950 1470 levata,
981 1438 1047 1463 ero
1079 1437 1158 1463 una
1188 1437 1283 1462 cum
1317 1437 1364 1462 eo
1396 1424 1465 1476 qui
1502 1425 1707 1476 negotium
1736 1424 1852 1476 gerit,

468 1489 602 1542 estque
621 1491 662 1528 in
683 1489 747 1542 spe
767 1503 921 1543 magna.
968 1491 1112 1528 Brutus
1141 1490 1290 1527 amicus
1318 1489 1359 1527 in
1380 1489 1491 1527 causa
1508 1489 1679 1527 versatur
1698 1490 1852 1527 acriter.

468 1556 670 1593 Hactenus
692 1554 784 1600 fuit,
815 1554 923 1608 quod
942 1563 1055 1593 caute
1074 1567 1095 1592 a
1114 1567 1178 1592 me
1199 1553 1315 1592 scribi
1335 1553 1472 1606 posset.
1513 1553 1624 1592 Vale.
1671 1554 1734 1592 De
1754 1567 1858 1606 pen-

468 1621 572 1658 fione
591 1620 722 1665 altera,
752 1633 822 1658 oro
843 1630 896 1666 te,
925 1621 1037 1658 omni
1065 1632 1158 1658 cura
1186 1619 1382 1658 confidem
1410 1619 1508 1673 quid
1536 1619 1762 1658 faciendum
1793 1619 1853 1664 fit,

468 1692 512 1723 ut
532 1684 661 1739 scripsi
681 1685 730 1724 iis
751 1685 889 1731 literis,
920 1697 1015 1738 quas
1038 1684 1174 1723 Pollex
1196 1684 1304 1723 tulit.

808 1885 1049 1923 emmo
1093 1885 1349 1923 ATT1co
1391 1885 1521 1922 SAx..

471 2013 520 2050 V.
626 2012 716 2050 UAE
747 2024 812 2049 me
835 2011 956 2050 causae
986 2012 1195 2055 moverint,
1225 2024 1344 2063 quum
1372 2011 1532 2055 acerbas,
1564 2024 1681 2065 quam
1703 2025 1852 2063 graves,

641 2090 759 2131 quam
781 2089 902 2122 novae,
920 2077 1198 2129 coegerintque
1220 2077 1369 2129 impetu
1392 2078 1515 2128 magis
1535 2077 1707 2130 quodam
1729 2077 1851 2114 animi

469 2143 541 2188 uti,
572 2155 691 2195 quam
723 2142 976 2194 cogitatione,
1009 2155 1086 2179 non
1119 2141 1268 2193 poffum
1298 2141 1343 2179 ad
1366 2152 1403 2179 tc
1426 2142 1501 2179 fine
1523 2144 1698 2180 maximo
1718 2142 1852 2180 dolore

468 2209 644 2246 scribere.
679 2208 855 2246 Fuerunt
875 2207 1035 2260 quidem
1059 2216 1187 2250 tantm.
1212 2217 1254 2245 ut
1277 2207 1329 2250 id,
1353 2207 1458 2260 quod
1480 2207 1600 2251 vich,
1631 2207 1847 2245 effecerint.

471 2277 606 2326 ltaque
627 2288 695 2312 nec
716 2273 812 2325 quid
833 2274 879 2311 ad
909 2283 946 2311 te
978 2273 1141 2311 scribam
1172 2273 1217 2310 dc
1249 2275 1345 2310 meis
1377 2274 1505 2317 rebus,
1539 2287 1607 2311 nec
1638 2274 1733 2326 quid
1764 2287 1783 2310 a
1814 2284 1851 2311 tc

468 2350 612 2392 petam,
645 2339 806 2391 repe-rin.
852 2339 952 2377 Rem
974 2349 1010 2377 et
1034 2339 1224 2377 siunmam
1249 2340 1393 2389 negotii
1416 2339 1536 2376 vides.
1586 2338 1781 2390 liquidem
1803 2353 1850 2376 cx

467 2406 544 2443 tuis
567 2404 687 2442 literis
711 2404 903 2448 intellexi,
934 2414 971 2442 ct
1004 2405 1065 2448 iis,
1097 2417 1190 2456 quas
1221 2405 1486 2441 communiter
1507 2418 1597 2441 cum
1619 2403 1703 2441 alii<
1728 2403 1849 2455 scrip-

467 2472 556 2517 listi,
577 2481 615 2509 ct
638 2471 699 2515 iis,
722 2483 816 2522 quas
839 2479 906 2509 tuo
928 2470 1102 2515 nominc,
1125 2470 1230 2522 quod
1252 2470 1368 2508 ctiam
1392 2484 1474 2507 mea
1499 2470 1631 2522 sponte
1654 2470 1848 2513 videbam.

2227 2908 2243 3008 -..ι-ι
2222 2804 2243 2901 Q-.—⁴
2238 2743 2243 2785 —.
2238 2646 2243 2728 *-
