2243 3008
612 276 719 314 AD
778 271 1210 312 ATT1cUM
1279 272 1505 313 L113.1.
1703 288 1752 329 27

366 374 477 419 velis,
508 385 619 411 cures
641 381 684 410 ut
712 372 846 410 sciam.
890 372 979 423 Jam
1001 371 1101 409 illud
1122 371 1291 409 modeste
1312 384 1422 423 rogO,
1453 373 1560 425 quod
1581 374 1750 413 maxime

364 440 497 492 cupio,
528 447 573 477 ut
593 438 890 491 quamprimum
911 437 1057 476 venias.
1089 437 1219 476 Nonis
1243 437 1436 476 Decemb.

701 640 942 677 CICERO
983 637 1239 675 ATtho
1281 637 1411 675 SAL.

362 766 520 805 XVIII.
546 764 720 838 NIH
735 766 754 804 1
768 766 802 804 L
833 765 934 805 mihi
965 778 1071 803 nunc
1099 764 1196 803 scito
1218 773 1296 802 tam
1317 764 1452 811 deesse,
1475 779 1592 818 quam
1611 766 1746 805 homi-

662 845 754 869 nem
775 845 880 877 eum,
912 830 1101 884 qui-cum
1126 830 1274 874 omnia,
1305 843 1390 882 quae
1419 845 1482 869 me
1502 844 1594 869 cura
1618 831 1747 883 aliqua

362 897 555 942 afficiunt,
573 910 650 935 una
668 897 987 936 communicem:
1010 896 1080 948 qui
1101 909 1164 933 me
1180 904 1297 940 amet,
1319 896 1389 948 qui
1409 896 1542 949 sapiat,
1559 897 1747 948 qui—cum

362 976 435 1014 ego
455 962 673 1015 colloquar,
704 961 806 1000 nihil
828 962 990 1016 fingam,
1017 960 1119 999 nihil
1141 961 1392 1007 diffimulem,
1424 961 1525 1000 nihil
1546 963 1744 1014 obtegam.

362 1028 483 1066 Abest
513 1028 620 1066 enim
653 1027 771 1065 frater
802 1023 997 1074 ἀφελέςεῖῙος
1026 1036 1065 1065 et
1096 1026 1392 1066 amantiffimus.
1440 1028 1631 1066 Metellus
1667 1041 1747 1066 non

362 1092 499 1138 homo,
536 1093 599 1131 sed
620 1093 748 1137 littus,
779 1101 897 1144 atque
916 1105 992 1137 aer,
1022 1102 1060 1130 et
1082 1092 1251 1130 solitudo
1271 1106 1402 1131 mera:
1436 1102 1479 1132 tu
1499 1103 1646 1139 autem,
1677 1093 1746 1145 qui

362 1157 562 1210 saepiffime
581 1170 715 1195 curam
735 1166 775 1195 et
794 1169 980 1208 angorem
1001 1157 1121 1194 animi
1143 1157 1221 1194 mei
1242 1157 1418 1195 sermone
1436 1168 1474 1195 et
1499 1158 1660 1196 consilio
1689 1159 1745 1196 le-

360 1222 454 1260 vasti
475 1232 544 1261 tuo
559 1241 572 1267 ;
604 1222 674 1274 qui
695 1221 796 1261 mihi
815 1230 854 1259 et
873 1222 915 1259 in
938 1221 1098 1273 publica
1118 1235 1157 1259 re
1177 1220 1318 1266 socius,
1349 1231 1388 1260 et
1416 1222 1456 1260 in
1478 1223 1636 1274 privatis
1657 1237 1745 1261 om—

364 1288 482 1326 nibus
502 1287 697 1332 conscius,
728 1296 767 1326 et
787 1287 970 1326 omnium
991 1300 1171 1325 meorum
1193 1286 1416 1325 sermonum
1436 1297 1475 1325 et
1495 1288 1746 1326 confiliorum

362 1354 572 1407 particeps,
603 1353 675 1391 effe
695 1353 807 1398 soles,
841 1352 1001 1390 ubinam
1018 1365 1060 1391 es
1077 1353 1090 1389 ?
1122 1353 1182 1391 Ita
1202 1352 1287 1390 sum
1307 1352 1356 1390 ab
1376 1353 1562 1391 omnibus
1584 1353 1746 1392 destitu-

361 1430 441 1466 tus,
460 1429 503 1459 ut
525 1430 680 1459 tantum
700 1419 884 1472 requietis
906 1417 1086 1464 habeam,
1104 1429 1299 1470 quantum
1315 1433 1409 1458 cum
1430 1433 1564 1464 uxore,
1583 1429 1621 1458 et
1641 1420 1748 1458 filio-

362 1486 413 1531 la,
430 1495 469 1524 et
485 1486 640 1526 mellito
657 1486 864 1530 Cicerone,
881 1484 1142 1523 consumitur.
1166 1485 1272 1523 Nam
1289 1485 1366 1524 illae
1382 1485 1595 1524 ambitiosae
1612 1485 1746 1523 nostrae

362 1550 583 1604 fucosaeque
603 1551 786 1590 amicitiae
807 1550 896 1588 sunt
916 1550 957 1588 in
977 1549 1150 1603 quodam
1170 1549 1373 1603 splendore
1387 1549 1551 1595 forenfi;
1574 1550 1747 1590 fructum

360 1616 620 1655 domesticum
653 1629 732 1654 non
762 1615 922 1654 habent.
969 1616 1121 1667 Itaque,
1152 1628 1246 1653 curn
1273 1615 1371 1654 bene
1391 1616 1588 1668 completa
1607 1615 1748 1655 domus

362 1681 431 1727 est,
463 1691 638 1734 tempore
669 1680 880 1725 matutino,
912 1693 1004 1718 cum
1037 1679 1083 1717 ad
1112 1678 1245 1718 forum
1271 1680 1400 1732 stipati
1429 1681 1615 1732 gregibus
1645 1682 1746 1720 ami-

362 1760 502 1786 corum
522 1746 808 1790 descendimus,
841 1745 1008 1797 reperire
1038 1758 1086 1782 ex
1117 1758 1257 1797 magna
1287 1746 1402 1783 turba
1429 1747 1628 1784 neminem
1656 1747 1746 1799 pos-

362 1813 512 1857 sumuS,
543 1825 718 1865 quocum
753 1820 818 1849 aut
844 1810 970 1863 jocari
1004 1810 1140 1855 libere,
1171 1820 1238 1848 aut
1268 1811 1453 1863 suspirare
1488 1811 1746 1858 familiariter,

364 1878 566 1931 poffimus.
606 1878 736 1929 Qare
759 1886 796 1914 te
815 1877 1080 1928 expectamus,
1113 1884 1150 1913 te
1171 1875 1443 1921 defideramus,
1475 1885 1512 1914 te
1527 1878 1610 1929 jam
1630 1878 1749 1917 etiam

363 1943 612 1982 arceffimus:
645 1943 771 1981 multa
802 1943 909 1980 enim
942 1940 1044 1985 sunt,
1076 1954 1162 1993 quae
1189 1954 1252 1978 me
1272 1941 1484 1980 sollicitant
1504 1952 1747 1996 anguntque,

363 2023 450 2063 quae
471 2008 573 2047 mihi
588 2008 736 2052 videor,
754 2020 862 2045 aures
879 2008 1012 2045 nactus
1029 2016 1129 2051 tuas,
1147 2007 1263 2044 unius
1280 2007 1560 2046 ambulationis
1575 2008 1751 2047 sermone

363 2075 568 2115 exhaurire
588 2074 705 2127 poffe.
737 2075 798 2112 Ac
819 2072 1119 2112 domesticarum
1139 2072 1302 2126 quidem
1321 2073 1635 2112 sollicitudinum
1655 2087 1750 2112 acu-

364 2141 446 2181 leos
466 2154 602 2179 omnes
631 2151 669 2178 et
699 2139 901 2192 scrupulos
928 2139 1137 2178 occultabo
1153 2158 1165 2183 ;
1198 2152 1325 2192 neque
1353 2153 1426 2192 ego
1452 2138 1548 2178 huic
1579 2139 1750 2192 epistolae

366 2217 482 2260 atque
502 2207 639 2259 ignoto
661 2206 862 2244 tabellario
883 2206 1149 2244 committam.
1194 2206 1328 2257 Atque
1358 2204 1401 2243 hi
1432 2205 1544 2258 (nolo
1574 2206 1680 2245 enim
1713 2215 1751 2244 te

367 2272 602 2324 permoveri)
625 2286 703 2310 non
726 2272 815 2310 sunt
836 2271 1073 2324 permolesti,
1105 2270 1168 2309 sed
1190 2279 1320 2309 tamen
1341 2270 1507 2309 infident
1528 2280 1566 2310 et
1593 2281 1748 2324 urgent,

366 2347 406 2375 et
438 2338 586 2376 nullius
617 2338 783 2376 amantis
817 2337 979 2375 confilio
1007 2346 1075 2374 aut
1094 2336 1269 2374 sermone
1291 2336 1553 2388 requiescunt.
1600 2338 1646 2375 In
1667 2338 1750 2376 Re-

368 2402 529 2454 publica
561 2417 665 2448 vero,
701 2416 926 2456 quanquam
958 2402 1111 2440 animus
1146 2401 1200 2440 est
1230 2401 1409 2454 praesens,
1446 2411 1575 2440 tamen
1608 2403 1750 2440 volun-

368 2477 425 2505 tas
456 2468 574 2505 etiam
605 2478 721 2521 atque
749 2469 869 2506 etiam
900 2467 980 2521 ipsa
1011 2467 1249 2506 medicinam
1281 2466 1436 2520 effugit.
1483 2469 1605 2512 Nam,
1638 2477 1680 2504 ut
1711 2481 1755 2505 ea

371 2532 552 2577 breviter,
584 2547 669 2585 quae
701 2532 784 2584 post
815 2542 930 2572 tuum
960 2532 1164 2574 discessum
1194 2534 1276 2571 acta
1308 2532 1412 2576 sunt,
1444 2533 1643 2585 colligam,
1669 2532 1754 2584 jam

1363 2597 1400 2634 D
1432 2609 1459 2635 2
