2243 3008
551 217 658 254 AD
715 214 1148 254 ATTICUM
1215 217 1356 257 LIB.
1407 219 1525 260 x111.
1664 223 1740 276 383

353 315 397 354 P.
422 314 588 367 Rupilio
609 313 849 352 Consulibus
867 328 878 359 ⁸:
910 313 1021 351 annis
1052 327 1130 351 xlv
1161 323 1264 360 ante,
1295 330 1413 368 quam
1446 319 1593 358 Praetor
1611 319 1736 360 fastus

350 380 417 425 est,
448 380 598 431 legatus
618 379 690 417 effe
709 378 921 431 potuisset?
953 379 1022 417 nifi
1043 379 1256 418 admodum
1278 380 1359 418 sero
1380 383 1556 433 Qaestor
1576 386 1628 423 est
1649 385 1734 424 fac-

351 454 442 489 tus;
475 444 581 496 quod
602 450 680 482 non
701 445 866 482 arbitror
885 459 893 482 :
926 444 1039 483 video
1059 445 1166 483 enlm
1188 445 1354 483 Curules
1376 448 1620 499 magistratus
1641 465 1733 490 eum

349 509 540 560 legitimis
560 510 670 546 annis
693 509 877 562 perfacile
896 509 1048 561 cepiffe.
1083 509 1329 548 Postumium
1350 520 1494 557 autem,
1523 515 1634 565 cujus
1655 516 1730 553 sta-

349 583 458 612 tuam
478 574 518 611 in
541 573 692 612 Isthmo
711 574 928 613 meminiffe
958 584 995 612 te
1024 575 1138 620 dicis,
1170 575 1211 613 in
1242 575 1290 613 iis
1320 575 1488 615 sciebam
1520 577 1645 617 fuiffe.
1693 582 1730 619 Is

348 649 481 678 autem
500 639 568 685 est,
586 641 655 692 qui
675 654 769 678 cum
790 640 963 678 Lucullo
983 639 1083 684 fuit;
1107 627 1226 693 qu⁰em
1248 650 1290 679 tu
1311 641 1412 679 mihi
1433 642 1626 689 addidisti,
1645 645 1732 683 sane

348 705 395 743 ad
416 705 532 743 illum
552 702 702 752 σύλλογον
721 706 922 759 personam
943 705 1138 745 idoneam.
1172 706 1335 744 Videbis
1356 708 1492 759 igitur,
1521 710 1547 747 fi
1567 711 1731 762 poteris,

347 781 505 810 caeteros
521 789 534 816 ς
566 780 610 809 ut
629 771 815 823 poffimus
839 768 1032 819 πομπεῦσαι
1054 769 1080 825 g
1098 769 1162 809 τοῖς
1180 769 1372 824 προσώποις.

686 973 928 1011 CICERO
969 973 1224 1010 ATT1co
1265 973 1397 1011 SAL.

349 1100 547 1138 XXXIII.
572 1098 657 1170 N
671 1101 704 1137 E
719 1101 756 1138 G
772 1101 806 1138 L
822 1102 840 1139 I
855 1101 893 1139 G
909 1101 941 1138 E
957 1101 998 1138 N
1012 1101 1049 1138 T
1064 1101 1083 1138 I
1096 1101 1132 1137 A
1145 1100 1194 1138 M
1224 1100 1392 1140 miram!
1425 1101 1595 1140 semelne
1615 1114 1729 1157 putas

686 1165 789 1203 mihi
809 1165 942 1204 dixiffe
964 1165 1132 1203 Balbum
1153 1175 1192 1203 et
1213 1166 1437 1212 Faberium,
1455 1167 1731 1220 professionem

347 1230 538 1268 relatam?
614 1230 802 1269 uinetiam
831 1244 967 1268 eorum
992 1229 1097 1282 juffu
1127 1230 1321 1276 miseram,
1352 1233 1422 1284 qui
1452 1232 1727 1285 profiteretur3

346 1296 401 1333 ita
420 1296 526 1333 enirn
547 1304 725 1348 oportere
745 1295 928 1333 dicebant
946 1310 955 1333 :
989 1294 1175 1347 professus
1195 1295 1249 1333 est
1278 1295 1519 1335 Philotimus
1547 1298 1729 1338 libertus.

346 1361 462 1399 Nosti
483 1361 598 1399 credo
619 1361 824 1399 librarium
843 1376 851 1399 :
884 1360 947 1399 sed
968 1361 1126 1405 scribes,
1157 1369 1196 1398 et
1219 1361 1380 1413 quidem
1401 1362 1621 1402 confestim.
1665 1366 1731 1403 Ad

349 1427 575 1472 Faberium,
598 1437 641 1465 ut
663 1428 736 1465 tibi
758 1428 898 1480 placet,
929 1427 1059 1464 literas
1081 1426 1166 1464 misi
1185 1441 1194 1465 ι
1226 1440 1318 1465 cum
1339 1428 1462 1466 Balbo
1482 1439 1611 1467 autem
1632 1440 1732 1483 puto

348 1501 386 1529 te
405 1492 555 1544 aliquid
575 1491 704 1529 feciffe
724 1492 842 1530 hodie
861 1493 902 1529 in
925 1492 1139 1543 Capitolio.
1171 1492 1219 1529 In
1235 1493 1407 1544 Virgilio
1427 1493 1530 1531 mihi
1549 1496 1659 1533 nulla
1677 1497 1732 1534 est

346 1549 524 1594 δὶσωπίωε
558 1570 628 1594 nec
659 1558 766 1595 enim
796 1558 879 1609 ejus
909 1556 1019 1594 causa
1039 1556 1125 1594 sane
1145 1555 1295 1602 debeo;
1326 1566 1380 1602 et,
1411 1558 1438 1596 fi
1458 1572 1603 1605 emero,
1633 1563 1732 1613 quid

346 1621 434 1665 erit,
466 1621 571 1672 quod
603 1621 803 1673 postulet?
836 1620 907 1659 Sed
928 1621 1094 1666 videbis,
1124 1634 1173 1658 ne
1199 1622 1231 1658 is
1252 1635 1345 1659 cum
1366 1621 1412 1660 fit
1440 1623 1481 1660 in
1503 1623 1653 1669 Africa,
1685 1634 1730 1663 ut

347 1685 507 1724 Caelius.
554 1687 616 1724 De
648 1687 809 1724 nomine
839 1695 882 1723 tu
902 1685 1052 1724 videbis
1084 1699 1176 1723 cum
1199 1686 1360 1739 Cispio:
1393 1687 1471 1732 sed,
1502 1688 1528 1725 fi
1560 1689 1730 1728 Plancus

346 1750 522 1795 destinat,
546 1760 633 1789 tum
653 1751 772 1789 habet
792 1764 849 1789 res
871 1748 1169 1789 difficultatem.'
1182 1752 1243 1789 Te
1263 1751 1309 1788 ad
1330 1765 1394 1789 me
1414 1754 1543 1790 venire
1565 1763 1730 1807 uterque

345 1815 518 1870 nostrum
540 1817 673 1869 cupit:
697 1816 760 1854 sed
781 1816 848 1854 ista
869 1829 925 1854 res
949 1816 1060 1854 nullo
1080 1816 1199 1854 modo
1219 1817 1473 1868 relinquenda
1493 1819 1560 1856 est.
1594 1819 1728 1857 Otho-

346 1894 437 1918 nem
458 1881 564 1933 quod
585 1881 709 1933 speras
731 1881 833 1933 posse
853 1881 975 1925 vinci,
1006 1881 1092 1918 sane
1113 1881 1211 1918 bene
1235 1894 1377 1919 narras.
1421 1883 1484 1920 De
1504 1883 1727 1922 aestimatio-

345 1959 406 1991 ne,
439 1955 482 1983 ut
510 1945 660 1991 scribis,
692 1959 784 1984 cum
805 1959 915 1997 agere
935 1946 1200 1997 coeperimus;
1232 1946 1299 1983 etsi
1330 1945 1432 1983 nihil
1463 1947 1625 1999 scripsit,
1659 1949 1731 1987 nisi

345 2010 391 2048 de
411 2011 530 2049 modo
550 2013 646 2063 agri.
680 2012 786 2050 Cum
808 2010 960 2055 Pisone,
979 2011 1005 2048 fi
1027 2010 1123 2063 quid
1143 2011 1305 2063 poteris·
1338 2011 1557 2050 Dicaearchi
1579 2013 1727 2053 librum

344 2077 503 2128 accepi;
526 2086 565 2114 et
590 2073 815 2114 καταξαίσεως
835 2077 1011 2129 expecto.
1044 2076 1264 2128 Negotium
1287 2076 1435 2115 dederis
1452 2096 1464 2122 ς
1497 2079 1659 2130 reperiet
1679 2093 1729 2117 ex

343 2155 390 2180 eo
409 2142 527 2186 libro,
550 2143 590 2179 in
612 2155 691 2193 quo
713 2141 800 2179 sunt
822 2141 1175 2180 senatus-consulta
1196 2143 1273 2180 Cn.
1293 2142 1496 2187 Cornelio,
1514 2143 1562 2180 L.
1583 2143 1725 2182 Mum-

343 2207 426 2245 mio
454 2207 557 2245 Coss‘.
597 2208 660 2245 De
680 2207 883 2245 Tuditano
913 2216 1058 2252 autem,
1090 2207 1196 2259 quod
1225 2216 1353 2259 putas,
1385 2205 1511 2253 εὔλογον
1539 2208 1606 2253 est,
1639 2218 1725 2248 tum

344 2272 475 2317 illum,
506 2274 692 2324 quoniam
721 2271 799 2310 fuit
829 2272 875 2310 ad
907 2271 1164 2316 Corinthum,
1198 2273 1296 2322 (non
1325 2272 1432 2309 enim
1460 2281 1604 2311 temere
1625 2274 1727 2313 dixit

345 2337 596 2387 Hortensius)
627 2346 694 2375 aut
726 2337 982 2389 Qaestorem,
1013 2346 1079 2375 aut
1108 2335 1339 2375 Tribunum
1369 2335 1574 2383 militum;
1605 2339 1727 2391 idque

345 2401 476 2453 potius
498 2399 608 2438 fuiffe
628 2401 756 2440 credo.
799 2404 865 2440 Tu
887 2403 933 2439 de
955 2400 1158 2439 Antiocho
1178 2401 1273 2438 scire
1293 2402 1453 2453 poteris.
1486 2402 1585 2440 Vide
1607 2406 1723 2442 etiam

345 2479 425 2519 quo
445 2478 546 2504 anno
567 2464 758 2517 Qaestor,
779 2476 846 2506 aut
866 2467 1072 2506 Tribunus
1093 2465 1286 2514 militum,
1312 2466 1446 2506 fuerit.
1478 2466 1518 2505 Si
1538 2477 1726 2507 neutrum
