2243 3008
696 261 802 299 AD
862 260 1291 298 ATTICUM
1359 262 1500 301 LIB.
1552 264 1605 300 11.
1796 278 1838 316 51

459 362 568 399 illius
604 360 792 403 sermone,
825 358 921 411 quid
952 366 1128 410 ageretur
1159 358 1205 396 de
1235 359 1498 397 ruminatione
1526 360 1766 411 quotidiana,
1797 360 1844 396 de

457 426 697 478 cogitatione
717 424 867 468 Publii,
898 424 946 461 de
973 423 1082 461 lituis
1113 417 1282 464 anssmolw,
1311 424 1358 461 de
1387 423 1571 476 fignifero
1601 424 1840 469 Athenione,

455 490 504 527 de
533 490 656 528 literis
677 488 796 527 missis
818 488 865 525 ad
887 489 1068 532 Cnaeum,
1100 487 1148 524 de
1174 485 1433 541 Theophanis
1463 489 1731 541 Memmiique
1764 489 1840 526 ser-

456 556 605 593 mone?
638 556 839 607 Qantam
873 567 989 606 porro
1023 551 1125 590 mihi
1159 554 1469 605 expectationem
1504 554 1640 592 dedisti
1670 554 1842 591 convivii

454 619 563 658 istius
584 616 766 666 ἀσελγὲςὲ
791 619 885 656 Sum
906 619 946 656 in
968 617 1188 656 curiositate
1207 612 1378 664 &fjx-mar:
1402 617 1465 656 sed
1487 627 1615 656 tamen
1636 617 1750 656 facile
1773 632 1839 670 pa-

455 686 533 724 tior
567 695 605 724 te
639 686 679 723 id
713 685 760 722 ad
794 698 856 723 me
890 682 1069 732 συμπόσιον
1101 697 1182 721 non
1216 682 1410 729 scribere;
1448 683 1675 737 praesentem
1710 685 1842 722 audire

454 752 573 791 malo.
621 751 741 804 Qod
761 764 839 796 me,
876 759 920 788 ut
949 749 1116 788 scribam
1147 749 1312 802 aliquid,
1343 749 1537 790 hortaris:
1570 751 1708 789 crescit
1739 750 1841 789 mihi

454 818 617 870 quidem
638 817 832 861 materies,
865 824 909 853 ut
929 814 1055 854 dicis:
1088 814 1151 853 sed
1172 824 1254 853 tota
1282 828 1340 853 res
1370 816 1488 854 etiam
1515 829 1621 854 nunc
1649 816 1837 861 fluctuat5

455 881 533 917 κατ’
564 880 676 931 ὀπώρην
705 877 792 928 '‘5¹52-
839 882 938 933 Qae
968 881 994 919 fi
1024 880 1226 926 desederit,
1258 881 1382 933 magis
1412 891 1527 920 erunt
1549 881 1726 934 judicata
1755 895 1840 934 quae

455 947 646 986 scribam:
679 959 765 999 quae
786 947 812 985 fi
833 945 961 985 statim
981 959 1002 984 a
1021 960 1084 984 me
1104 945 1204 984 ferre
1225 960 1304 985 non
1324 948 1513 1000 potueris,
1544 948 1694 1000 primus
1715 947 1838 985 habe-

455 1013 515 1052 bis
537 1022 682 1056 tamen‚
713 1021 752 1049 et
771 1012 998 1064 aliquandiu
1021 1011 1137 1050 solus.
1185 1012 1464 1051 Dicaearchum
1483 1015 1583 1051 redte
1609 1027 1712 1051 amas
1732 1028 1740 1052 :
1759 1013 1838 1067 ¹lu-

454 1079 635 1117 culentus
657 1076 779 1114 homo
799 1077 866 1121 est,
884 1087 922 1115 et
943 1077 1039 1115 civis
1060 1076 1164 1116 haud
1185 1078 1302 1130 paulo
1322 1078 1477 1123 melior,
1499 1092 1618 1131 quam
1638 1079 1699 1116 isti
1720 1079 1838 1118 nostri

451 1137 676 1191 οὶᾶὶκαέοιρχσι.
720 1141 871 1179 Literas
904 1142 1032 1194 scripsi
1059 1141 1155 1180 hora
1174 1143 1327 1181 decima
1347 1143 1588 1189 Cerealibus,
1619 1144 1762 1188 statim,
1795 1153 1840 1182 ut

453 1217 538 1247 tuas
559 1207 728 1260 legeram
747 1222 756 1245 ε
789 1207 852 1245 sed
872 1221 932 1246 eas
954 1221 1058 1246 eram
1079 1208 1253 1253 daturus,
1286 1217 1330 1247 ut
1349 1218 1543 1261 putaram,
1575 1209 1758 1262 postridie
1786 1211 1837 1254 ei,

451 1274 524 1327 qui
544 1272 645 1311 mihi
665 1273 816 1326 primus
838 1273 1065 1313 obvenisset.
1102 1275 1290 1312 Terentia
1310 1273 1496 1313 delectata
1514 1275 1568 1313 est
1589 1275 1665 1314 tuis
1687 1276 1834 1314 literis:

451 1341 630 1393 impertit
651 1339 726 1377 tibi
746 1339 915 1379 multam
935 1340 1124 1380 salutern:
1147 1336 1200 1386 (ᾳ)
1223 1335 1359 1393 Κικέρων
1378 1339 1392 1376 ὁ
1414 1338 1587 1388 φιλόπφος
1605 1336 1650 1376 πῗν
1669 1337 1839 1380 πολιτικὲν

451 1404 536 1441 Tim
553 1399 749 1456 ἀπίξεται.

783 1611 1029 1648 CICERO
1069 1610 1325 1648 ATT1co
1367 1608 1497 1647 SAL.

452 1737 570 1775 XIII.
596 1736 744 1808 FAC
759 1737 777 1775 I
792 1737 885 1775 NU
899 1738 920 1775 S
951 1738 1161 1789 indignum
1180 1752 1189 1775 :
1222 1736 1423 1790 epistolam
1444 1733 1583 1785 adam*
1604 1737 1677 1775 tibi
1698 1750 1718 1775 a
1738 1739 1834 1777 Tri-

676 1802 748 1840 bus
770 1802 939 1841 tabernis
961 1804 1185 1856 rescriptam
1206 1803 1251 1840 ad
1283 1813 1365 1841 tuas
1396 1803 1627 1841 suaviffimas
1658 1803 1834 1856 epistolas

450 1868 651 1906 neminem
672 1867 875 1906 reddidisse
894 1870 907 1906 ?
930 1870 985 1907 At
1006 1869 1103 1907 scito
1123 1881 1214 1906 eum
1236 1868 1483 1913 fasciculum,
1506 1882 1586 1920 quo
1606 1868 1715 1907 illam
1737 1883 1835 1908 con-

446 1935 631 1985 jeceram,
663 1934 828 1972 domum
848 1948 894 1973 eo
914 1935 998 1988 ipso
1017 1935 1080 1973 die
1101 1935 1225 1972 latum
1247 1934 1332 1979 effe,
1364 1949 1443 1987 quo
1473 1948 1545 1987 ego
1571 1934 1765 1980 dederam,
1797 1946 1837 1974 et

449 1999 498 2037 ad
518 2013 582 2038 me
602 2001 642 2038 in
665 2000 924 2039 Formianum
944 2001 1108 2039 relatum
1131 2000 1203 2038 effe
1221 2016 1229 2038 :
1258 2001 1390 2053 itaque
1411 2001 1485 2038 tibi
1506 2010 1612 2039 tuam
1634 2001 1836 2054 epistolam

445 2065 535 2117 juffi
557 2064 718 2112 referri3
751 2079 798 2105 ex
822 2080 900 2119 qua
927 2067 1182 2120 intelligeres,
1215 2080 1333 2119 quam
1365 2066 1468 2105 mihi
1498 2077 1583 2105 turn
1611 2067 1690 2105 illae
1719 2077 1834 2118 gratae

449 2130 622 2170 fuiffent.
670 2133 808 2171 Romae
829 2132 935 2186 quod
955 2132 1091 2172 scribis
1113 2133 1211 2171 fileri
1230 2151 1240 2177 ς
1273 2133 1326 2170 ita
1346 2133 1547 2185 putabam.
1594 2133 1648 2170 At
1676 2131 1835 2171 hercule

448 2197 489 2235 in
510 2198 610 2250 agris
632 2212 711 2237 non
732 2199 890 2237 siletur:
923 2212 996 2237 nec
1019 2201 1102 2252 jam
1131 2199 1201 2252 ipsi
1231 2199 1313 2250 agri
1343 2213 1509 2251 regnum
1539 2199 1706 2237 vestrum
1733 2197 1833 2237 ferre

448 2263 619 2315 poss'unt.
658 2265 696 2302 Si
717 2278 806 2303 vero
827 2265 867 2302 in
888 2264 990 2303 hanc
1010 2260 1194 2306 Τηλέπυλον
1215 2265 1362 2302 veneris
1384 2262 1605 2315 Λαιςφυγονίην,
1636 2265 1832 2316 (Formias

448 2328 556 2380 dico)
579 2331 650 2383 qui
676 2330 857 2369 fremitus
888 2331 1132 2370 hominum?
1163 2344 1282 2383 quam
1313 2331 1400 2369 irati
1430 2330 1583 2368 animi?
1615 2340 1762 2383 quanto
1791 2331 1833 2369 in

449 2394 542 2432 odio
562 2396 688 2434 noster
706 2397 855 2436 amicus
877 2398 1050 2450 Magnus
1070 2398 1083 2435 ?
1115 2398 1226 2449 cujus
1248 2411 1469 2449 cognomen
1491 2410 1566 2434 una
1590 2410 1682 2434 cum
1713 2396 1831 2434 Craffi

452 2459 598 2497 Divitis
619 2464 856 2513 cognomine
875 2463 1128 2502 consenescit.
1167 2463 1310 2501 Credas
1331 2462 1432 2501 mihi
1453 2462 1571 2500 velim
1589 2481 1599 2506 ;
1632 2462 1831 2499 neminem

449 2522 578 2562 adhuc
612 2525 773 2572 offendi,
816 2529 885 2581 qui
919 2528 1001 2568 haec
1037 2539 1115 2567 tam
1151 2528 1269 2572 lente,
1306 2542 1424 2580 quarn
1458 2541 1530 2578 ego
1562 2526 1658 2571 fero,
1697 2525 1827 2565 ferret.

1439 2593 1475 2629 G
1509 2604 1530 2629 2
