2243 3008
613 197 718 234 AD
776 196 1539 240 ATTICUMLIB.V1.
1695 218 1762 243 1···

1718 234 1762 257 ,3)

380 293 688 333 recordationem
708 293 905 331 clariffimi
921 292 1194 345 jurisjurandi,
1226 294 1333 345 quod
1362 309 1434 346 ego
1464 310 1541 334 non
1563 310 1666 334 eram
1687 298 1760 335 ob-

380 360 502 404 litus;
526 371 689 410 magnus
710 359 817 396 enim
838 367 1088 412 praetextatus
1110 357 1181 396 illo
1201 359 1263 395 die
1284 357 1357 396 fui.
1392 361 1524 398 Habes
1546 362 1590 398 ad
1613 364 1758 407 omnia,

378 437 472 469 non,
503 433 545 461 ut
565 422 776 475 postulasti,
807 419 934 474 κἓξύσειιι
957 416 1144 467 χαλκάωνς
1173 422 1235 460 sed
1255 424 1360 475 paria
1380 425 1536 476 paribus
1559 426 1758 478 respondi—

376 503 479 528 mus.
527 491 632 527 Ecce
660 498 791 526 autem
812 489 884 526 alia
910 488 1048 540 pusilla
1071 488 1247 539 epistola,
1278 503 1397 541 quam
1431 503 1508 528 non
1540 492 1758 544 relinquam

374 552 632 600 ἀναντιφώνητον.
680 555 783 592 Bene
815 552 1039 592 mehercule
1066 554 1198 605 potuit
1227 554 1422 592 Lucceius
1455 555 1756 602 Tui‘ctilanun13

374 618 445 656 nifi
467 617 582 663 forte,
613 618 709 657 solet
729 620 837 657 enim
858 633 949 657 cum
972 618 1039 656 suo
1060 619 1224 656 tibicine
1243 634 1251 656 :
1283 629 1322 657 et
1349 620 1468 657 velim
1490 620 1583 658 scire
1605 623 1692 672 quis
1715 623 1759 660 sit

373 683 490 721 status
518 685 616 736 ejus,
662 685 880 723 Lentulum
913 683 1074 735 quidem
1102 683 1275 722 nostrum
1297 697 1374 736 prae
1395 698 1466 723 aere
1486 685 1758 724 Tusculanum

372 749 628 801 proscripliffe
648 750 778 789 audio.
824 750 956 802 Cupio
988 748 1059 786 hos
1087 749 1290 802 expeditos
1312 750 1466 788 videre:
1500 751 1619 802 cupio
1638 753 1757 790 etiam

374 815 580 853 Sextium:
612 815 722 861 adde,
754 816 779 854 fi
801 816 874 861 vis,
906 815 1104 854 Caelium:
1138 815 1283 867 quibus
1306 817 1492 854 omnibus
1521 816 1589 860 est,
1619 811 1758 852 αὶδεεὸεν

369 872 429 926 μὲν
447 877 620 924 ἀνήναοθιη,
636 874 734 916 &eiam
748 877 795 924 eslf
809 875 1001 924 ὑποδέχθαι.
1026 881 1087 918 De
1105 881 1303 919 Riemmio
1320 881 1556 919 restituendo
1572 891 1615 919 ut
1633 882 1756 919 Curio

372 944 534 996 cogitet,
554 954 590 983 te
610 944 751 982 audisse
772 954 883 997 puto.
918 945 978 982 De
996 946 1156 997 Egnatii
1178 946 1342 984 Sidicini
1365 948 1523 985 nomine
1540 961 1610 984 nec
1632 947 1753 990 nulla,

371 1023 443 1047 nec
475 1024 629 1062 magna,
663 1010 725 1063 spe
758 1011 904 1048 sumuS.
952 1010 1168 1055 Pinarium,
1201 1026 1319 1064 quem
1352 1011 1453 1049 mihi
1486 1012 1752 1055 commendas,

369 1075 662 1126 diligentiffime
682 1076 891 1127 Dejotarus
912 1085 1021 1114 curat
1041 1077 1208 1128 graviter
1223 1091 1385 1128 aegrum.
1418 1077 1617 1129 Respondi
1637 1077 1755 1115 etiam

368 1141 528 1178 minori.
561 1143 642 1185 Tu,
665 1141 799 1184 velim,
822 1140 917 1178 dum
937 1155 1002 1178 ero
1024 1142 1239 1186 Laodiceae,
1272 1143 1311 1179 id
1331 1142 1398 1186 est,
1429 1143 1475 1179 ad
1498 1143 1588 1181 Idus
1612 1143 1753 1186 Maias,

369 1219 489 1259 quam
510 1206 707 1259 saepiffime
728 1219 885 1244 mecum
906 1219 974 1258 per
1004 1206 1133 1244 literas
1155 1207 1380 1259 colloquare
1399 1223 1407 1246 :
1439 1218 1478 1246 et
1509 1222 1601 1246 cum
1624 1208 1752 1246 Athe-

366 1285 434 1310 nas
456 1273 620 1317 veneris,
654 1273 760 1324 (jam
789 1272 897 1310 enim
927 1271 1092 1310 sciemus
1115 1272 1161 1310 de
1182 1273 1296 1310 rebus
1318 1273 1491 1319 urbanis,
1523 1274 1568 1311 de
1589 1275 1750 1326 provin-

366 1337 454 1382 ciis,
486 1351 572 1390 quae
592 1338 725 1375 omnia
746 1337 786 1374 in
808 1336 980 1375 mensem
1002 1337 1197 1375 Martium
1228 1337 1317 1375 sunt
1346 1338 1504 1388 collata)
1539 1339 1676 1390 utique
1707 1340 1753 1376 ad

365 1415 430 1440 me
451 1401 670 1440 tabellarios
693 1402 841 1439 mittas.
888 1401 960 1438 Sed
993 1400 1089 1439 heus
1121 1410 1179 1446 tu,
1205 1402 1340 1453 jamne
1370 1415 1437 1440 vos
1469 1416 1490 1439 a
1520 1402 1666 1440 Caesare
1685 1417 1753 1455 per

364 1465 568 1505 Herodem
599 1466 743 1504 talenta
763 1466 899 1503 Attica
929 1465 1218 1518 quinquaginta
1246 1467 1488 1504 extorsistis?
1520 1467 1559 1504 in
1581 1481 1675 1520 quo,
1709 1478 1752 1506 ut

365 1530 497 1575 audio,
527 1544 718 1582 magnum
737 1530 875 1568 odium
898 1531 1076 1583 Pompeii
1108 1530 1351 1584 suscepistis:
1384 1541 1496 1583 putat
1525 1533 1631 1570 enim
1662 1532 1749 1571 suos

365 1608 551 1635 nummos
572 1608 639 1633 vos
661 1595 867 1633 comediffe
880 1613 892 1640 ς
917 1595 1106 1634 Caesarem
1126 1596 1167 1633 in
1188 1596 1420 1634 Nemorensi
1441 1597 1668 1635 aedificando
1689 1598 1752 1635 di·-

364 1661 616 1713 ligentiorem
637 1659 734 1699 fore.
768 1661 859 1698 Hoc
880 1673 952 1713 ego
972 1674 1019 1698 ex
1041 1661 1086 1701 P.
1106 1661 1248 1706 Vedio,
1280 1674 1424 1713 magno
1445 1662 1655 1706 nebulone,
1686 1663 1750 1700 sed

364 1727 544 1779 Pompeii
565 1735 695 1764 tamen
715 1724 915 1770 familiari,
947 1725 1092 1764 audivi.
1138 1726 1220 1764 Hic
1242 1726 1389 1764 Vedius
1418 1728 1525 1765 venit
1552 1727 1654 1765 mihi
1674 1728 1748 1766 ob-

362 1792 466 1830 viam
486 1805 580 1830 cum
601 1791 754 1830 duobus
775 1791 924 1836 essedis,
955 1800 994 1828 et
1024 1791 1142 1829 rheda
1162 1793 1273 1844 equis
1291 1793 1438 1845 juncta,
1471 1801 1509 1830 et
1528 1792 1679 1838 lectica,
1709 1802 1750 1831 et

361 1856 514 1894 familia
532 1869 673 1909 magna
691 1871 699 1894 :
733 1869 803 1908 pro
823 1869 913 1909 qua,
944 1856 971 1893 fi
993 1856 1117 1894 Curio
1136 1855 1265 1908 legem
1285 1856 1506 1908 pertulerit,
1537 1857 1630 1895 H·S
1652 1871 1746 1896 cen-

361 1931 450 1960 tena
467 1921 611 1974 pendat
633 1921 778 1959 neceffe
797 1921 864 1960 est.
907 1922 1000 1959 Erat
1021 1930 1202 1973 praeterea
1221 1921 1511 1974 cynocephalus
1532 1922 1573 1959 in
1593 1922 1717 1960 essedo
1735 1938 1745 1961 2

360 2001 432 2026 nec
453 1987 609 2025 deerant
630 1987 780 2039 onagri.
824 1987 1044 2039 Nunquam
1064 1986 1144 2025 vidi
1166 1985 1371 2025 hominem
1395 1987 1623 2040 nequiorem
1643 2003 1651 2025 :
1686 1988 1747 2026 sed

358 2062 580 2091 extremum
595 2052 700 2090 audi.
734 2052 958 2090 Diversatus
979 2051 1032 2090 est
1054 2052 1254 2090 Laodiceae
1271 2051 1372 2104 apud
1394 2052 1628 2104 Pompeium
1645 2053 1746 2089 Vin-

358 2117 515 2160 dullum
534 2133 543 2156 ε
576 2117 631 2155 ibi
654 2117 718 2155 sua
737 2117 931 2170 deposuit,
963 2130 1056 2156 cum
1076 2117 1122 2155 ad
1153 2131 1216 2155 me
1236 2116 1434 2170 profectus
1455 2117 1522 2155 est.
1569 2117 1745 2155 Moritur

359 2183 519 2222 interim
541 2182 754 2221 Vindullus
775 2198 783 2221 :
815 2197 901 2235 quae
924 2196 980 2221 res
1002 2182 1048 2220 ad
1070 2183 1266 2235 Magnum
1297 2183 1530 2234 Pompeium
1553 2182 1747 2234 pertinere

360 2249 583 2300 putabatur.
616 2250 666 2287 C.
686 2249 919 2287 Vennonius
940 2248 1106 2286 domum
1127 2248 1311 2286 Vindulli
1332 2248 1439 2285 venit
1458 2262 1466 2285 :
1499 2261 1592 2285 cum
1612 2248 1745 2285 omnia

359 2312 591 2364 obfignaret‚
623 2314 662 2351 in
686 2313 876 2352 Vedianas
898 2327 955 2351 res
978 2313 1119 2351 incidit
1138 2328 1146 2350 :
1179 2314 1219 2350 in
1242 2311 1304 2350 his
1325 2312 1492 2350 inventae
1514 2311 1602 2349 sunt
1622 2314 1742 2364 quin-

361 2390 439 2429 que
459 2378 718 2430 imagunculae
738 2388 1020 2424 matronarum,
1047 2380 1087 2417 in
1109 2379 1254 2432 quibus
1277 2392 1352 2416 una
1373 2378 1510 2416 sororis
1532 2378 1647 2416 amici
1671 2378 1743 2423 tui,

359 2441 536 2492 hominis
565 2443 679 2490 bruti,
709 2446 780 2498 qui
809 2445 886 2485 hoc
920 2455 1051 2485 utatur
1066 2464 1078 2492 ς
1111 2454 1150 2484 et
1181 2445 1290 2484 illius
1320 2443 1437 2497 lepidi,
1469 2444 1538 2497 qui
1563 2443 1644 2482 haec
1667 2452 1746 2481 tam

1358 2509 1394 2546 V
1425 2521 1446 2548 2
