2243 3008
551 245 658 282 AD
717 242 1147 281 ATTICUM
1215 244 1356 283 LIB.
1408 247 1460 285 x.
1624 249 1702 301 287

315 352 354 380 at
375 355 450 380 una
469 343 510 380 in
532 355 570 380 re
589 343 602 380 ?
634 342 759 379 immo
779 340 926 385 omnia,
958 354 1038 393 quo
1068 340 1297 393 diligentius
1325 344 1508 394 cogitata,
1539 358 1584 383 eo
1605 344 1704 383 facta

317 407 405 446 sunt
436 406 742 460 imprudentius.

398 470 508 506 Ἀλλά
526 469 570 506 ταὶ
588 463 647 519 μὲν
666 466 888 524 προ-τετύχθω)
907 467 1046 518 ἒαίστμεν,
1074 467 1246 519 ἀχνύμενοί
1264 485 1317 520 περ
1338 487 1346 509 ;

317 537 358 574 in
387 536 550 588 reliquis
581 535 702 573 modo
734 548 781 572 ne
813 547 998 572 ruamus:
1026 535 1142 586 jubes
1163 535 1270 572 enim
1291 536 1337 574 de
1358 536 1599 589 profectione
1620 554 1706 577 mea

317 601 534 654 providere.
577 599 689 651 Qid
718 599 976 653 provideam?
1008 599 1061 637 ita
1081 602 1384 652 patentomnia,
1415 616 1501 655 quae
1534 604 1707 642 accidere

316 666 489 720 poffunt,
520 675 565 705 ut
595 679 638 703 ea
669 665 695 703 fi
727 666 864 710 vitem,
896 664 1108 704 sedendum
1139 666 1185 703 fit
1211 679 1304 704 cum
1325 667 1512 706 dedecore
1532 678 1570 706 et
1591 669 1706 707 dolo-

317 747 357 772 re
372 752 385 779 ;
417 733 445 772 fi
477 732 691 785 negligam,
721 731 944 784 periculum
973 731 1026 769 est
1047 745 1094 791 ne
1115 732 1156 770 in
1177 746 1316 771 manus
1336 733 1512 777 incidam¹
1528 735 1706 787 perdito-

319 813 422 838 rum.
470 798 542 836 Sed
563 797 665 843 vide,
696 797 852 849 quantis
880 797 922 834 in
952 797 1117 835 miseriis
1147 798 1280 837 fimus.
1327 799 1561 852 Optandum
1582 801 1707 840 inter-

318 864 415 902 dum
435 863 603 909 videtur,
634 872 679 901 ut
698 862 871 915 aliquam
890 862 1129 914 accipiamus
1150 863 1198 901 ab
1219 863 1299 902 istis
1320 866 1498 916 quamvis
1528 866 1710 904 acerbam

318 930 519 981 injuriam,
551 938 595 967 ut
617 936 781 980 tyranno
802 929 842 966 in
870 927 962 966 odio
990 927 1103 967 fuiffe
1124 929 1338 973 videamur.
1386 931 1506 981 Qod
1534 932 1561 969 fi
1592 932 1724 973 nobis.

318 995 468 1040 cursus,
499 1008 619 1047 quem
649 994 854 1046 speraram,
885 1003 1061 1046 pateret3
1093 994 1302 1034 effeciffem
1332 995 1483 1047 aliquid
1514 996 1706 1048 profec'to,

319 1070 364 1099 ut
399 1070 441 1099 tu
475 1070 585 1113 optas
620 1069 659 1098 et
692 1059 875 1104 hortaris,
906 1059 1073 1112 dignum
1108 1061 1235 1099 nostra
1269 1074 1404 1105 mora:
1437 1062 1501 1100 sed
1529 1062 1712 1101 mirificae·

319 1126 408 1164 sunt
429 1125 639 1169 custodiae;
671 1134 710 1162 et
731 1124 892 1176 quidem
914 1125 982 1162 ille
1002 1125 1082 1176 ipse
1111 1127 1235 1164 Curio
1264 1126 1475 1178 suspectus.
1519 1129 1649 1179 Qare
1669 1129 1719 1171 vi,

319 1202 387 1230 aut
420 1191 523 1229 clam
556 1189 752 1242 agendum
786 1189 866 1227 est:
899 1199 938 1227 et
972 1190 999 1227 fi
1034 1191 1089 1235 vi,
1118 1190 1220 1230 forte
1253 1201 1292 1230 et
1326 1205 1418 1235 cum
1454 1193 1707 1246 tempestate:

319 1257 423 1295 clam
443 1265 574 1294 autern
595 1254 675 1292 istis
692 1273 704 1300 ς
737 1256 779 1292 in
809 1267 889 1306 quo
918 1255 944 1293 fi
975 1255 1082 1307 quod
1112 1254 1282 1305 σφάλμα,
1312 1257 1417 1296 vides
1448 1271 1567 1310 quam
1596 1268 1710 1312 turpe

318 1323 387 1362 est.
433 1321 678 1360 Trahimur:
711 1334 783 1358 nec
814 1319 1067 1373 fugiendum,
1098 1322 1125 1360 fi
1145 1321 1242 1374 quid
1263 1323 1489 1362 violentius.
1536 1325 1598 1362 De
1620 1326 1710 1363 Cae-

319 1389 389 1435 lio,
421 1389 517 1441 saepe
536 1401 696 1426 mecum
716 1387 850 1439 agito;
884 1401 972 1433 nec,
1002 1388 1030 1426 fi
1051 1388 1148 1440 quid
1175 1387 1349 1427 habuero
1370 1390 1460 1435 tale,
1491 1390 1708 1430 dimittam.

321 1455 531 1507 Hispanias
552 1453 662 1506 spero
682 1452 813 1492 firmas
834 1452 922 1492 effe.
966 1453 1265 1492 Maffilienfium
1291 1453 1441 1493 factum
1467 1469 1559 1494 cum
1581 1456 1715 1508 ipsum

320 1534 388 1572 per
409 1520 445 1558 se
465 1520 716 1557 luculentum
736 1518 806 1563 est,
836 1528 924 1556 tum
953 1518 1057 1557 mihi
1085 1529 1318 1571 argumento
1346 1521 1414 1566 est,
1446 1523 1547 1559 recte
1572 1522 1644 1560 esse
1668 1523 1714 1561 in

322 1585 542 1638 Hispaniis.
589 1584 730 1622 Minus
761 1584 871 1622 enim
901 1584 1101 1630 auderent,
1134 1585 1160 1623 fi
1192 1585 1304 1624 aliter
1330 1586 1447 1625 effet:
1480 1596 1518 1625 et
1539 1588 1709 1633 scirent5

321 1666 412 1690 nam
433 1661 471 1689 et
485 1651 630 1702 juncti,
661 1659 700 1687 et
720 1649 928 1701 diligentes
950 1649 1053 1689 sunt.
1087 1650 1239 1689 Odium
1260 1660 1390 1690 autem
1411 1654 1512 1690 recte
1531 1653 1711 1691 animad-

323 1718 439 1755 vertis
461 1716 724 1768 fignificatum
745 1714 911 1754 theatro.
951 1717 1145 1768 Legiones
1166 1718 1284 1755 etiam
1304 1716 1389 1763 has,
1420 1731 1515 1769 quas
1537 1719 1578 1756 in
1600 1719 1714 1757 Italia

322 1783 535 1835 affumpffl,
565 1781 810 1819 alieniffimas
841 1781 914 1819 effe
930 1782 1074 1821 video:
1107 1783 1170 1821 sed
1200 1792 1330 1821 tamen
1360 1783 1463 1821 nihil
1492 1785 1711 1830 inimicius,

322 1862 441 1901 quam
462 1848 533 1885 fibi
554 1846 649 1899 ipse.
680 1846 787 1884 Illud
808 1848 908 1884 recte
930 1848 1063 1893 times,
1093 1862 1141 1886 ne
1162 1857 1247 1886 ruat
1266 1863 1274 1886 :
1307 1849 1334 1886 fi
1355 1849 1583 1901 desperarit,
1608 1859 1714 1888 certe

325 1923 437 1952 ruet:
471 1926 550 1966 quo
570 1913 694 1964 magis
725 1912 979 1950 efficiendum
1008 1913 1159 1966 aliquid
1188 1913 1256 1958 est,
1288 1912 1451 1952 fortuna
1474 1914 1595 1953 velim
1624 1928 1716 1953 me-

322 1979 433 2025 liore,
460 1980 593 2018 animo
614 1978 801 2016 Caeliano.
835 1978 907 2016 Sed
928 1979 1103 2031 primum
1125 1979 1299 2032 quidque
1315 1998 1327 2024 ς
1350 1979 1472 2032 quod,
1495 1980 1716 2032 qualecun-

324 2059 400 2097 que
429 2046 517 2090 erit‚
549 2044 740 2082 continuo
769 2043 880 2082 scies.
926 2044 1013 2082 Nos
1029 2046 1183 2097 juveni,
1216 2055 1259 2083 ut
1287 2057 1413 2097 rogas,
1443 2045 1715 2098 suppeditabi-

325 2124 428 2155 mus»,
458 2120 498 2148 et
518 2109 833 2162 Peloponnesum
853 2109 975 2162 ipsam
996 2110 1289 2150 sustinebimus.
1320 2110 1388 2149 Est
1407 2111 1514 2149 enim
1535 2110 1710 2155 indoles;

326 2175 445 2213 modo
473 2174 634 2227 aliquod
662 2173 739 2213 hoc
771 2175 816 2213 fit
848 2167 952 2216 ²39&
969 2167 1091 2225 δῖὃαχῇ
1115 2169 1259 2214 ἀλῶἶόνε
1292 2174 1399 2226 quod
1419 2175 1446 2212 fi
1466 2174 1594 2213 adhuc
1615 2174 1711 2212 nul-

326 2241 412 2278 lum
437 2241 506 2286 est,
535 2240 608 2278 effe
641 2250 770 2278 tamen
797 2239 950 2292 potest;
981 2249 1050 2280 aut
1078 2235 1171 2289 ἀρετὴ
1202 2254 1283 2280 non
1313 2239 1367 2278 est
1396 2232 1573 2278 δὶδὶικτὶνε
1604 2239 1721 2292 quod.

328 2304 429 2344 mihi
449 2305 664 2358 persuaderi
686 2319 765 2344 non
785 2304 924 2359 potest.
