2243 3008
502 245 584 286 472
858 227 1552 268 EPISTOLARUM

508 327 717 381 pecuniam
738 325 959 364 numeravit
980 324 1027 363 de
1054 324 1136 363 suo.
1184 323 1305 376 Qod
1335 337 1428 362 cum
1458 324 1548 362 effet
1578 323 1741 369 saelum,
1773 323 1900 363 adivi-

506 407 596 432 mus
618 393 664 430 ad
685 392 890 437 Caesarem,
908 391 1023 428 verba
1044 389 1212 428 fecimus
1234 403 1305 441 pro
1326 389 1562 435 Buthrotiis,
1586 390 1901 428 liberaliffimum

509 459 712 497 decretum
731 457 964 495 abstulimus
982 475 993 501 ς
1026 454 1133 507 quod
1152 454 1207 493 est
1226 455 1475 507 obfignatum
1503 456 1550 493 ab
1572 456 1817 508 ampliffimis
1839 456 1901 493 vi·-

509 525 577 563 ris.
658 538 714 562 uae
734 536 828 561 cum
848 521 968 560 essent
989 523 1084 565 aeta,
1116 520 1248 558 mirari
1269 520 1431 572 quidem
1452 521 1639 567 solebam,
1671 522 1751 574 pati
1773 521 1902 560 Caesa-

510 604 594 628 rem
614 588 824 627 convenire
843 600 923 632 eos,
955 587 1024 639 qui
1054 598 1193 637 agrum
1220 583 1479 623 Buthrotium
1500 586 1798 639 concupissent;
1833 599 1903 624 ne-

510 668 588 707 que
608 653 734 692 solum
757 653 851 705 pati,
884 651 947 689 sed
977 651 1097 689 etiam
1130 650 1165 687 ei
1199 649 1358 701 negotio
1389 659 1425 688 te
1453 649 1662 702 praeficere.
1709 652 1847 704 Itaque
1866 659 1907 688 et

511 734 585 773 ego
605 733 698 758 curn
719 718 791 756 illo
811 717 969 755 locutus
990 715 1091 760 sum,
1122 724 1162 753 et
1193 714 1330 767 saepius
1362 715 1542 768 quidem,
1573 725 1618 753 ut
1647 716 1766 754 etiam
1786 729 1906 754 accu-

512 786 610 823 sarer
634 785 682 822 ab
712 797 773 829 eo,
804 782 912 835 quod
942 795 1080 835 parum
1110 780 1335 819 constantiae
1367 781 1440 819 suae
1469 780 1739 820 confiderem:
1771 791 1810 820 et
1840 781 1906 821 M.

513 851 716 895 Mefl‘allae,
747 859 786 888 et
806 849 877 902 ipsi
897 849 1053 893 Attico,
1084 847 1202 893 dixit,
1234 857 1279 885 ut
1299 847 1377 885 fine
1398 860 1491 885 cura
1518 846 1638 885 essent
1657 863 1665 886 :
1698 856 1910 900 aperteque

510 915 752 961 ostendebat,
796 914 832 952 se
866 913 1118 967 praesentium
1152 913 1304 951 animos
1343 914 1440 965 (erat
1475 913 1581 951 enim
1617 913 1834 966 popularis,
1866 922 1911 952 ut

512 984 646 1034 noras)
669 981 867 1020 offendere
889 980 1016 1018 nolle:
1050 993 1143 1018 cum
1165 992 1270 1018 mare
1291 979 1519 1025 transiffent,
1542 989 1770 1018 curaturum
1793 979 1843 1024 se,
1866 988 1913 1018 ut

513 1049 556 1087 in
577 1048 700 1087 alium
721 1059 860 1099 agrum
881 1046 1183 1084 deducerentur.
1229 1045 1329 1083 Haec
1349 1044 1421 1084 illo
1442 1046 1546 1084 vivo.
1593 1044 1683 1084 Post
1704 1045 1913 1084 interitum

512 1123 647 1152 autem
669 1112 844 1158 Caesaris,
862 1120 906 1150 ut
926 1111 1103 1164 primum
1122 1124 1171 1149 ex
1191 1110 1552 1150 senatus-consulto
1568 1110 1697 1150 causas
1720 1110 1913 1150 Consules

514 1179 750 1233 cognoscere
769 1178 1039 1223 instituerunt,
1069 1175 1169 1223 haec,
1200 1191 1287 1230 quae
1316 1177 1429 1230 supra
1458 1176 1604 1230 scripfi,
1635 1177 1682 1216 ad
1703 1189 1768 1216 eos
1789 1176 1915 1215 delata

516 1245 621 1285 sunt.
668 1244 939 1283 Probaverunt
963 1241 1117 1281 causam
1139 1242 1217 1281 fine
1246 1241 1328 1281 ulla
1357 1242 1620 1288 dubitatione,
1652 1242 1768 1296 seque
1797 1241 1843 1280 ad
1874 1251 1913 1281 te

515 1312 648 1352 literas
669 1310 827 1350 daturos
848 1309 921 1349 effe
940 1309 1141 1348 dixerunt.
1188 1310 1277 1362 Ego
1297 1317 1444 1355 autem,
1477 1309 1534 1347 mi
1556 1309 1714 1355 Plance,
1745 1308 1812 1347 etsi
1835 1322 1916 1347 non

514 1377 766 1424 dubitabam,
797 1376 896 1430 quin
927 1385 967 1415 et
999 1375 1422 1421 senatus-consultum,
1453 1384 1492 1414 et
1523 1375 1603 1420 lex,
1634 1384 1673 1414 et
1704 1375 1917 1414 consulum

515 1444 722 1482 decretum
752 1455 796 1480 ac
827 1442 949 1480 literae
979 1440 1082 1494 apud
1114 1450 1151 1478 te
1182 1440 1403 1493 plurimum
1435 1441 1677 1478 auetoritatis
1709 1439 1914 1486 haberent,

518 1519 637 1562 teque
670 1507 787 1561 ipfius
820 1506 950 1544 Attici
982 1505 1094 1543 causa
1124 1505 1224 1543 velle
1256 1505 1556 1549 intellexeram;
1591 1514 1720 1543 tamen
1749 1504 1826 1543 hoc
1847 1519 1919 1558 pro

517 1573 802 1627 conjunCtione
826 1581 866 1611 et
897 1571 1172 1610 benevolentia
1198 1569 1325 1609 nostra
1356 1569 1459 1608 mihi
1492 1570 1650 1624 sumpfi,
1682 1579 1727 1609 ut
1757 1571 1797 1608 id
1829 1584 1850 1609 a
1881 1581 1919 1610 te

518 1650 710 1695 peterem,
741 1637 849 1692 quod
871 1647 937 1676 tua
958 1637 1162 1690 singularis
1183 1635 1407 1675 humanitas
1431 1637 1719 1690 suaviffimique
1747 1651 1872 1676 mores
1899 1651 1921 1676 a

520 1716 561 1745 te
580 1705 700 1744 effent
720 1704 984 1758 impetraturi.
1018 1703 1063 1742 Id
1085 1713 1216 1742 autem
1237 1703 1305 1748 est,
1329 1712 1373 1741 ut
1393 1702 1485 1748 hoc,
1508 1703 1614 1755 quod
1638 1713 1675 1741 te
1696 1713 1761 1741 tua
1782 1704 1919 1756 sponte

520 1771 721 1811 facturum
741 1770 814 1810 effe
833 1780 942 1809 certo
963 1769 1057 1816 scio,
1080 1768 1242 1808 honoris
1265 1768 1383 1807 nostri
1404 1769 1517 1807 causa
1542 1770 1726 1814 libenter,
1750 1769 1918 1822 prolixe,

521 1837 716 1883 celeriter,
747 1835 881 1874 facias.
928 1835 1039 1874 Mihi
1073 1849 1190 1873 nemo
1215 1834 1267 1872 est
1288 1835 1466 1880 amicior,
1499 1835 1818 1887 necjucundior,
1850 1848 1921 1873 nec

523 1905 664 1948 carior,
696 1902 863 1941 Attico:
896 1902 1010 1954 cujus
1032 1910 1144 1940 antea
1164 1915 1222 1939 res
1244 1901 1372 1939 solum
1396 1900 1603 1939 familiaris
1624 1901 1824 1953 agebatur,
1856 1915 1921 1938 ea-

524 1982 603 2022 que
624 1980 792 2019 magna;
827 1980 933 2005 nunc
954 1966 1107 2005 acceffit
1127 1967 1245 2004 etiam
1274 1966 1526 2010 existimatio,
1559 1975 1618 2010 ut,
1650 1966 1757 2018 quod
1784 1966 1923 2004 conse-

523 2043 642 2073 cutus
664 2033 717 2071 est
738 2045 879 2084 magna
899 2040 938 2069 et
958 2031 1146 2070 industria
1166 2041 1204 2069 et
1225 2032 1362 2083 gratia,
1393 2041 1431 2069 et
1452 2032 1542 2069 vivo
1573 2031 1720 2069 Caesare
1747 2042 1786 2069 et
1815 2046 1924 2070 mor-

525 2110 612 2145 tuo,
644 2098 700 2144 id,
733 2107 770 2136 te
790 2098 1012 2150 adjuvante,
1044 2097 1235 2135 obtineat.
1269 2097 1389 2148 Qod
1412 2097 1436 2135 sl
1459 2111 1479 2134 a
1500 2106 1537 2135 tc
1557 2098 1631 2135 erit
1652 2098 1925 2151 impetratum,

527 2167 578 2207 fic
600 2165 721 2204 velim
742 2163 955 2210 existimes,
989 2177 1052 2202 me
1074 2163 1120 2201 de
1143 2173 1208 2202 tua
1229 2164 1462 2202 liberalitate
1485 2164 1538 2201 ita
1559 2164 1924 2217 interpretaturum,

528 2241 574 2273 ut
601 2241 671 2271 tuo
692 2231 847 2270 summo
878 2230 1072 2269 beneficio
1102 2243 1165 2269 me
1195 2230 1379 2269 affeetum
1401 2230 1596 2282 judicem.
1647 2231 1749 2282 Ego,
1780 2244 1867 2282 quae
1889 2239 1927 2267 te

528 2299 645 2345 velle,
676 2311 841 2351 quaeque
862 2296 907 2335 ad
931 2306 967 2336 te
988 2297 1198 2350 pertinere,
1230 2297 1462 2343 arbitrabor,
1495 2295 1660 2336 studiose
1693 2296 1925 2349 diligenter-

528 2379 609 2419 que
629 2364 789 2403 curabo.
823 2363 885 2402 Da
905 2377 1064 2417 operam
1087 2372 1129 2402 ut
1151 2362 1290 2403 valeas.
