2243 3008
571 238 678 277 AD
737 235 1167 275 ATT1cUM
1235 236 1502 277 LIB.X1.
1656 252 1732 291 3¹7

684 473 926 510 CICERO
967 473 1221 510 A‘r'rxco
1263 471 1392 509 SAL.

349 601 486 640 XXII.
500 599 589 672 D
607 601 623 638 Ι
639 600 671 637 L
688 600 705 638 Ι
720 601 759 638 G
775 601 805 638 E
823 600 863 638 N
879 601 916 638 T
933 601 965 637 E
982 600 1018 637 R
1049 598 1150 638 mihi
1179 597 1411 637 fasciculum
1432 600 1601 638 reddidit
1621 601 1737 639 BaIbi

623 665 860 703 tabellarius.
895 665 1044 717 Accepi
1065 665 1172 702 enim
1193 677 1213 701 a
1233 673 1270 702 te
1291 664 1436 710 literas,
1458 665 1602 717 quibus
1624 667 1734 703 vide-

350 731 400 768 ris
433 732 569 776 vereri,
601 739 644 768 ut
673 730 851 782 epistolas
883 730 968 767 illas
1001 729 1246 782 acceperim,
1279 743 1373 781 quas
1401 730 1561 782 quidem
1592 731 1735 769 vellem

350 795 451 834 mihi
472 809 676 848 nunquam
696 795 891 834 redditas:
923 804 1115 833 auxerunt
1141 795 1249 832 enim
1281 794 1382 832 mihi
1409 795 1599 834 dolorem.
1647 797 1735 834 Nec

351 861 376 898 fi
399 861 439 898 in
456 861 627 913 aliquem
645 859 882 904 incidiffent,
904 858 1122 911 quidquam
1139 859 1235 896 novi
1255 859 1488 898 attulissent:
1512 860 1609 912 quid
1629 860 1737 899 enim

351 935 431 964 tam
452 927 742 978 pervulgatum,
760 939 879 978 quam
900 925 1007 963 illius
1029 925 1070 962 in
1091 938 1155 962 me
1174 924 1326 969 odium,
1344 934 1382 962 et
1402 939 1524 977 genus
1546 926 1622 964 hoc
1643 926 1735 964 lite-

350 994 512 1030 rarum?
545 992 650 1044 quod
673 1006 719 1030 ne
741 991 866 1030 Caesar
885 991 1046 1044 quidem
1076 990 1123 1028 ad
1153 990 1243 1028 istos
1270 990 1424 1028 videtur
1448 991 1599 1036 mififfe,
1631 992 1737 1044 quas1

351 1071 432 1110 quo
453 1059 559 1104 illius
582 1046 834 1110 improbitate
854 1057 1131 1101 offenderetur,
1151 1056 1227 1101 sed,
1245 1056 1375 1102 credo,
1394 1058 1453 1094 uti
1473 1058 1625 1095 notiora
1646 1057 1736 1095 nos-

350 1132 408 1161 tra
429 1124 529 1162 mala
549 1123 681 1162 effent.
717 1123 824 1161 Nam
844 1122 951 1174 quod
973 1131 1009 1159 te
1030 1122 1151 1160 vereri
1172 1122 1322 1167 scribis,
1354 1136 1402 1160 ne
1423 1122 1483 1160 illi
1504 1123 1646 1167 obsint,
1678 1124 1738 1161 ei-

350 1202 427 1240 que
448 1189 502 1226 rei
522 1188 697 1232 mederi,
730 1201 778 1225 ne
799 1187 924 1239 rogari
945 1186 1106 1239 quidem
1134 1186 1170 1224 se
1190 1186 1314 1238 paffus
1342 1187 1395 1224 est
1427 1187 1473 1225 de
1500 1187 1570 1225 illo
1589 1203 1597 1226 :
1630 1189 1739 1239 quod

350 1253 513 1305 quidem
535 1253 637 1291 mihi
657 1252 867 1291 molestum
887 1266 965 1291 non
987 1252 1060 1298 est,
1084 1252 1184 1290 illud
1205 1251 1421 1297 molestius,
1442 1252 1528 1290 istas
1549 1253 1739 1305 impetra-

351 1319 476 1357 tiones
500 1319 643 1357 nostras
665 1317 767 1356 nihil
788 1318 928 1357 valere.
972 1317 1090 1369 Sylla,
1113 1326 1157 1355 ut
1177 1318 1333 1369 opinor,
1363 1331 1444 1355 cras
1465 1317 1531 1355 hic
1551 1319 1625 1356 erit
1645 1331 1739 1356 cum

352 1385 527 1423 Meffala.
561 1386 737 1423 Currunt
757 1384 804 1422 ad
824 1384 941 1422 illum
963 1383 1061 1436 pulfi
1082 1396 1103 1421 a
1122 1383 1343 1428 militibus,
1367 1384 1436 1434 qui
1457 1383 1493 1420 se
1510 1392 1652 1435 negant
1673 1383 1741 1421 us-

349 1464 485 1503 quam,
516 1451 586 1489 nifi
607 1451 842 1503 acceperint.
876 1452 983 1502 Ergo
1004 1450 1072 1487 ille
1098 1448 1178 1487 huc
1205 1449 1334 1491 veniet
1350 1467 1363 1494 3
1394 1448 1502 1502 quod
1522 1463 1602 1487 non
1622 1458 1740 1502 puta-

351 1516 445 1553 bant
465 1531 472 1553 :
507 1516 611 1553 tarde
633 1515 822 1567 quidem;
855 1515 994 1553 itinera
1013 1515 1121 1552 enim
1145 1515 1200 1552 ita
1219 1514 1329 1559 facit,
1360 1523 1405 1552 ut
1425 1514 1573 1552 multos
1595 1514 1675 1552 dies
1697 1515 1743 1552 in

352 1581 544 1633 oppidum
575 1590 708 1633 ponat.
756 1579 972 1619 Pharnaces
1002 1589 1150 1625 autem,
1180 1593 1342 1632 quoquo
1372 1579 1491 1618 modo
1511 1589 1612 1632 aget,
1643 1579 1744 1619 affe-.

353 1656 410 1685 ret
432 1660 597 1685 moram.
644 1646 754 1698 Qid
785 1645 885 1684 mihi
915 1647 1038 1699 igitur
1067 1645 1227 1684 censes?
1254 1647 1339 1697 jam
1365 1646 1473 1684 enim
1492 1659 1654 1698 corpore
1674 1645 1744 1684 vix

352 1711 519 1754 sustineo
539 1713 768 1764 gravitatem
789 1711 908 1764 hujus
929 1712 1028 1757 caeli,
1051 1725 1136 1764 quae
1158 1710 1258 1749 mihi
1279 1711 1454 1749 laborem
1473 1710 1584 1748 affert
1604 1711 1644 1748 in
1666 1710 1740 1748 do-

353 1778 450 1816 lore.
482 1779 547 1815 An
569 1776 630 1815 his
652 1777 749 1815 illuc
770 1778 955 1815 euntibus
976 1777 1176 1822 mandem,
1198 1786 1241 1815 ut
1261 1790 1325 1815 me
1345 1776 1543 1821 excusent,
1575 1776 1654 1828 ipse
1673 1788 1740 1813 ac-

353 1843 490 1883 cedam
524 1844 719 1895 propius?
758 1843 913 1894 Qaeso,
945 1843 1130 1888 attende,
1161 1851 1199 1881 et
1232 1856 1312 1888 me,
1342 1841 1449 1895 quod
1483 1841 1610 1879 adhuc
1645 1841 1742 1893 saepe

355 1918 511 1961 togatus
534 1922 612 1946 non
633 1908 774 1953 fecisti,
797 1909 958 1947 confilio
973 1910 1067 1961 juva
1085 1924 1093 1947 :
1118 1908 1196 1946 scio
1217 1922 1300 1946 rem
1320 1907 1525 1946 difficilem
1546 1906 1645 1951 effe3
1678 1906 1747 1944 sed

357 1985 400 2014 ut
430 1976 470 2013 in
502 1975 630 2013 malis.
676 1975 809 2014 Etiam
830 1975 931 2014 illud
952 1988 1037 2014 mea
1057 1975 1191 2027 magni
1211 1974 1383 2019 interest,
1414 1983 1452 2012 te
1483 1982 1527 2011 ut
1558 1972 1708 2011 videam
1727 1987 1743 2010 z.

354 2040 531 2094 profecto
550 2040 699 2093 aliquid
719 2040 936 2093 profecero,
968 2042 995 2080 fi
1022 2041 1063 2081 id
1092 2040 1291 2080 acciderit.
1338 2041 1401 2083 De
1421 2039 1665 2084 testamento,
1696 2046 1743 2075 ut

356 2106 508 2151 scribis,
540 2106 836 2147 animadvertes.
