2243 3008
531 174 638 213 AD
697 173 1129 242 AT,T¹CUM
1197 176 1504 219 LIB.X1V.
1633 192 1710 233 403

324 272 507 311 videntur
527 271 708 310 habitura
726 270 845 310 etiam
865 270 1109 309 vetustatem.
1156 273 1209 310 Et
1239 274 1382 313 Balbus
1410 275 1476 314 hic
1503 276 1570 321 est,
1603 278 1710 315 mul-

326 347 492 390 tumque
520 350 706 375 mecum:
738 336 786 374 ad
817 349 936 388 quem
968 349 989 373 a
1017 336 1158 374 Vetere
1187 337 1308 375 literae
1338 339 1434 377 datae
1463 342 1589 393 pridie
1619 342 1709 380 Kal.

325 405 484 455 Januar.
506 415 599 441 cum
620 416 641 440 a
661 402 697 440 se
719 402 903 440 Caecilius
924 402 1288 448 circumsederetur,
1319 413 1359 441 et
1381 406 1464 456 jam
1487 415 1708 452 teneretur;

324 468 466 507 veniffe
495 481 587 506 cum
617 467 802 506 maximis
832 468 957 520 copiis
989 468 1181 506 Pacorum
1214 468 1433 508 Parthum:
1467 471 1521 508 ita
1547 472 1616 509 fibi
1641 473 1712 510 effe

324 547 416 572 eum
436 542 631 586 ereptum,
663 533 801 571 multis
835 533 911 571 suis
943 533 1112 572 amissis:
1145 534 1186 571 in
1214 547 1292 586 qua
1322 549 1361 573 re
1392 535 1544 574 accusat
1566 537 1710 574 Volca-

325 599 442 637 tium.
489 599 549 637 Ita
572 598 674 636 mihi
695 598 850 636 videtur
870 597 1021 636 bellum
1042 598 1143 636 illud
1166 599 1302 637 instare
1321 614 1329 638 :
1363 599 1426 638 sed
1448 601 1656 639 Dolabella
1675 612 1713 640 et

324 664 462 703 Nicias
484 663 667 703 viderint.
702 663 810 702 Idem
833 663 978 702 Balbus
1000 664 1162 702 meliora
1181 664 1229 703 de
1246 665 1378 703 Gallia
1400 679 1477 704 xxx
1502 666 1564 704 die
1584 667 1713 705 literas

323 728 521 774 habebat;
562 730 781 767 Germanos
813 728 976 780 illasque
1008 729 1200 775 nationes,
1238 744 1278 768 re
1308 730 1439 768 audita
1470 731 1517 768 de
1550 731 1710 776 Caesare,

325 795 472 847 legatos
495 794 633 833 misisse
653 793 699 832 ad
720 794 946 838 Aurelium,
977 795 1047 846 qui
1077 795 1130 833 est
1158 796 1384 848 praepositus
1407 797 1453 834 ab
1475 797 1628 842 Hirtio,
1660 798 1712 843 se,

325 861 433 913 quod
467 861 704 913 imperatum
739 860 844 905 effet,
885 859 958 898 effe
991 859 1176 900 facturos.
1224 862 1334 913 Qid
1368 863 1541 915 quaeris?
1581 865 1715 902 omnia

324 927 440 980 plena
459 927 581 979 pacis,
613 926 724 964 aliter
744 939 786 964 ac
806 924 909 964 mihi
931 925 1102 965 Calvena
1121 926 1285 966 dixerat.

661 1125 903 1164 CICERO
945 1127 1202 1164 ATTrco
1246 1127 1375 1166 SAL.

325 1254 379 1293 X.
404 1252 644 1326 ITA-NE
675 1267 764 1292 vero
784 1253 796 1290 ?
827 1251 905 1292 hoc
926 1266 1036 1292 meus
1057 1261 1095 1290 et
1117 1261 1207 1291 tuus
1230 1254 1374 1292 Brutus
1395 1257 1490 1308 egit,
1514 1266 1557 1295 ut
1579 1257 1714 1296 Lanu-

482 1319 538 1358 vii
557 1318 648 1356 effet
666 1319 680 1356 ?
712 1327 756 1356 ut
776 1318 1003 1356 Trebonius
1024 1319 1232 1357 itineribus
1254 1319 1375 1358 deviis
1405 1321 1718 1373 proficisceretur

325 1385 368 1424 in
389 1383 634 1437 provinciam
654 1384 666 1420 ?
700 1392 743 1421 ut
763 1383 897 1420 omnia
915 1381 1028 1428 fasta,
1061 1383 1216 1436 scripta,
1248 1383 1363 1430 dieta,
1385 1386 1581 1437 promissa,
1606 1389 1719 1441 cogi-

326 1459 420 1495 tata,
452 1449 612 1488 Caesaris
639 1449 729 1501 plus
751 1448 936 1493 valerent,
969 1462 1088 1502 quam
1119 1450 1145 1487 fi
1176 1449 1256 1502 ipse
1286 1451 1462 1489 viveret?
1495 1453 1720 1493 Meministi

326 1528 393 1554 me
424 1514 605 1559 clamare,
637 1514 708 1552 illo
727 1513 812 1566 ipso
831 1513 963 1565 primo
983 1513 1214 1565 Capitolino
1241 1515 1318 1560 die,
1350 1517 1536 1555 Senatum
1566 1519 1607 1556 in
1639 1521 1718 1558 Ca-

327 1581 517 1635 pitolium
537 1594 558 1617 a
578 1579 815 1618 Praetoribus
836 1579 965 1618 vocari
983 1580 996 1617 ?
1020 1579 1092 1618 Dii
1112 1579 1371 1627 immortales,
1388 1596 1474 1635 quae
1497 1592 1582 1623 tum
1604 1599 1719 1638 opera

329 1648 435 1686 effici
467 1655 695 1700 potuerunt,
726 1645 951 1684 laetantibus
982 1646 1170 1685 omnibus
1204 1647 1334 1692 bonis,
1364 1650 1483 1687 etiam
1503 1650 1558 1688 sat
1588 1651 1716 1697 bonis,

326 1713 458 1752 fractis
480 1712 732 1750 latronibus?
763 1711 961 1751 Liberalia
992 1721 1036 1750 tu
1067 1712 1236 1752 accusas.
1282 1713 1394 1765 Qid
1423 1714 1507 1753 fieri
1536 1725 1621 1754 tum
1644 1731 1717 1769 po-

328 1779 433 1817 tuit?
451 1779 534 1831 jam
554 1777 708 1830 pridem
728 1778 981 1830 perieramus.
1013 1778 1287 1817 Meministine
1309 1788 1346 1817 te
1366 1779 1547 1827 clamare,
1566 1783 1719 1821 causam

327 1843 493 1898 periisse,
511 1843 537 1881 fi
559 1841 695 1881 funere
715 1843 839 1882 elatus
859 1843 978 1882 effet?
1001 1844 1058 1882 At
1078 1843 1146 1882 ille
1165 1844 1284 1889 etiam
1304 1844 1345 1883 in
1365 1844 1454 1884 foro
1474 1847 1717 1893 combustus,

328 1909 584 1962 laudatusque
614 1908 915 1954 miserabiliter;
948 1908 1124 1962 servique
1153 1918 1192 1948 et
1221 1919 1378 1962 egentes
1408 1911 1450 1949 in
1476 1915 1574 1951 tecta
1592 1913 1720 1952 nostra

327 1990 423 2015 cum
443 1975 596 2015 facibus
616 1975 792 2014 immiffi.
836 1976 937 2028 Qae
968 1974 1108 2014 deinde
1127 1977 1140 2014 ?
1172 1985 1217 2014 ut
1240 1976 1406 2016 audeant
1426 1978 1569 2024 dicere,
1601 1981 1720 2018 Tune

328 2051 467 2081 contra
487 2041 645 2081 Caesaris
667 2051 810 2081 nutum
829 2043 843 2080 ?
875 2042 974 2080 Haec
995 2050 1034 2080 et
1053 2041 1128 2080 alia
1146 2041 1247 2081 ferre
1268 2056 1345 2081 non
1369 2043 1535 2095 poffum.
1581 2046 1721 2098 Itaque

330 2103 389 2153 γῆν
406 2105 475 2156 τρὶ
495 2102 555 2154 γῆς
587 2107 749 2158 cogito:
782 2115 848 2145 tua
878 2116 1009 2145 tamen
1038 2104 1225 2155 ὑπηνέμιος.
1271 2108 1425 2146 Nausea
1450 2109 1586 2160 jamne
1606 2111 1721 2162 plane

330 2171 459 2210 abiit?
490 2170 594 2209 mihi
620 2171 782 2225 quidem
816 2185 866 2210 ex
892 2172 970 2210 tuis
999 2171 1124 2210 literis
1151 2173 1388 2223 conjectanti
1416 2174 1470 2211 ita
1498 2174 1718 2214 videbatur.

329 2237 466 2276 Redeo
486 2237 533 2276 ad
553 2238 755 2285 Tebaffos,
777 2239 938 2284 Scaevas‚
961 2239 1186 2290 Frangones
1205 2253 1215 2277 ε
1247 2237 1319 2276 hos
1342 2248 1384 2276 tu
1405 2239 1600 2278 existimas
1622 2255 1721 2279 con-

332 2302 449 2341 fidere
469 2301 506 2340 se
525 2302 594 2341 illa
612 2302 833 2350 habituros,
864 2304 1054 2342 stantibus
1078 2303 1221 2341 nobis?
1254 2303 1293 2341 in
1316 2304 1462 2356 quibus
1482 2305 1572 2358 plus
1593 2307 1721 2344 virtu-

333 2368 383 2405 tis
405 2375 607 2419 putarunt,
629 2382 748 2421 quam
768 2369 921 2423 experti
942 2369 1054 2407 sunt:
1080 2368 1183 2421 pacis
1205 2368 1266 2406 isti
1287 2368 1437 2407 scilicet
1458 2380 1661 2417 amatores,
1683 2381 1724 2410 et

335 2445 414 2471 non
435 2432 633 2472 latrocinii
652 2435 859 2474 auetores?
891 2436 947 2474 At
976 2448 1049 2488 ego
1078 2447 1172 2473 cum
1201 2434 1277 2473 tibi
1304 2434 1351 2472 de
1382 2436 1556 2475 Curtilio
1577 2436 1722 2490 scripfi,

1235 2501 1269 2538 E
1299 2514 1319 2538 e
1349 2514 1369 2539 e
1399 2513 1421 2540 2
