2243 3008
445 283 519 312 102
787 271 1471 310 EPISTOLARUM

439 371 534 423 quia
553 371 603 409 sic
624 370 775 409 amabat
796 371 977 423 patriam,
1008 381 1051 409 ut
1083 369 1184 409 mihi
1211 371 1344 423 aliquo
1364 370 1526 408 deorum
1548 370 1740 409 beneficio
1758 369 1820 409 vi-

439 435 576 474 deatur
594 449 642 474 ex
662 437 744 488 ejus
766 436 948 474 incendio
968 436 1039 474 effe
1059 445 1229 488 ereptus.
1276 435 1383 474 Nam
1404 435 1501 488 quid
1530 435 1674 474 foedius
1696 435 1822 474 nostra

439 502 549 540 vita?
580 502 773 554 praecipue
794 515 879 539 mea
897 503 909 538 ?
941 514 1031 539 nam
1054 510 1096 538 tu
1117 500 1292 553 quidem,
1323 500 1390 538 etsi
1411 513 1450 538 es
1472 509 1607 538 natura
1625 498 1818 544 πολιτικὶς,

439 574 571 604 tamen
603 566 752 604 nullam
783 565 900 604 habes
933 568 1131 619 propriam
1162 565 1413 603 servitutem:
1446 566 1650 604 communi
1680 564 1821 603 frueris

439 631 616 669 nomine.
648 632 736 683 Ego
757 644 860 676 vero,
892 632 976 683 qui,
1008 631 1034 669 fi
1055 631 1197 683 loquor
1216 630 1262 668 de
1283 629 1505 682 Republica
1524 631 1630 681 quod
1649 623 1819 682 oportet,

438 696 624 741 insanus;
657 696 681 734 si
704 697 811 748 quod
830 710 928 748 opus
948 696 1016 741 est,
1048 696 1174 734 servus
1196 696 1422 740 existimor;
1454 696 1480 733 fi
1509 705 1630 740 taceo,
1661 695 1821 748 oppres-

438 760 502 800 sus
532 771 572 799 et
602 771 766 813 captus;
798 775 878 814 quo
907 761 1041 799 dolore
1067 761 1138 799 effe
1159 761 1313 798 debeo?
1344 774 1424 813 quo
1445 760 1529 798 sum
1551 760 1714 805 scilicet,
1745 759 1822 798 hoc

437 826 559 864 etiam
578 826 738 870 acriore,
769 826 876 878 quod
897 839 946 863 ne
965 826 1095 864 dolere
1115 825 1277 878 quidem
1304 824 1471 877 poss'um,
1503 834 1547 862 ut
1579 837 1657 861 non
1688 824 1820 876 ingra-

439 897 503 928 tus
524 890 666 928 videar.
699 890 808 941 Qid
830 890 855 928 si
876 889 1012 927 ceffare
1033 890 1166 934 libeat,
1187 898 1226 927 et
1246 889 1286 926 in
1307 889 1379 926 otii
1399 898 1560 941 portum
1580 887 1820 940 confugere?

438 954 720 1007 Nequicquam
739 969 748 992 :
781 955 906 992 immo
925 956 1043 993 etiam
1066 955 1104 992 in
1127 954 1278 992 bellum
1298 963 1337 991 et
1365 954 1406 991 in
1427 953 1559 991 castra.
1605 954 1712 1006 Ergo
1743 954 1821 992 eri-

437 1032 527 1057 mus
548 1012 667 1061 ὀπαδοὶ,
697 1019 767 1070 qui
793 1016 883 1066 ταγοὶ
913 1019 986 1057 effe
1017 1019 1251 1057 noluimus?
1285 1018 1346 1056 Sic
1378 1017 1602 1056 faciendum
1633 1018 1713 1057 est:
1746 1019 1821 1057 tibi

437 1083 547 1122 enim
579 1083 665 1134 ipfi,
707 1083 773 1120 cui
808 1084 961 1122 utinam
993 1083 1143 1136 semper
1172 1083 1393 1136 paruissem,
1424 1083 1475 1121 fic
1509 1083 1622 1122 video
1653 1084 1818 1136 placere.

438 1147 603 1200 Reliqui
633 1146 702 1191 est,
733 1141 874 1195 Σπάρταν
905 1143 1039 1191 ἔλαχες,
1068 1143 1188 1182 ταύταν
1204 1143 1325 1195 κόσμᾶ.
1370 1147 1466 1185 Non
1486 1146 1710 1198 mehercule
1730 1148 1821 1201 pos-

437 1211 552 1257 sum;
583 1220 622 1249 et
652 1209 873 1249 Philoxeno
898 1209 1072 1262 ignosco,
1104 1210 1173 1262 qui
1202 1209 1336 1248 reduci
1368 1211 1409 1249 in
1440 1225 1633 1250 carcerem
1665 1213 1819 1251 maluit.

437 1277 706 1315 Veruntamen
727 1275 767 1313 id
788 1274 916 1327 ipsum
938 1288 1095 1313 mecum
1117 1275 1157 1313 in
1178 1274 1239 1313 his
1261 1275 1358 1314 locis
1387 1287 1649 1323 commentor,
1681 1287 1725 1315 ut
1754 1277 1822 1315 ista

437 1341 660 1395 improbem
676 1359 689 1386 ς
720 1340 840 1392 idque
861 1349 919 1385 tu,
950 1353 1042 1378 cum
1064 1353 1140 1377 una
1159 1340 1321 1385 erimus,
1352 1341 1619 1381 confirmabis.
1652 1344 1688 1380 A
1710 1352 1748 1381 te
1768 1342 1820 1380 li-

437 1416 536 1446 teras
557 1406 694 1445 crebro
714 1405 759 1443 ad
781 1418 844 1442 me
868 1404 984 1443 scribi
1005 1404 1146 1450 video;
1178 1405 1241 1443 sed
1267 1419 1403 1444 omnes
1436 1421 1516 1445 uno
1547 1417 1722 1461 tempore
1753 1421 1818 1446 ac-

436 1472 539 1525 cepi.
585 1472 684 1522 Qiae
711 1484 769 1509 res
790 1470 908 1509 etiam
928 1470 1037 1508 auxit
1057 1470 1233 1509 dolorem
1255 1484 1403 1510 meum.
1451 1472 1551 1511 Casu
1572 1475 1678 1511 enim
1701 1474 1819 1512 trinas

435 1547 525 1577 ante
544 1536 727 1589 legeram,
759 1536 904 1589 quibus
931 1535 1162 1574 meliuscule
1191 1536 1364 1574 Lentulo
1390 1537 1462 1575 effe
1490 1537 1678 1591 scriptum
1708 1548 1815 1577 erat:

436 1617 528 1642 ecce
547 1612 706 1656 quartae,
738 1601 907 1640 fulmen.
940 1601 1012 1640 Sed
1033 1601 1114 1646 ille,
1136 1611 1180 1639 ut
1201 1602 1345 1654 scripsi,
1368 1616 1446 1641 non
1468 1603 1583 1641 miser
1595 1623 1607 1649 ς
1641 1617 1710 1642 nos
1733 1618 1822 1643 vero

435 1667 565 1708 ferrei.
611 1668 731 1718 Qiod
756 1681 819 1706 me
839 1667 1023 1705 admones
1046 1676 1088 1705 ut
1109 1667 1275 1705 scribam
1295 1668 1363 1705 illa
1383 1668 1656 1715 Hortensiana,
1687 1671 1728 1708 in
1748 1671 1823 1708 alia

434 1734 573 1779 incidi,
605 1747 683 1772 non
704 1734 916 1771 immemor
936 1732 1043 1771 istius
1065 1733 1236 1771 mandati
1259 1733 1331 1771 tui.
1379 1734 1451 1772 Sed
1471 1734 1695 1773 mehercule
1715 1736 1818 1774 inci-

434 1798 580 1851 piendo
609 1797 766 1850 refugi;
799 1811 860 1843 ne,
892 1796 999 1849 quod
1028 1797 1161 1835 videor
1186 1797 1302 1836 stulte
1333 1798 1441 1836 illius
1473 1800 1590 1837 amici
1621 1800 1818 1852 intempe-

435 1864 534 1901 riem
556 1876 633 1901 non
657 1862 798 1907 tuliffe,
831 1863 958 1900 rursus
979 1861 1093 1899 stulte
1115 1861 1298 1913 injuriam
1319 1862 1428 1900 illius
1449 1861 1589 1901 faciam
1610 1863 1817 1910 illustrem,

437 1928 462 1967 si
483 1927 580 1980 quid
601 1927 812 1979 scripsero;
844 1936 882 1964 et
903 1926 1015 1963 simul
1039 1940 1085 1963 ne
1104 1922 1257 1966 βαθύτης
1281 1940 1380 1972 mea,
1411 1941 1496 1980 quae
1518 1929 1557 1966 in
1579 1929 1729 1980 agendo
1748 1944 1817 1982 ap-

435 1993 579 2046 paruit,
603 1993 642 2030 in
665 1991 868 2029 scribendo
890 1991 932 2028 sit
953 1991 1171 2036 oculatior3
1194 2000 1231 2028 et
1253 1991 1401 2044 aliquid
1424 1992 1630 2031 satisfactio
1651 1994 1819 2033 levitatis

435 2058 576 2096 habere
597 2057 784 2095 videatur.
832 2056 904 2110 Sed
925 2056 1151 2093 viderimus.
1189 2057 1255 2094 Tu
1277 2057 1395 2095 niodo
1415 2071 1532 2110 quam
1555 2059 1752 2111 saepissime
1773 2061 1819 2098 ad

435 2137 498 2161 me
518 2122 683 2174 aliquid.
730 2121 960 2174 Epistolam,
994 2122 1165 2159 Lucceio
1197 2135 1302 2160 nunc
1329 2137 1447 2175 quam
1480 2124 1580 2169 misi,
1612 2138 1688 2176 qua
1716 2139 1818 2163 meas

436 2201 493 2226 res
516 2196 559 2225 ut
580 2187 721 2225 scribat
743 2200 851 2239 rogo,
874 2185 934 2224 fac
956 2196 999 2224 ut
1020 2186 1067 2223 ab
1087 2200 1133 2224 eo
1155 2186 1278 2225 sumas
1298 2202 1306 2225 ε
1339 2187 1447 2226 valde
1471 2189 1570 2226 bella
1590 2189 1642 2227 est
1662 2205 1670 2227 z
1703 2204 1815 2228 cum-

434 2267 510 2306 que
533 2262 575 2290 ut
596 2262 840 2306 approperet,
870 2251 1113 2290 adhorteris:
1145 2261 1198 2297 et,
1230 2253 1335 2305 quod
1357 2252 1457 2291 mihi
1488 2254 1523 2292 se
1552 2255 1601 2292 ita
1622 2255 1817 2294 faflurum

435 2319 639 2371 rescripsit,
661 2332 748 2371 agas
768 2319 923 2371 gratias.
968 2319 1146 2357 Domum
1169 2319 1350 2365 nostram,
1373 2319 1501 2372 quoad
1522 2322 1680 2373 poteris,
1714 2322 1815 2359 invi-

435 2385 505 2424 sas.
539 2385 715 2423 Vestorio
735 2385 886 2438 aliquid
907 2384 1121 2437 significes:
1155 2385 1264 2424 valde
1285 2387 1391 2426 enim
1412 2385 1464 2425 est
1486 2387 1524 2425 in
1547 2401 1608 2425 me
1630 2388 1815 2426 liberalis.
