2243 3008
552 248 658 287 AD
717 247 1147 285 ATTICUM
1215 248 1355 288 LIB.
1408 251 1502 289 VII.
1651 264 1725 304 ¹77

336 360 582 400 nequaquam
603 347 690 384 satis
711 359 782 398 pro
803 346 900 384 meis
921 346 1078 391 officiis,
1111 360 1181 399 pro
1203 347 1319 400 ipsius
1341 349 1380 386 in
1403 349 1497 386 alios
1518 347 1718 389 effusione.

332 413 450 451 illum
470 414 510 450 in
532 425 594 450 me
615 412 816 450 liberalem
839 411 976 450 fuisse:
1008 412 1168 464 ejusque
1200 414 1254 450 rei
1286 413 1439 451 causam
1469 427 1556 451 vere
1587 414 1715 465 expli-

331 491 421 523 cas5
453 486 492 515 et
511 478 581 522 eis,
613 491 698 531 quae
719 478 766 515 de
788 477 911 515 Fabio
932 478 1180 530 Caninioque
1201 480 1281 517 acta
1301 479 1452 523 scribis,
1488 479 1597 516 valde
1618 493 1714 516 con-

329 542 526 581 sentiunt:
560 557 646 596 quae
667 543 692 581 s1
715 543 820 581 secus
842 543 975 588 effent,
999 552 1207 596 totumque
1228 543 1263 582 se
1284 544 1352 582 ille
1372 545 1413 582 in
1435 558 1496 582 me
1518 543 1715 596 profudis-

329 608 411 653 set;
445 618 575 646 tamen
606 609 688 654 illa,
720 623 839 662 quarn
870 609 1021 654 scribis,
1053 609 1179 647 custos
1211 610 1318 648 urbis
1349 624 1412 648 me
1441 609 1629 662 praeclarae
1651 610 1713 646 in-

326 673 549 726 scriptionis
583 688 798 713 memorem
833 675 905 713 effe
936 684 1120 727 cogeret;
1154 688 1225 713 nec
1261 675 1363 713 mihi
1395 675 1639 718 concederet,
1671 683 1714 711 ut

325 739 500 778 imitarer
534 739 778 785 Volcatium,
814 749 880 778 aut
916 740 1107 785 Servium,
1139 740 1285 792 quibus
1322 749 1365 778 tu
1399 753 1438 778 es
1474 749 1711 782 contentus;

326 803 390 842 sed
421 805 571 857 aliquid
603 818 672 843 nos
703 805 820 843 vellet
853 805 967 843 nobis
999 805 1167 857 dignum
1187 815 1226 843 et
1258 805 1398 844 sentire
1418 814 1457 843 et
1477 804 1710 843 defendere:

326 871 433 922 quod
453 870 614 923 quidem
636 884 804 922 agerem,
836 871 862 908 fi
895 871 1030 908 liceret
1059 871 1136 908 alio
1165 870 1285 909 modo
1316 884 1360 909 ac
1391 884 1496 908 nunc
1518 869 1713 922 agendum

325 936 392 974 est.
441 937 502 974 De
533 936 597 974 sua
628 936 804 989 potentia
827 935 1018 974 dimicant
1039 934 1220 974 homines
1241 935 1318 975 hoc
1340 946 1516 988 tempore
1536 934 1714 988 periculo

325 1001 510 1039 civitatis.
559 1002 664 1039 Nam
694 1001 720 1039 fi
753 1001 992 1053 Respublica
1012 1000 1264 1046 defenditur;
1297 1016 1368 1040 cur
1386 1015 1429 1039 ea
1450 1001 1622 1039 Consule
1642 1000 1714 1037 isto

324 1066 408 1119 ipso
429 1066 583 1104 defensa
603 1081 680 1105 non
703 1067 755 1104 est
775 1069 788 1104 ?
821 1080 891 1104 cur
910 1080 998 1118 ego,
1030 1067 1070 1104 in
1101 1069 1214 1119 cujus
1246 1068 1356 1106 causa
1386 1066 1632 1119 Reipublicae
1654 1066 1712 1103 sa-

322 1131 384 1169 lus
405 1131 647 1176 consistebat,
669 1131 848 1170 defensus
869 1132 1020 1184 postero
1040 1145 1142 1170 anno
1163 1146 1241 1170 non
1264 1133 1378 1171 sum?
1410 1146 1480 1170 cur
1500 1132 1714 1184 imperium

322 1196 398 1241 illi,
430 1205 496 1234 aut
516 1209 586 1234 cur
606 1197 676 1234 illo
699 1196 831 1241 modo,
855 1205 1108 1249 prorogatum
1129 1196 1182 1234 est
1200 1198 1213 1234 ?
1245 1211 1316 1235 cur
1336 1207 1536 1249 tantopere
1557 1209 1710 1249 pugna-

322 1271 410 1300 tum
431 1262 498 1306 est,
531 1271 574 1300 ut
601 1262 648 1300 de
679 1263 762 1314 ejus
794 1262 962 1300 absentis
994 1262 1142 1299 ratione
1171 1261 1350 1300 habenda
1379 1263 1514 1300 decem
1535 1263 1710 1300 Tribuni

321 1327 450 1379 plebis
470 1326 648 1365 ferrent?
682 1328 759 1365 His
792 1327 859 1365 ille
892 1327 1006 1365 rebus
1039 1327 1093 1365 ita
1119 1328 1335 1373 convaluit,
1368 1336 1411 1366 ut
1441 1328 1609 1365 nuncin
1632 1341 1711 1365 uno

321 1393 399 1430 civi
422 1406 478 1430 res
500 1392 546 1430 ad
567 1392 818 1431 resistendum
841 1393 885 1431 sit
904 1408 912 1431 :
945 1392 1015 1445 qui
1037 1392 1196 1430 mallem
1219 1402 1342 1431 tantas
1363 1393 1399 1430 ei
1421 1393 1518 1430 vires
1541 1406 1618 1430 non
1641 1393 1708 1430 de-

321 1457 447 1503 disset,
479 1471 598 1510 quam
620 1471 726 1496 nunc
748 1468 827 1496 tarn
849 1457 993 1496 valenti
1013 1457 1210 1496 refisteret.
1258 1458 1331 1496 Sed
1361 1458 1548 1511 quoniam
1578 1471 1634 1496 res
1665 1471 1711 1495 eo

321 1522 485 1560 deducta
517 1522 585 1567 est,
618 1536 696 1560 non
730 1536 916 1575 quaeram,
948 1531 993 1560 ut
1024 1522 1175 1567 scribis,
1206 1520 1278 1558 ποῦ
1296 1520 1434 1569 σκάφος
1451 1519 1487 1556 τὶ
1507 1519 1565 1557 τῶν
1586 1519 1708 1574 'Arga-

320 1583 399 1627 ὃῶνῖ
429 1587 530 1626 mihi
555 1585 686 1634 σκάφος
716 1602 841 1626 unum
872 1589 960 1634 erit,
992 1588 1099 1641 quod
1125 1602 1146 1626 a
1175 1588 1366 1640 Pompeio
1395 1587 1707 1640 gubernabitur:

320 1653 421 1691 illud
442 1653 586 1706 ipsum,
619 1653 726 1705 quod
758 1654 827 1698 ais,
860 1653 970 1705 Qid
998 1653 1081 1698 fiet,
1113 1667 1206 1691 cum
1236 1654 1310 1691 erit
1339 1652 1504 1697 dictum,
1536 1653 1614 1691 Dic
1642 1654 1706 1691 Μ.

320 1717 420 1758 Tulli
434 1713 595 1766 σύιἹομαιε
621 1720 697 1757 Cn.
723 1720 914 1772 Pompeio
934 1719 1127 1758 assentior.
1161 1719 1296 1772 Ipsum
1318 1727 1447 1756 tamen
1470 1719 1708 1771 Pompeium

317 1785 520 1837 separatim
551 1784 598 1821 ad
629 1785 882 1822 concordiam
913 1784 1113 1823 hortabor.
1161 1785 1223 1822 Sic
1255 1784 1362 1822 enim
1393 1783 1544 1828 sentio,
1577 1784 1706 1822 maxi-

318 1863 385 1888 mo
406 1850 447 1888 in
468 1849 645 1901 periculo
667 1864 746 1888 rem
769 1850 854 1888 effe.
897 1851 978 1887 Vos
1004 1850 1153 1888 scilicet
1174 1849 1300 1901 plura,
1333 1849 1401 1901 qui
1424 1849 1462 1886 in
1486 1849 1580 1886 urbe
1601 1849 1703 1887 estis.

315 1916 586 1954 Veruntamen
608 1914 685 1954 hoc
706 1916 833 1960 video,
865 1929 958 1954 cum
978 1915 1143 1953 homine
1169 1915 1418 1953 audacissimo
1447 1915 1704 1967 paratiffimo-

315 1995 392 2034 que
428 1982 632 2033 negotium
665 1981 765 2026 effe5
798 1995 935 2020 omnes
969 1981 1186 2026 damnatos,
1219 1993 1355 2018 omnes
1391 1981 1611 2032 ignominia
1643 1979 1704 2018 af-

315 2046 452 2091 fectos,
484 2060 619 2085 omnes
648 2047 898 2085 damnatione
924 2047 1222 2099 ignominiaque
1252 2045 1408 2098 dignos,
1440 2045 1531 2082 illac
1563 2044 1704 2090 facere,

315 2125 475 2151 omnem
496 2111 860 2164 ferejuventutem,
892 2126 1053 2150 omnem
1080 2112 1190 2150 illam
1220 2112 1407 2150 urbanam
1438 2124 1480 2148 ac
1513 2111 1706 2163 perditam

313 2177 485 2230 plebem,
518 2177 721 2215 Tribunos
743 2178 929 2222 valentes,
960 2177 1094 2215 addito
1115 2179 1164 2215 C.
1188 2176 1329 2221 Caffio,
1361 2189 1512 2219 omnes,
1542 2175 1610 2226 qui
1633 2189 1705 2212 aere

313 2243 440 2281 alieno
460 2253 716 2296 premantur,
749 2257 847 2296 quos
868 2244 999 2296 plures
1021 2243 1092 2281 effe
1113 2243 1311 2293 intelligo,
1344 2255 1460 2292 quam
1493 2250 1669 2292 putaram
1691 2256 1700 2278 :

315 2307 466 2346 causam
495 2308 622 2347 solum
652 2309 721 2347 illa
751 2309 862 2347 causa
896 2323 974 2347 non
1006 2308 1152 2352 habet,
1187 2307 1334 2345 caeteris
1368 2306 1482 2343 rebus
1514 2306 1700 2344 abundat.

317 2372 399 2410 Hic
419 2374 552 2411 omnia
577 2374 702 2413 facere
728 2389 881 2420 omnes,
913 2389 961 2412 ne
987 2375 1104 2412 armis
1132 2374 1388 2417 decernatur;
1420 2385 1589 2423 quorum
1617 2372 1702 2409 exi-

317 2447 379 2474 tus
402 2436 550 2489 semper
570 2439 724 2484 incerti,
756 2454 862 2479 nunc
885 2454 973 2478 vero
995 2440 1034 2477 in
1057 2440 1216 2478 alteram
1239 2448 1388 2491 partem
1409 2437 1532 2488 magis
1556 2437 1700 2473 timen-

317 2503 371 2540 di.
419 2502 585 2540 Bibulus
615 2503 663 2540 de
692 2506 893 2556 provincia
924 2506 1094 2550 deccffit‚
1128 2505 1388 2543 Veientonem
1422 2501 1608 2554 praefecit.
1658 2501 1703 2537 In

400 2569 687 2607 T0M.VHL
1370 2569 1402 2605 Z
