2243 3008
493 306 575 345 440
845 285 1537 328 EPISTOLARUM

492 399 676 445 praeterea
696 388 737 426 in
757 401 821 426 me
842 396 1132 426 contumacem.
1179 385 1307 424 Semel
1337 399 1430 424 eum
1458 384 1624 423 omnino
1652 383 1762 423 domi
1788 397 1885 423 meae

493 456 591 495 vidi.
638 455 746 492 Cum
775 451 974 500 φιλοφρόνως
1001 465 1049 490 ex
1073 464 1118 489 eo
1138 464 1366 503 quaererem,
1398 451 1495 503 quid
1515 463 1614 503 opus
1635 450 1740 496 effet,
1771 451 1883 488 Atti-

493 534 589 559 cum
619 520 655 558 se
685 519 787 558 dixit
816 531 1000 570 quaerere.
1048 515 1278 568 Superbiam
1305 524 1435 553 autem
1462 516 1580 568 ipfius
1602 517 1758 568 reginae,
1790 529 1884 554 cum

494 586 586 625 esset
606 595 710 623 trans
732 584 916 622 Tiberim
937 583 977 620 in
998 582 1140 626 hortis,
1171 593 1480 619 commemorare
1500 581 1578 618 fine
1597 595 1741 633 magno
1767 581 1882 619 dolo-

496 665 537 690 re
557 664 636 689 non
657 649 825 703 poffum.
869 646 988 687 Nihil
1016 647 1138 699 igitur
1158 659 1250 684 cum
1272 644 1351 682 istis
1371 659 1380 682 ι
1412 657 1484 682 nec
1505 653 1586 682 tam
1606 646 1784 684 animum
1804 660 1883 691 me,

495 729 618 769 quam
664 715 730 753 vix
778 711 1040 756 stomachum,
1090 710 1232 749 habere
1282 709 1534 748 arbitrantur.
1595 709 1886 765 Profectionem

494 794 640 825 meam,
669 789 713 818 ut
734 778 861 822 video,
893 777 1026 815 Erotis
1047 775 1280 829 dispensatio
1300 774 1480 828 impedit.
1513 774 1620 813 Nam
1642 788 1735 813 cum
1755 788 1803 813 ex
1823 789 1885 814 rc-

495 846 633 898 liquis,
665 857 752 897 quae
774 843 904 882 Nonis
928 842 1058 895 April.
1090 841 1201 886 fecit,
1232 841 1294 879 vel
1320 839 1517 878 abundare
1543 839 1705 878 debeam
1721 859 1734 885 ;
1766 853 1886 892 cogor

495 910 696 949 mutuari:
730 907 914 961 quodque
945 921 992 945 ex
1024 906 1105 944 istis
1135 905 1342 944 fructuosis
1371 905 1487 943 rebus
1516 913 1720 957 receptum
1746 905 1814 950 est,
1845 904 1888 943 id

495 989 570 1028 ego
591 975 638 1012 ad
658 975 760 1013 illud
779 973 918 1011 fanum
938 973 1147 1026 sepofitum
1168 972 1371 1025 putabam.
1410 970 1483 1009 Sed
1502 969 1586 1009 haec
1607 971 1751 1009 Tironi
1772 984 1886 1009 man-

495 1041 600 1085 davi,
631 1053 751 1093 quem
771 1039 823 1077 ob
844 1052 928 1077 eam
949 1038 1103 1076 causam
1133 1039 1305 1076 Romam
1330 1036 1431 1075 mifi.
1477 1037 1540 1075 Te
1570 1036 1683 1074 nolui
1713 1035 1888 1089 impedi-1-

495 1117 585 1145 tum
615 1106 821 1159 impedire.
869 1106 1012 1144 Cicero
1038 1104 1165 1143 noster
1184 1118 1265 1157 quo
1284 1103 1495 1143 modestior
1514 1102 1581 1149 est,
1611 1116 1659 1142 eo
1679 1116 1742 1142 me
1762 1102 1887 1156 magis

496 1181 738 1211 commovet.
780 1171 844 1209 Ad
865 1185 929 1210 me
948 1172 1056 1210 enim
1076 1170 1124 1209 de
1143 1170 1217 1209 hac
1238 1184 1277 1209 re
1298 1169 1401 1208 nihil
1423 1169 1585 1223 scripsit,
1616 1169 1664 1208 ad
1683 1183 1803 1222 quem
1824 1169 1890 1207 ni-

495 1239 645 1278 mirum
675 1238 921 1292 potiffimum
950 1238 1116 1276 debuit:
1148 1237 1298 1291 scripfit
1328 1236 1406 1276 hoc
1437 1245 1569 1275 autem
1600 1236 1647 1274 ad
1678 1237 1888 1280 Tironem,

496 1305 570 1343 fibi
589 1304 674 1357 post
694 1304 785 1343 Kal.
808 1304 941 1357 April.
975 1305 1044 1357 (fic
1074 1304 1181 1342 enim
1211 1317 1387 1342 annuum
1414 1311 1572 1355 tempus
1592 1301 1755 1351 confici)
1785 1300 1888 1339 nihil

497 1369 635 1408 datum
655 1369 742 1408 effe.
775 1370 875 1407 Tibi
895 1383 966 1422 pro
987 1379 1054 1408 tua
1073 1378 1210 1407 natura
1230 1369 1381 1420 semper
1400 1367 1598 1420 placuiss‘e,
1616 1376 1733 1419 teque
1752 1366 1888 1405 existi-

496 1433 614 1473 mass‘e
644 1433 686 1471 id
705 1433 824 1472 etiam
843 1433 891 1471 ad
911 1433 1146 1486 dignitatem
1168 1446 1294 1471 meam
1316 1432 1525 1485 pertinere,
1555 1445 1647 1470 eum
1668 1445 1746 1470 non
1769 1431 1889 1469 modo

497 1499 783 1553 perliberaliter
813 1513 835 1537 a
865 1500 995 1544 nobis,
1027 1499 1091 1537 sed
1119 1499 1237 1536 etiam
1267 1506 1401 1535 ornate
1421 1496 1716 1549 cumulateque,
1748 1498 1889 1534 tracta-

498 1566 546 1604 ri.
591 1565 724 1616 Qare
749 1564 870 1602 velim
899 1577 1010 1602 cures
1043 1565 1134 1616 (nec
1164 1563 1240 1601 tibi
1264 1563 1379 1601 effem
1400 1561 1600 1607 molestus,
1631 1562 1658 1600 fi
1678 1575 1747 1615 per
1766 1562 1891 1600 alium

497 1629 575 1668 hoc
605 1642 716 1681 agere
745 1629 910 1682 poffem)
943 1638 988 1667 ut
1022 1637 1269 1682 permutetur
1298 1626 1490 1673 Athenas,
1521 1627 1628 1681 quod
1661 1627 1708 1666 fit
1742 1628 1782 1665 in
1818 1641 1889 1665 an-

498 1707 625 1733 nuum
657 1693 861 1747 sumptum
892 1695 955 1733 ei:
988 1694 1138 1733 scilicet
1170 1695 1269 1732 Eros
1302 1694 1552 1732 numerabit:
1585 1694 1668 1745 ejus
1690 1693 1744 1731 rei
1763 1692 1888 1738 causa,

498 1761 693 1798 Tironem
715 1761 815 1799 mifi.
849 1760 1016 1799 Curabis
1039 1761 1176 1813 igitur,
1198 1769 1238 1798 et
1257 1759 1303 1798 ad
1325 1773 1403 1805 me,
1434 1760 1461 1798 fi
1481 1759 1578 1813 quid
1600 1759 1674 1798 tibi
1695 1759 1741 1798 de
1761 1771 1807 1798 eo
1827 1759 1888 1797 vi-

498 1825 671 1871 debitur,
703 1825 863 1865 scribes.

839 2025 1083 2064 thcno
1124 2025 1380 2063 Αττιεο
1421 2026 1551 2064 SAL.

500 2151 615 2192 XVI.
640 2149 776 2225 TA
791 2151 831 2190 N
847 2150 887 2189 D
903 2151 936 2190 E
954 2152 1003 2192 M
1033 2165 1054 2190 a
1085 2150 1276 2191 Cicerone
1309 2152 1533 2191 tabellarius
1551 2171 1562 2198 ;
1593 2160 1636 2194 et
1664 2152 1890 2192 mehercule

750 2218 871 2256 literae
891 2214 1117 2265 πετινωμᾶνως
1135 2218 1286 2271 scriptae
1303 2237 1315 2263 ς
1348 2218 1455 2271 quod
1476 2218 1604 2271 ipsum
1633 2215 1791 2270 “eost-exin
1815 2219 1888 2256 ali-

500 2296 620 2338 quam
642 2283 874 2336 significaret
892 2298 901 2322 :
925 2283 1102 2335 itemque
1121 2285 1248 2323 caeteri
1271 2285 1451 2337 praeclara
1472 2284 1661 2323 scribunt.
1695 2285 1889 2323 Leonidas

501 2359 632 2388 tamen
656 2350 797 2388 retinet
819 2349 931 2387 suum
953 2349 1053 2387 illud
1073 2349 1190 2388 adhuc
1205 2365 1219 2388 .·
1252 2350 1414 2389 summis
1435 2364 1525 2388 vero
1550 2350 1732 2388 laudibus
1753 2351 1886 2389 Hero-

500 2415 582 2453 des.
626 2415 737 2467 Qid
769 2415 942 2466 quaeris?
974 2414 1034 2452 vel
1064 2416 1180 2454 verba
1210 2415 1310 2455 mihi
1341 2417 1421 2454 dari
1453 2416 1567 2454 facile
1588 2417 1713 2469 patior
1734 2417 1773 2455 in
1795 2415 1887 2460 hoc.

501 2493 644 2531 meque
665 2480 833 2518 libenter
854 2479 1008 2533 praebeo
1028 2480 1248 2520 credulum.
1295 2483 1378 2527 Tu,
1410 2482 1545 2527 velim,
1578 2482 1603 2520 si
1624 2481 1719 2534 quid
1742 2481 1815 2519 tibi
1836 2481 1889 2519 est

501 2559 525 2585 a
547 2546 671 2585 Statio
691 2545 897 2601 scriptum,
929 2545 1035 2600 quod
1056 2547 1248 2601 pertineat
1267 2547 1314 2587 ad
1334 2562 1414 2595 me,
1443 2549 1651 2589 certiorem
1671 2561 1734 2587 mc
1754 2545 1888 2586 facias.
