2243 3008
513 283 620 322 AD
677 278 1111 319 ATTICUM
1178 278 1321 317 LIB.
1371 280 1445 318 VI.
1598 292 1669 333 151

285 383 542 425 Decemviros
563 382 765 421 institutus
787 380 854 419 est.
901 380 1011 432 Qid
1041 392 1134 432 ergo
1165 378 1350 432 profecit,
1381 378 1488 430 quod
1508 382 1676 432 protulit

284 452 400 491 fastos
419 452 433 489 ?
464 449 704 488 occultatam
724 456 865 500 putant
885 446 1058 499 quodam
1078 455 1256 498 tempore
1276 445 1388 483 istam
1409 446 1598 491 tabulam,
1631 458 1675 486 ut

285 518 369 557 dies
387 515 528 568 agendi
548 522 774 567 peterentur
794 527 815 551 a
835 513 984 566 paucis.
1021 512 1109 550 Nec
1130 525 1220 550 vero
1240 511 1356 565 pauci
1376 510 1466 548 sunt
1486 514 1677 557 ‘au-stores,

286 584 365 622 Cn.
400 581 583 620 Flavium
623 579 790 618 scribam
827 578 942 617 fastos
977 577 1194 631 protulisse,
1229 579 1475 633 actionesque
1509 594 1674 634 compo-

285 646 424 693 suisse,
456 660 505 685 ne
525 659 589 684 me
609 644 701 690 hoc,
732 644 793 683 vel
814 645 947 698 potius
969 642 1224 689 Africanum,
1257 645 1308 697 (is
1337 646 1445 684 enim
1475 646 1672 700 loquitur)

284 721 561 753 commentum
591 721 721 764 putes,
764 709 831 745 Οὐκ.
851 706 954 751 ἔλαθε
971 701 1010 745 σέ
1040 709 1141 748 lllUd
1171 709 1219 748 de
1244 711 1352 762 gestu
1373 711 1600 751 histrionis:
1633 722 1678 751 tu

284 779 440 818 sceleste
460 778 678 832 suspicaris,
709 789 782 829 ego
801 770 939 823 ἀφελῶς
965 773 1111 828 scripfi.
1157 776 1221 814 De
1240 791 1304 815 me
1325 778 1559 831 imperatore
1580 778 1677 817 scri-

286 846 348 884 bis
370 855 408 884 te
427 859 476 884 ex
498 843 710 883 Philotimi
730 841 855 881 literis
876 840 1077 894 cognoffe:
1101 841 1164 880 sed
1184 843 1300 882 credo
1322 854 1375 890 te,
1391 846 1475 897 jam
1491 846 1532 883 in
1553 846 1679 898 Epiro

286 925 380 950 curn
400 910 507 956 effes,
530 910 642 948 binas
662 922 766 948 meas
786 908 835 946 de
854 907 1042 946 omnibus
1065 907 1180 946 rebus
1199 910 1399 963 accepiffe,
1422 924 1517 949 unas
1537 924 1559 949 a
1578 911 1677 949 Pin-

287 977 434 1016 deniffo
454 985 585 1029 capto,
615 975 751 1013 alteras
772 987 794 1012 a
819 973 1027 1019 Laodicea,
1060 973 1241 1027 utrasque
1269 976 1348 1014 tuis
1378 977 1508 1029 pueris
1540 976 1675 1015 datas:

287 1043 434 1097 quibus
454 1042 503 1080 de
523 1041 655 1087 rebus,
686 1049 845 1093 propter
873 1038 1005 1078 casum
1034 1040 1258 1091 navigandi,
1288 1055 1357 1094 per
1377 1042 1491 1081 binos
1514 1043 1678 1081 tabella-

287 1111 366 1147 rios
386 1108 473 1146 mifi
494 1107 667 1146 Romam
687 1106 817 1144 literas
837 1105 1014 1157 publice.
1046 1105 1109 1144 De
1124 1106 1263 1145 Tullia
1277 1121 1362 1146 mea
1383 1109 1457 1146 tibi
1476 1108 1676 1154 assentior,

287 1174 498 1227 scripsique
517 1172 565 1211 ad
584 1185 686 1217 eam,
707 1180 746 1209 et
765 1171 813 1209 ad
833 1171 1078 1216 Terentiam,
1109 1170 1212 1209 mihi
1231 1172 1409 1225 placere:
1441 1183 1484 1212 tu
1503 1175 1610 1213 enim
1631 1175 1679 1212 ad

285 1253 351 1278 me
365 1240 450 1292 jam
469 1247 558 1277 ante
578 1236 796 1290 scripseras,
824 1248 869 1274 ac
885 1235 1011 1274 vellem
1030 1244 1066 1274 te
1084 1236 1121 1275 in
1143 1245 1246 1275 tuum
1264 1247 1422 1277 veterem
1441 1253 1588 1291 gregem
1617 1254 1680 1278 re·

287 1304 430 1358 tulgffi’s.
477 1305 662 1343 CorreRa
680 1316 771 1342 vero
790 1301 952 1356 epistola
972 1302 1234 1349 Memmiana,
1264 1303 1368 1342 nihil
1389 1306 1539 1357 negotii
1570 1305 1648 1344 fuit
1667 1320 1677 1344 z

289 1371 420 1409 multo
450 1371 558 1409 enim
588 1369 693 1407 malo
722 1369 831 1407 hunc
864 1381 886 1406 a
917 1368 1116 1413 Pontidia,
1147 1381 1266 1421 quam
1300 1370 1417 1409 illum
1449 1385 1470 1409 a
1504 1371 1680 1410 Servilia.

290 1439 422 1489 Qare
442 1436 630 1489 adjunges
651 1435 817 1473 Aufium
849 1433 1039 1479 nostrum,
1070 1434 1278 1473 hominem
1307 1436 1457 1490 semper
1485 1446 1683 1475 amantem

289 1504 397 1548 mei;
429 1516 534 1540 nunc
565 1501 697 1546 credo,
727 1514 774 1539 eo
803 1501 943 1552 magis,
975 1500 1083 1552 quod
1114 1500 1230 1538 debet
1257 1501 1375 1540 etiam
1403 1502 1533 1541 fratris
1554 1504 1681 1556 Appii

290 1581 464 1607 amorem
483 1581 574 1620 erga
593 1581 657 1605 me
677 1580 771 1605 cum
792 1567 942 1618 reliqua
961 1566 1174 1604 hereditate
1194 1568 1350 1606 creviffe
1367 1588 1378 1613 ς
1411 1570 1480 1621 qui
1507 1569 1680 1607 declara-

290 1635 347 1672 vit
375 1634 515 1686 quanti
547 1646 610 1671 me
642 1631 800 1676 faceret,
831 1645 924 1669 cum
955 1632 1065 1684 saepe‚
1098 1641 1184 1670 tum
1217 1634 1258 1670 in
1291 1634 1434 1673 Bursa:
1469 1649 1526 1673 nae
1554 1644 1595 1672 tu
1618 1649 1682 1673 me

291 1699 556 1738 sollicitudine
578 1711 719 1750 magna
738 1697 928 1735 liberaris.
976 1697 1116 1734 Furnii
1146 1699 1327 1750 exceptio
1356 1699 1458 1737 mihi
1486 1714 1565 1738 non
1593 1701 1680 1752 pla-

290 1775 380 1805 cet:
414 1779 485 1804 nec
515 1765 624 1803 enim
652 1778 725 1816 ego
756 1764 885 1801 ullum
913 1763 1021 1801 aliud
1051 1774 1206 1817 tempus
1228 1766 1364 1810 timeo,
1396 1766 1465 1804 nifi
1487 1767 1592 1819 quod
1614 1767 1683 1805 ille‘

291 1831 418 1870 solum
446 1831 622 1883 excipit:
657 1829 719 1867 sed
751 1829 961 1867 scriberem
992 1829 1039 1866 ad
1071 1839 1108 1867 te
1140 1830 1187 1867 de
1220 1829 1296 1868 hoc
1326 1831 1453 1883 plura,
1486 1833 1511 1870 fi
1543 1833 1682 1870 Romae

291 1897 397 1936 effes.
446 1899 491 1936 In
525 1896 761 1948 Pompeium
794 1904 831 1932 te
863 1895 970 1948 spem
991 1909 1152 1933 omnem
1172 1897 1244 1933 otii
1265 1910 1409 1949 ponere
1431 1911 1509 1935 non
1530 1899 1651 1936 miror
1670 1914 1680 1937 :

293 1964 347 2002 ita
380 1976 437 2001 res
473 1963 554 2008 est;
587 1961 948 2012 removendumque
980 1961 1116 1999 censeo
1150 1962 1251 1999 illud
1285 1961 1563 2013 dfflmzdcmtem.
1611 1964 1685 2002 Sed

292 2029 415 2074 enim,
436 2027 593 2076 oioevopoiae
614 2028 639 2066 fi
661 2028 924 2080 perturbatior
943 2027 1011 2073 est,
1030 2028 1104 2065 tibi
1125 2028 1335 2080 affignato:
1360 2039 1398 2067 te
1418 2030 1523 2067 enim
1545 2029 1686 2082 sequor

293 2089 497 2144 χεδὶαίζσνπι.
528 2094 738 2132 Cicerones
760 2094 871 2146 pueri
891 2103 1022 2131 amant
1043 2094 1145 2132 inter
1166 2093 1217 2139 se,
1234 2094 1404 2140 discunt,
1427 2105 1682 2141 exercentur,

295 2159 357 2197 sed
388 2159 499 2204 alter,
532 2159 590 2197 uti
616 2159 717 2197 dixit
739 2159 923 2197 Isocrates
945 2159 984 2196 in
1008 2158 1171 2212 Ephoro
1191 2169 1229 2196 et
1250 2158 1532 2212 Theopompo,
1563 2159 1683 2197 frenis

295 2235 396 2276 eget,
428 2225 523 2263 alter
543 2225 774 2263 calcaribus.
807 2225 963 2276 Qinto
985 2234 1117 2277 togam
1138 2238 1276 2278 puram
1298 2225 1548 2263 Liberalibus
1569 2226 1682 2278 cogi-

297 2290 426 2327 tabam
447 2290 560 2335 dare;
593 2291 791 2328 mandavit
811 2291 919 2328 enim
939 2300 1071 2343 pater:
1103 2304 1146 2327 ea
1166 2290 1218 2327 fic'
1237 2289 1461 2335 observabo,
1493 2291 1596 2343 quafi
1618 2291 1683 2328 in-

297 2354 527 2399 tercalatum
554 2368 632 2392 non
663 2355 724 2393 fit.
771 2355 983 2407 Dionyfius
1004 2354 1106 2392 mihi
1126 2349 1287 2407 quidem
1309 2355 1349 2392 in
1371 2355 1571 2393 amoribus
1599 2355 1653 2393 est
1671 2375 1681 2400 ;

298 2419 409 2471 pueri
429 2428 559 2456 autem
578 2421 689 2458 aiunt
709 2434 801 2459 eum
822 2420 998 2460 furenter
1018 2421 1129 2459 irasci
1148 2436 1157 2459 ;
1190 2420 1253 2458 sed
1281 2419 1405 2460 homo
1425 2435 1496 2459 nec
1518 2421 1682 2466 doctior,

298 2498 369 2523 nec
391 2484 568 2529 sanctior,
600 2485 680 2522 fieri
702 2487 840 2537 potest,
869 2501 941 2526 nec
962 2488 1021 2526 tui
1041 2487 1200 2540 meique
1219 2487 1426 2525 amantior.
1459 2485 1682 2525 Thermum

297 2560 336 2589 et
364 2550 506 2589 Silium
535 2563 621 2588 vere
650 2550 759 2589 audis
788 2551 937 2591 laudari
952 2571 965 2599 5
996 2552 1107 2592 valde
1135 2552 1172 2591 se
1201 2551 1360 2591 honeste
1388 2560 1557 2604 gerunt:
1589 2549 1685 2588 adde
