2243 3008
610 278 716 315 AD
776 276 1205 314 ATTICUM
1273 277 1413 315 LIB.
1469 279 1521 317 ΙΙ.
1710 295 1758 332 43

376 379 506 417 veniet
537 378 578 416 in
610 385 786 415 mentem
820 376 951 415 Crasso
987 376 1173 422 invidere,
1205 391 1332 429 neque
1365 378 1569 430 poenitere,
1601 379 1707 430 quod
1742 393 1760 416 a

376 456 440 481 me
460 443 539 496 ipse
559 457 638 481 non
659 443 901 480 desciverim.
949 443 1011 480 De
1037 441 1274 495 geographia
1302 443 1402 480 dabo
1434 457 1591 495 operam
1614 453 1656 481 ut
1686 445 1760 482 tibi

377 508 636 553 satisfaciam;
669 508 733 546 sed
753 507 855 545 nihil
875 509 972 546 certi
992 508 1209 560 polliceor:
1243 521 1432 560 magnum
1459 522 1557 561 opus
1584 508 1664 553 est3
1698 509 1760 546 sed

376 581 522 618 tamen,
554 582 598 611 ut
613 573 745 625 jubes,
776 573 922 611 curabo
951 581 995 610 ut
1021 572 1141 625 hujus
1162 574 1484 625 peregrinationis
1506 573 1666 626 aliquod
1687 575 1761 611 tibi

374 651 472 691 opus
494 648 614 677 extet.
661 640 728 676 Tu
757 638 953 691 quidquid
982 637 1174 690 indagaris
1196 638 1243 676 de
1263 638 1500 691 Republica,
1532 648 1570 676 et
1590 639 1761 677 maxime

372 718 473 756 quos
495 705 685 743 Consules
706 703 861 743 futuros
882 714 1011 757 putes,
1042 703 1163 743 facito
1193 714 1237 743 ut
1268 705 1414 743 sciam:
1448 705 1598 743 tametsi
1628 706 1758 743 minus

375 770 461 809 sum
481 771 682 809 curiosus:
716 771 829 810 statui
861 772 968 810 enim
999 770 1101 809 nihil
1125 772 1210 823 jam
1241 771 1290 809 de
1319 771 1542 824 Republica
1572 772 1756 823 cogitare.

375 837 572 876 Terentiae
591 837 733 875 saltum
753 837 1020 890 perspeximus
1041 852 1049 875 z
1081 837 1178 888 quid
1208 838 1349 889 quaeris
1369 839 1382 875 ?
1413 846 1551 890 praeter
1569 850 1761 888 quercum

376 902 618 941 Dodonaeam
639 901 740 940 nihil
761 902 1033 947 defideramus‚
1056 915 1135 954 quo
1155 903 1287 940 minus
1309 902 1478 955 Epirum
1499 902 1621 954 ipsam
1641 901 1759 953 poffi-

375 967 463 1005 dere
483 967 698 1006 videamur.
732 968 818 1006 Nos
840 968 996 1006 circiter
1017 968 1105 1006 Kal.
1129 977 1195 1006 aut
1216 968 1257 1005 in
1278 968 1491 1006 Formiano
1510 968 1671 1012 erimus,
1694 977 1759 1005 aut

374 1033 414 1069 in
448 1033 702 1085 Pompeiano.
748 1034 831 1078 Tu,
863 1033 888 1071 fi
910 1034 951 1071 in
974 1032 1186 1071 Formiano
1206 1046 1286 1070 non
1305 1033 1467 1077 erimus,
1499 1032 1525 1070 fi
1546 1046 1616 1070 nos
1637 1046 1756 1077 amas,

373 1097 415 1134 in
438 1097 724 1149 Pompeianum
744 1098 877 1135 venito
895 1113 904 1135 :
936 1097 977 1135 id
996 1107 1035 1135 et
1056 1097 1169 1135 nobis
1191 1098 1265 1136 erit
1285 1097 1589 1150 perjucundum,
1626 1106 1664 1135 et
1685 1098 1758 1135 tibi

373 1176 452 1201 non
474 1162 560 1200 sane
580 1163 753 1201 devium.
798 1163 860 1201 De
881 1175 996 1202 muro
1016 1163 1204 1214 imperavi
1225 1162 1446 1201 Philotimo
1467 1177 1514 1200 ne
1534 1163 1757 1215 impediret,

371 1241 454 1280 quo
475 1229 607 1267 minus
628 1228 668 1267 id
689 1228 811 1274 fieret,
842 1228 949 1281 quod
970 1228 1044 1267 tibi
1065 1227 1287 1267 videretur:
1320 1228 1456 1267 censeo
1488 1238 1617 1266 tamen
1644 1228 1758 1266 adhi-

373 1293 462 1332 beas
483 1295 681 1333 Vettium.
727 1295 805 1334 His
831 1294 1092 1347 temporibu8‚
1125 1302 1205 1332 tam
1226 1293 1345 1332 dubia
1365 1295 1443 1332 vita
1463 1295 1605 1346 optimi
1627 1294 1758 1345 cujus-

370 1372 464 1410 que,
496 1359 630 1412 magni
662 1358 808 1399 aestimo
837 1360 954 1398 unius
981 1358 1117 1398 aestatis
1149 1358 1324 1398 frustum
1351 1358 1530 1411 palaestrae
1559 1358 1757 1403 Palatinae,

371 1423 436 1461 sed
466 1425 519 1463 ita
551 1434 696 1469 tamen,
728 1434 773 1463 ut
805 1424 906 1463 nihil
939 1425 1072 1463 minus
1105 1424 1240 1470 velim,
1272 1438 1392 1478 quam
1427 1424 1688 1477 Pomponiam
1720 1434 1759 1462 et

373 1503 542 1542 puerum
562 1490 701 1530 versari
722 1492 762 1529 in
781 1491 926 1530 timore
946 1491 1082 1530 ruinae.

711 1691 953 1729 CICERO
995 1691 1250 1728 ATTico
1292 1690 1422 1729 SAL.

372 1818 424 1856 V.
451 1816 517 1890 C
534 1819 572 1855 U
589 1817 701 1857 ΡΙΟ
731 1817 929 1869 equidem,
964 1826 1003 1855 et
1027 1819 1109 1870 jam
1142 1817 1295 1870 pridem
1327 1818 1446 1871 cupio
1479 1818 1757 1858 Alexandriam

549 1883 820 1936 reliquamque
842 1884 1063 1936 AEgyptum
1084 1883 1217 1928 visere,
1249 1892 1286 1921 et
1317 1883 1431 1921 simul
1460 1883 1507 1920 ab
1528 1882 1600 1921 hac
1621 1883 1755 1922 homi-

373 1964 470 1988 num
492 1950 662 1988 satietate
683 1950 802 1988 nostri
822 1949 1030 1995 discedere,
1056 1958 1094 1987 et
1115 1963 1207 1987 cum
1228 1949 1361 2001 aliquo
1382 1949 1566 1990 desiderio
1587 1950 1726 1988 reverti
1745 1965 1754 1988 ε

373 2015 435 2054 sed
456 2016 533 2054 hoe
555 2025 744 2069 tempore,
776 2024 815 2054 et
842 2014 903 2054 his
924 2015 1192 2059 mittentibus,
1224 2008 1377 2062 Αἱδὲομοᾳ
1405 2010 1526 2063 τρῶας,
1557 2008 1759 2067 ῂτξωαζδᾶς

372 2077 620 2120 mmmmm.
664 2082 773 2134 Qid
803 2082 910 2120 enim
936 2081 1055 2120 nostri
1084 2081 1310 2134 optimates,
1341 2079 1368 2116 fi
1398 2079 1467 2131 qui
1488 2079 1630 2131 reliqui
1650 2078 1757 2123 sunt,

373 2146 587 2199 loquentur
604 2149 618 2184 ?
648 2160 696 2185 an
718 2161 781 2185 me
801 2147 934 2200 aliquo
955 2147 1116 2200 praemio
1136 2146 1183 2184 de
1209 2145 1400 2184 sententia
1418 2144 1490 2182 esse
1510 2144 1721 2182 deduetum
1740 2145 1754 2181 ?

373 2206 581 2261 Πελυδεὶμαις
599 2227 654 2261 μοι
675 2209 794 2257 πςῶτος
811 2208 986 2260 ὲλεγχάίω
1004 2209 1153 2253 &rufina-d
1174 2213 1274 2250 Cato
1295 2211 1362 2249 ille
1391 2210 1532 2255 noster,
1562 2211 1632 2262 qui
1654 2209 1757 2248 mihi

375 2290 475 2315 unus
495 2277 549 2316 est
569 2291 640 2330 pro
660 2287 821 2316 centum
842 2277 1038 2316 millibus.
1080 2277 1190 2328 Qid
1209 2290 1299 2315 vero
1319 2276 1487 2314 historiae
1507 2276 1555 2313 de
1575 2275 1688 2314 nobis
1709 2276 1757 2313 ad

373 2354 495 2381 annos
518 2356 573 2382 Dc
597 2343 844 2396 praedicarint
863 2345 876 2382 ?
907 2356 1002 2396 quas
1023 2343 1185 2396 quidem
1211 2357 1285 2396 ego
1314 2342 1443 2381 multo
1464 2342 1588 2396 magis
1608 2355 1754 2387 vereor,

373 2421 495 2460 quam
521 2422 656 2448 eorum
687 2411 913 2456 hominum,
944 2411 1015 2464 qui
1043 2409 1161 2450 hodie
1192 2411 1344 2455 vivunt,
1376 2409 1637 2448 rumusculos.
1684 2407 1757 2446 Sed

375 2474 531 2526 opinor,
562 2476 819 2528 excipiamus,
851 2486 890 2516 et
921 2478 1185 2530 expestemuS.
1234 2477 1272 2514 Si
1306 2476 1413 2514 enim
1444 2474 1653 2519 deferetur,
1684 2474 1758 2511 erit

376 2540 554 2592 quaedam
582 2540 707 2579 nostra
734 2542 913 2594 potestas,
943 2552 983 2582 et
1009 2553 1096 2582 tum
1125 2542 1458 2582 deliberabimus:
1489 2541 1608 2579 etiam
1633 2539 1687 2577 est
1715 2539 1757 2576 in

1372 2607 1402 2644 F
1436 2619 1457 2645 2
