2243 3008
461 278 514 327 46
809 274 1492 314 EPISTOLARUM

462 377 720 430 litigandum)
744 377 805 415 sed
827 377 1030 415 videbatur
1049 374 1166 420 mihi,
1197 375 1223 413 fi
1253 374 1350 428 quid
1378 375 1468 414 esset
1498 375 1537 412 in
1568 388 1613 412 eo
1643 374 1844 428 populare,

463 444 570 497 quod
591 444 766 496 plebeius
788 442 911 481 factus
931 441 1036 486 effet,
1068 441 1107 478 id
1139 440 1356 479 amiffurus.
1403 439 1514 492 Qid
1545 441 1653 478 enim
1682 440 1727 478 ad
1757 440 1844 493 ple-

463 510 554 548 bem
576 509 737 548 tranfisti
756 510 769 547 ?
801 517 845 547 ut
865 508 1082 560 Tigranem
1103 507 1176 545 ires
1197 506 1405 545 salutatum
1425 507 1438 543 ?
1471 519 1578 544 narra
1598 505 1714 551 mihi,
1737 518 1844 558 reges

463 576 644 614 Armenii
665 575 848 628 patricios
870 573 1030 611 salutare
1051 585 1129 610 non
1150 571 1303 610 solent?
1336 571 1444 624 Qid
1467 572 1636 624 quaeris?
1667 583 1846 609 acueram

462 655 526 679 me
547 641 592 678 ad
613 640 883 693 exagitandam
913 637 1014 677 hanc
1035 639 1118 690 ejus
1148 637 1412 690 legationem:
1445 650 1563 690 quam
1593 636 1619 675 fi
1650 636 1718 675 ille
1747 651 1844 675 con-

462 708 621 752 temnit,
652 716 689 744 et
722 707 763 751 fi,
795 715 839 744 ut
859 705 1010 750 scribis,
1042 703 1164 742 bilem
1197 703 1235 741 id
1264 712 1489 742 commovet
1518 712 1556 740 et
1587 703 1776 741 latoribus
1808 711 1847 740 et

462 772 684 826 auspicibus
706 771 803 824 legis
824 771 995 815 curiatae,
1026 769 1289 822 spectaculum
1309 768 1527 821 egregium.
1560 768 1750 812 Hercule,
1777 781 1846 805 ve·

461 851 552 876 rum
573 846 616 876 ut
640 837 864 890 loquamur,
894 834 1250 874 subcontumeliose
1280 835 1463 872 tractatur
1492 833 1618 872 noster
1648 833 1842 871 Publius:

461 904 653 956 primurn,
685 903 755 955 qui
783 915 876 940 cum
897 902 938 939 in
963 900 1082 939 domo
1114 899 1272 938 Caesaris
1305 899 1506 952 quondam
1537 912 1637 937 unus
1669 900 1728 936 vir
1757 898 1845 936 fue-

462 969 528 1014 rit,
561 983 666 1008 nunc
688 983 735 1007 ne
756 969 797 1006 in
819 967 975 1020 Viginti
996 965 1157 1018 quidem
1177 965 1249 1003 effe
1269 965 1442 1017 potuerit
1460 979 1469 1003 :
1502 964 1657 1010 deinde,
1688 964 1761 1002 alia
1787 964 1845 1003 le-

461 1035 568 1087 gatio
600 1035 703 1072 dicta
730 1043 824 1077 erat,
855 1033 929 1070 alia
961 1031 1048 1069 data
1081 1031 1161 1075 est3
1195 1029 1262 1068 illa
1295 1030 1429 1083 opima
1461 1029 1508 1068 ad
1537 1030 1745 1082 exigendas
1775 1043 1846 1082 pe-

461 1100 610 1144 cunias,
652 1099 797 1143 Druso,
833 1107 878 1136 ut
915 1097 1071 1150 opinor,
1113 1095 1339 1140 Pisaurenfi,
1384 1109 1432 1134 an
1471 1096 1634 1148 epuloni
1668 1096 1845 1140 Vatinio,

461 1165 698 1203 reservatur:
730 1163 814 1202 haec
842 1163 990 1214 jejuna,
1022 1175 1065 1199 ac
1086 1159 1189 1199 bella
1208 1160 1394 1213 relegatio
1414 1160 1527 1198 datur
1546 1160 1596 1205 ei,
1627 1161 1740 1212 cujus
1773 1161 1845 1198 tri—

462 1231 632 1270 bunatus
663 1230 710 1268 ad
744 1229 907 1268 istorum
941 1237 1118 1281 tempora
1150 1226 1374 1265 reservatur.
1420 1226 1592 1265 Incende
1623 1225 1845 1272 hominem,

462 1295 602 1335 amabo
636 1306 688 1340 te,
719 1294 825 1347 quod
859 1302 998 1347 potes:
1046 1305 1122 1330 una
1156 1291 1238 1345 spes
1273 1290 1326 1330 est
1361 1290 1508 1337 salutis,
1550 1290 1712 1330 istorum
1745 1292 1849 1330 inter

463 1361 553 1401 istos
575 1360 764 1405 diffenfi0‚
796 1361 908 1412 cujus
929 1372 1002 1411 ego
1022 1357 1201 1411 quaedam
1221 1358 1335 1396 initia
1355 1356 1447 1396 senfi
1468 1371 1516 1396 ex
1537 1358 1725 1396 Curione.
1758 1358 1847 1408 Jam

462 1440 554 1466 vero
575 1427 713 1465 Arrius
735 1424 996 1464 Consulatum
1026 1423 1097 1462 fibi
1126 1432 1305 1476 ereptum
1334 1421 1484 1462 fremit.
1530 1422 1846 1476 Megabocchus,

461 1503 502 1532 et
532 1492 615 1532 haec
646 1492 888 1544 sanguinaria
912 1491 1100 1543 juventus
1130 1487 1396 1527 inimiciffima
1426 1487 1493 1527 est.
1539 1487 1713 1527 Accedat
1742 1501 1848 1533 vero,

462 1558 620 1596 accedat
640 1557 758 1595 etiam
788 1555 856 1594 ista
876 1556 1206 1607 rixaAuguratus
1225 1569 1234 1592 :
1268 1553 1377 1607 spero
1397 1567 1461 1592 me
1481 1554 1680 1606 praeclaras
1701 1553 1748 1591 de
1769 1552 1849 1591 istis

464 1625 578 1662 rebus
599 1622 777 1676 epistolas
798 1621 845 1660 ad
866 1631 903 1660 te
923 1621 1019 1674 saepe
1039 1620 1259 1658 missurum.
1304 1619 1392 1665 Sed,
1423 1619 1524 1657 illud
1545 1619 1642 1672 quid
1663 1619 1723 1663 fit,
1754 1617 1851 1656 scire

463 1690 596 1742 cupio,
638 1689 744 1741 quod
772 1688 870 1740 jacis
905 1687 1082 1731 obscure,
1118 1686 1203 1738 jam
1236 1685 1354 1723 etiam
1388 1698 1436 1723 ex
1470 1684 1559 1738 ipfis
1595 1684 1849 1736 Qinquevi-

465 1756 515 1793 ris
537 1755 647 1806 loqui
668 1753 870 1806 quosdam.
914 1751 1118 1805 Qidnam
1139 1750 1180 1788 id
1198 1749 1252 1788 est
1270 1751 1284 1787 ?
1316 1750 1342 1788 fi
1362 1749 1415 1787 est
1434 1749 1541 1787 enim
1562 1748 1727 1801 aliquid,
1758 1748 1848 1801 plus

464 1821 517 1860 est
538 1821 648 1866 boni,
670 1833 788 1872 quam
808 1829 1000 1872 putaram.
1033 1819 1166 1869 Atque
1187 1815 1285 1861 haec,
1316 1815 1367 1854 fic
1387 1815 1507 1853 velim
1528 1815 1740 1860 existimes,
1770 1828 1849 1852 non

464 1901 529 1925 me
559 1887 626 1924 abs
657 1894 694 1923 te
720 1881 813 1919 κατὰ
832 1879 863 1919 τὲ
882 1879 1054 1927 ποικῖικὶν
1079 1895 1276 1935 quaerere;
1308 1881 1415 1934 quod
1435 1881 1570 1934 gestiat
1590 1881 1743 1919 animus
1775 1880 1848 1918 ali-

465 1952 562 2005 quid
582 1964 692 2004 agere
712 1951 752 1988 in
775 1949 1011 2002 Republica.
1057 1947 1303 2001 jampridem
1334 1947 1549 2000 gubernare
1577 1960 1640 1985 me
1668 1946 1847 1991 taedebat,

465 2018 584 2057 etiam
604 2030 698 2056 curn
718 2015 888 2054 licebat:
922 2027 1027 2052 nunc
1055 2027 1145 2052 vero
1176 2027 1270 2052 cum
1301 2026 1418 2066 cogar
1447 2013 1552 2052 exire
1584 2012 1630 2050 de
1661 2013 1748 2050 navi
1771 2026 1849 2051 non

466 2083 640 2137 abjectis,
673 2081 735 2120 sed
767 2080 947 2134 receptis,
982 2079 1274 2132 gubernaculis,
1310 2079 1430 2132 cupio
1459 2078 1621 2117 istorum
1652 2076 1852 2130 naufragia

465 2163 513 2188 ex
549 2159 648 2188 terra
681 2146 852 2192 intueri,
885 2146 1018 2198 cupi0,
1051 2155 1094 2183 ut
1124 2146 1178 2183 ait
1214 2154 1303 2183 tuus
1338 2145 1488 2183 amicus
1524 2143 1753 2197 Sophocles,
1788 2141 1851 2178 κᾶν

466 2210 519 2250 ὀπὶ
548 2213 630 2265 eti-yn
657 2210 782 2250 Πυκνᾶς
809 2202 1210 2261 ὰκέανκμκέῶςιύδὶὶσῃ
1229 2208 1320 2260 φρενὶ.
1371 2211 1433 2249 De
1464 2223 1592 2255 muro,
1623 2209 1719 2262 quid
1751 2222 1849 2262 opus

468 2280 527 2325 fit,
558 2278 722 2317 videbis.
756 2277 1039 2316 Castricianum
1060 2274 1249 2313 mendum
1271 2288 1340 2314 nos
1361 2277 1627 2329 corrigemus:
1660 2285 1697 2313 et
1720 2285 1850 2313 tamen

467 2345 513 2384 ad
536 2357 597 2383 me
619 2343 795 2395 Qintus
819 2343 892 2381 clo
923 2341 1055 2380 celso
1089 2341 1193 2379 1333
1225 2340 1437 2394 scripserat,
1471 2355 1575 2379 nunc
1605 2341 1650 2378 ad
1683 2340 1850 2378 sororem

468 2421 575 2450 tuam
599 2410 690 2448 H-S
715 2423 820 2447 xxx.
848 2408 1033 2447 Terentia
1055 2407 1127 2445 tibi
1151 2407 1311 2446 salutem
1333 2407 1445 2447 dicit.
1479 2408 1620 2446 Cicero
1642 2407 1713 2445 tibi
1737 2420 1849 2445 man-

466 2476 547 2523 dat,
579 2486 623 2516 ut
645 2475 892 2515 Aristodemo
913 2474 1016 2514 idem
1038 2473 1083 2513 de
1105 2474 1140 2513 sc
1161 2473 1401 2528 respondeas,
1433 2473 1540 2528 quod
1564 2473 1610 2513 de
1631 2473 1746 2512 fratre
1768 2473 1849 2515 suo.
