2243 3008
549 221 655 258 AD
714 219 1145 258 ATTICUM
1210 221 1497 261 LIB.V11.
1645 238 1712 277 171

331 319 628 359 dimicationem
651 319 740 371 (nifi
761 319 868 356 idem
888 319 1014 364 Deus,
1046 320 1115 371 qui
1147 331 1217 356 nos
1244 319 1402 365 melius,
1434 335 1551 374 quam
1583 331 1730 375 optare

330 386 574 431 auderemus,
605 385 791 423 Parthico
812 384 918 423 bello
939 385 1133 430 liberavit,
1156 384 1364 437 respexerit
1385 388 1711 439 Rempublicam)

328 460 474 504 quanta
493 464 696 504 nunquam
725 450 819 489 fuit.
865 451 966 502 Age,
997 449 1074 488 hoc
1106 450 1257 488 malum
1288 449 1390 489 mihi
1420 465 1631 491 commune
1660 453 1713 491 est

327 529 422 554 cum
441 517 649 555 omnibus:
673 516 776 555 nihil
798 516 872 554 tibi
893 516 1051 561 mando,
1069 525 1113 554 ut
1129 515 1176 553 de
1196 529 1242 553 eo
1257 516 1422 568 cogites.
1455 517 1561 554 Illud
1577 533 1712 556 meum

325 582 532 634 proprium
550 579 751 634 πρόέλημσι,
780 581 923 635 quaeso,
945 581 1108 634 suscipe.
1140 580 1324 626 Videsne,
1346 591 1391 620 ut
1411 590 1449 619 te
1469 584 1621 620 auctore
1642 584 1711 621 sun

327 655 541 700 utrumque
572 647 803 699 complexus
823 649 836 685 ?
867 648 929 685 Ac
959 647 1103 685 vellem
1133 659 1154 683 a
1173 647 1371 699 principio
1393 656 1429 685 te
1449 646 1590 686 audiffe
1610 648 1710 685 ami-

323 711 471 751 ciffime
490 722 733 757 monentem,

461 774 549 815 Ἀλλ’
560 775 634 826 ἐμὶν
650 774 748 814 §nore
761 774 859 826 θυμὶν
877 775 915 813 ἐνὶ
937 774 1087 820 ςῆθεω-ιν
1105 774 1220 816 ἔπαθες

462 837 626 894 Πατρίδος.

326 910 398 948 Sed
417 909 630 963 aliquando
650 919 781 948 tamen
801 909 1028 962 persuafisti,
1051 918 1095 947 ut
1115 909 1281 948 alterum
1303 910 1595 963 complefflzrer,
1619 912 1710 963 quia

324 975 372 1013 de
403 990 466 1014 me
500 985 579 1014 erat
612 975 764 1028 optime
792 976 985 1020 meritus;
1017 975 1199 1021 alterum,
1230 976 1323 1028 quia
1354 986 1508 1015 tantum
1541 977 1722 1015 valebat..

324 1041 419 1079 Feci
454 1041 603 1093 igitur;
645 1041 776 1096 itaque
810 1039 888 1078 feci
921 1040 1033 1079 omni
1065 1040 1268 1093 obsequio,
1305 1050 1350 1079 ut
1383 1042 1512 1080 neutri
1546 1043 1723 1091 illorum¹

323 1106 531 1158 quisquam
551 1106 642 1144 esset
663 1120 725 1145 me
745 1107 884 1144 carior.
921 1106 1020 1145 Haec
1039 1107 1147 1153 enim
1167 1107 1437 1159 cogitabamus
1455 1127 1465 1152 ς
1498 1122 1569 1146 nec
1590 1109 1706 1153 mihi,

323 1173 535 1224 conjunc'to
569 1185 663 1209 cum
695 1172 901 1223 Pompeio,
932 1170 1016 1209 fore
1045 1172 1192 1210 necesse
1219 1185 1380 1225 peccare
1414 1173 1454 1210 in
1488 1174 1710 1226 Republica

321 1236 560 1290 aliquando;
591 1251 680 1282 nec,
713 1250 806 1275 cum
828 1236 976 1276 Caesare
995 1236 1194 1282 sentienti,
1229 1238 1489 1291 pugnandum
1516 1240 1587 1278 effe
1615 1254 1719 1278 cum·

322 1303 514 1356 Pompeio
532 1318 541 1342 ε
575 1312 681 1342 tanta
701 1313 780 1341 erat
799 1303 963 1342 illorum
983 1304 1227 1355 conjunctio.
1274 1304 1396 1342 Nunc
1417 1305 1633 1357 impendet,
1666 1316 1711 1344 ut

320 1378 360 1407 et
381 1378 423 1407 tu
445 1369 628 1414 ostendis,
659 1379 698 1407 et
718 1383 790 1422 ego
811 1368 939 1414 video,
970 1368 1124 1407 summa
1143 1369 1246 1407 inter
1275 1382 1340 1407 eos
1372 1371 1591 1409 contentio.
1637 1371 1710 1409 Me

320 1445 453 1474 autem
472 1445 640 1488 uterque
667 1445 847 1474 numerat
878 1435 1008 1480 suum,
1041 1435 1110 1473 nifi
1142 1433 1244 1473 forte
1274 1435 1430 1474 simulat
1461 1435 1584 1475 alter:
1617 1451 1709 1475 nam

321 1501 535 1554 Pompeius
556 1515 635 1539 non
657 1501 812 1539 dubitat
835 1502 941 1554 (vere
960 1501 1067 1539 enim
1083 1500 1255 1552 judicat)
1277 1514 1334 1546 ea,
1365 1515 1453 1553 quae
1474 1501 1520 1540 de
1541 1503 1716 1555 Repub-,

320 1566 398 1604 lica
415 1580 523 1604 nunc
543 1566 697 1612 sentiat,
727 1566 831 1605 mihi
851 1567 961 1604 valde
981 1567 1152 1620 probari,
1190 1567 1406 1619 Utriusque
1425 1577 1556 1605 autem
1578 1570 1714 1621 accepi

320 1631 513 1684 ejusmodi
539 1632 670 1671 literas
691 1632 831 1671 eodem
859 1641 1050 1685 tempore,
1081 1646 1160 1685 quo
1191 1641 1304 1678 tuas;
1337 1642 1382 1670 ut
1412 1643 1550 1671 neuter
1581 1648 1708 1686 quen-

320 1711 440 1750 quam
479 1698 661 1736 omnium
695 1698 820 1751 pluris
854 1697 994 1743 facere,
1035 1711 1155 1750 quam
1193 1711 1272 1742 me,
1303 1697 1513 1736 videretur.
1562 1700 1711 1738 Verum

320 1764 418 1817 quid
438 1766 582 1816 agam?
614 1778 691 1802 non
714 1777 846 1817 quaero
867 1764 935 1802 illa
954 1764 1110 1809 ultima,
1144 1764 1189 1816 (fi
1218 1764 1325 1802 enim
1356 1763 1485 1802 castris
1513 1778 1571 1803 res
1596 1779 1708 1817 gere-

320 1839 440 1875 retur,
471 1830 586 1868 video
619 1844 712 1868 cum
741 1831 863 1868 altero
896 1829 1001 1867 vinci
1035 1829 1151 1868 satius
1185 1830 1272 1875 effe,
1308 1843 1428 1882 quam
1462 1843 1554 1868 cum
1588 1831 1711 1870 altero

319 1896 493 1946 vincere)
524 1895 587 1934 sed
607 1896 675 1934 illa
695 1885 890 1949 quse-tum
910 1904 1088 1947 agentur,
1120 1908 1213 1933 cum
1242 1908 1412 1938 venero;
1445 1908 1492 1932 ne
1513 1896 1611 1934 ratio
1637 1897 1709 1935 ab·-

322 1961 439 1999 sentis
474 1960 676 2007 habeatur,
714 1970 758 1999 ut
789 1961 1007 1999 exercitum
1042 1960 1232 1998 dimittat.
1278 1960 1374 2004 Dic,
1405 1959 1543 1998 Marce
1577 1961 1708 2000 Tulli.

321 2027 431 2078 Qid
450 2028 463 2065 ?
495 2027 639 2072 dicam,
672 2028 860 2080 Expecta,
892 2026 1030 2064 amabo
1052 2035 1103 2072 te,
1125 2026 1222 2064 dum
1242 2026 1429 2064 Atticum
1450 2027 1708 2065 conveniam?

321 2093 416 2130 Non
437 2092 490 2130 est
511 2093 620 2131 locus
642 2092 689 2130 ad
709 2091 1056 2145 tergiversandum.
1104 2092 1254 2130 Contra
1283 2090 1473 2129 Caesarem
1492 2091 1505 2128 ?
1538 2091 1607 2129 ubi
1630 2092 1710 2130 illae

321 2156 411 2195 sunt
439 2157 563 2195 densae
593 2157 791 2196 dexterae?
822 2170 930 2202 nam,
962 2166 1006 2195 ut
1034 2156 1096 2197 illi
1127 2155 1205 2195 hoc
1234 2156 1386 2200 liceret,
1417 2155 1563 2206 adjuvi,
1594 2169 1708 2208 roga-

323 2231 384 2260 tus
415 2223 464 2260 ab
496 2223 580 2276 ipso
613 2223 807 2262 Ravennae
835 2223 882 2261 de
915 2222 1040 2261 Caelio
1071 2222 1256 2260 Tribuno
1278 2221 1432 2273 plebis:
1465 2220 1512 2257 ab
1535 2221 1618 2273 ipso
1638 2235 1708 2259 au-

321 2288 436 2324 tern?
466 2289 584 2326 etiam
605 2302 626 2326 a
655 2289 776 2327 Cnaeo
808 2287 953 2333 nostrO,
984 2288 1026 2325 in
1056 2287 1127 2324 ino
1155 2286 1291 2324 divino
1325 2285 1442 2323 tertio
1475 2286 1707 2326 Consulatu.

323 2351 452 2389 Aliter
484 2353 664 2392 sensero?
700 2347 851 2401 ωἰὸευμαᾳ
883 2367 962 2392 non
998 2353 1235 2405 Pompeium
1269 2350 1404 2395 modo,
1435 2349 1499 2388 sed
1533 2347 1654 2397 Τρῶας,
1684 2351 1710 2404 ³5}

321 2408 488 2463 Τρώαὸεις.
538 2411 746 2466 Πκλυὸοὲμοις
773 2432 828 2465 μοι
857 2414 986 2471 πρῶτος
1016 2414 1179 2463 ἐλεγχεέην
1206 2412 1377 2458 narratoria,
1406 2416 1528 2467 quis?
1561 2424 1601 2452 tu
1631 2415 1710 2466 ipse

323 2480 486 2524 scilicet,
519 2480 693 2519 laudator
719 2492 758 2520 et
787 2481 982 2522 factorum
1012 2491 1050 2521 et
1082 2481 1319 2534 scriptorum
1349 2493 1545 2520 meorum.
1592 2480 1708 2519 Hanc

1319 2546 1355 2583 Y
1388 2558 1409 2584 2
