2243 3008
676 275 782 312 AD
841 274 1270 312 ATTIC-UM
1340 275 1565 314 LIB.I.
1789 292 1846 333 9ι

428 362 544 414 effem
571 373 640 410 ubi
666 372 771 418 effes,
804 373 986 411 nolebam
1007 372 1123 410 illum
1146 371 1320 410 nostrum
1341 371 1574 412 familiarem
1596 374 1813 412 sermonem

430 440 470 477 in
505 439 646 477 alienas
682 451 818 475 manus
849 437 1042 475 devenire.
1091 438 1208 489 Signa
1236 437 1451 489 Megarica,
1483 448 1521 476 et
1552 439 1734 482 Hermas,
1765 439 1812 476 de

429 504 574 557 quibus
595 503 642 541 ad
662 517 725 541 me
745 503 937 555 scripsisti,
969 502 1219 541 vehementer
1248 504 1423 554 expecto.
1471 503 1680 555 Qidquid
1709 503 1811 554 ejus-

428 569 518 607 dem
539 569 690 621 generis
711 568 889 612 habebis,
921 567 1088 620 dignum
1120 567 1332 605 Academia
1363 567 1438 605 tibi
1464 568 1570 619 quod
1600 567 1810 610 videbitur,

428 647 477 672 ne
498 634 687 672 dubitaris
709 634 880 678 mittere,
912 642 950 671 et
970 647 1064 671 arcae
1085 632 1220 671 nostrae
1240 632 1445 670 confidito.
1492 635 1628 671 Genus
1658 632 1732 670 hoc
1760 633 1812 669 est

427 699 640 752 voluptatis
661 712 755 736 meae
774 713 782 736 :
816 711 902 750 quae
922 691 1124 744 φομναιτιώὸη
1145 698 1316 735 maxime
1339 696 1441 742 sunt,
1464 711 1506 736 ea
1525 712 1670 751 quaero.
1705 698 1810 735 Len-

428 764 534 802 tulus
556 777 668 802 naves
690 763 772 801 suas
794 763 1017 816 pollicetur.
1052 762 1148 800 Peto
1169 763 1235 800 abs
1258 772 1309 807 te,
1342 772 1385 800 ut
1406 761 1488 802 haec
1509 777 1618 802 cures
1641 763 1810 814 diligen-

428 838 500 869 ter.
548 829 706 869 Chilius
728 839 765 867 te
785 838 909 881 rogat,
943 838 981 867 et
1001 842 1074 880 ego
1094 830 1177 880 ejus
1200 837 1351 881 rogatu,
1382 823 1578 876 εὐμολπιὸῶν
1597 824 1730 875 mimz.

764 1038 1004 1076 C1cssRo
1047 1036 1302 1073 ATT1co
1346 1036 1475 1073 SAL.

427 1163 479 1201 X.
507 1161 572 1235 C
591 1163 692 1200 UM
722 1163 837 1201 effem
869 1163 910 1201 in
944 1163 1185 1207 Tusculano,
1221 1164 1312 1215 (erit
1342 1161 1418 1201 hoc
1447 1164 1521 1201 tibi
1546 1176 1616 1214 pro
1637 1163 1707 1201 illo
1730 1173 1812 1208 tuo,

606 1230 696 1267 Cum
715 1227 810 1281 effem
829 1228 866 1267 in
885 1226 1096 1279 Ceramico)
1113 1239 1366 1267 veruntamen
1384 1243 1477 1267 cum
1498 1229 1554 1266 ibi
1575 1229 1704 1274 essem,
1729 1229 1812 1266 Ro-

427 1309 491 1333 ma
511 1309 606 1348 puer
627 1310 646 1333 a
667 1295 792 1334 sorore
815 1306 880 1334 tua
901 1295 1049 1340 missus,
1076 1295 1278 1348 epistolam
1299 1295 1399 1332 mihi
1421 1296 1486 1333 abs
1510 1305 1546 1332 te
1567 1295 1723 1333 allatam
1744 1295 1812 1332 de-

428 1361 501 1406 dit,
533 1361 823 1414 nuntiavitque,
854 1375 899 1400 eo
921 1361 1003 1414 ipso
1024 1361 1086 1399 die
1107 1361 1190 1414 post
1211 1360 1416 1398 meridiem
1438 1361 1586 1398 iturum
1607 1375 1712 1405 eum,
1745 1362 1814 1412 qui

427 1428 475 1466 ad
497 1437 533 1466 te
553 1428 863 1481 proficisceretur
881 1444 890 1466 :
923 1442 968 1466 eo
1000 1427 1148 1466 saecum
1175 1427 1243 1472 est,
1275 1437 1319 1465 ut
1339 1427 1508 1480 epistolae
1531 1436 1605 1465 tuae
1626 1427 1813 1465 rescribe-

428 1506 510 1531 rem
529 1493 679 1546 aliquid
697 1513 708 1538 ς
741 1493 929 1532 brevitate
962 1493 1150 1546 temporis
1183 1502 1264 1530 tam
1295 1506 1418 1545 pauca
1448 1506 1607 1545 cogerer
1633 1492 1812 1531 scribere.

428 1559 608 1598 Primum
629 1559 704 1597 tibi
723 1559 770 1597 de
792 1559 920 1598 nostro
941 1559 1068 1597 amico
1090 1558 1293 1612 placando,
1325 1567 1391 1596 aut
1416 1559 1535 1597 etiam
1564 1558 1678 1611 plane
1705 1558 1815 1596 resti-

427 1624 589 1668 tuendo,
621 1624 837 1676 polliceor:
871 1625 978 1676 quod
1009 1638 1096 1676 ego,
1127 1625 1194 1662 etsi
1226 1637 1312 1662 mea
1341 1624 1477 1676 sponte
1497 1633 1585 1662 ante
1605 1623 1813 1667 faciebam,

427 1703 474 1728 eo
495 1702 602 1728 nunc
623 1698 753 1727 tamen
774 1699 812 1728 et
832 1703 943 1742 agam
964 1689 1182 1735 studiofius‚
1214 1698 1252 1727 et
1273 1690 1509 1728 contendam
1535 1690 1582 1727 ab
1603 1690 1674 1728 illo
1694 1688 1814 1727 vehe-

426 1756 614 1800 mentius,
646 1755 753 1808 quod
781 1764 928 1793 tantam
959 1768 1008 1793 ex
1034 1755 1194 1808 epistola
1223 1755 1469 1793 voluntatem
1501 1757 1583 1808 ejus
1616 1755 1670 1793 rei
1704 1764 1813 1793 tuam

426 1821 642 1875 perspicere
661 1821 810 1860 videor.
858 1822 951 1859 Hoc
983 1830 1021 1859 te
1052 1821 1273 1873 intelligere
1299 1821 1404 1866 volo,
1437 1822 1671 1874 pergraviter
1698 1821 1816 1859 illum

426 1887 498 1925 effe
530 1885 724 1924 offensum
743 1902 751 1924 :
785 1885 848 1924 sed
877 1886 970 1939 quia
996 1885 1147 1924 nullam
1168 1886 1282 1924 video
1302 1899 1459 1938 gravem
1480 1885 1624 1923 subesse
1645 1886 1813 1931 causam,

426 1965 662 2006 magnopere
692 1951 849 1990 confido
878 1952 997 1990 illum
1025 1951 1110 1990 fore
1139 1953 1179 1990 in
1210 1952 1342 1990 officio
1371 1961 1409 1990 et
1439 1953 1479 1990 in
1501 1952 1626 1990 nostra
1646 1951 1816 2004 potesta-

424 2028 476 2057 te.
529 2019 646 2070 Signa
679 2017 805 2056 nostra
837 2027 876 2056 et
910 2017 1197 2062 Hermeraclas,
1234 2027 1278 2056 ut
1313 2017 1463 2063 scribis,
1505 2031 1597 2055 cum
1632 2030 1813 2056 commo-

424 2083 574 2122 diffime
605 2083 764 2136 poteris,
796 2083 916 2121 velim
947 2083 1142 2136 imponas,
1182 2092 1221 2121 et
1255 2083 1281 2121 fi
1315 2083 1422 2136 quod
1456 2082 1562 2120 aliud
1593 2079 1699 2116 οἰκεῖον
1729 2083 1813 2134 ejus

424 2149 517 2194 loci,
550 2162 669 2201 quem
702 2163 780 2187 non
816 2150 986 2201 ignoras,
1017 2149 1198 2201 reperies,
1230 2158 1269 2186 et
1300 2149 1485 2194 maxime,
1516 2161 1601 2200 quae
1636 2147 1710 2185 tibi
1741 2160 1812 2199 pa-

426 2215 556 2252 laestrae
577 2215 845 2267 gymnasiique
865 2214 1105 2253 videbuntur
1124 2215 1220 2253 effe:
1253 2215 1400 2252 etenim
1427 2214 1483 2252 ibi
1511 2213 1642 2252 sedens
1663 2212 1746 2250 haec
1767 2212 1814 2251 ad

426 2289 464 2317 te
499 2279 730 2325 scribebam,
762 2290 806 2317 ut
839 2293 904 2318 me
938 2280 1048 2319 locus
1082 2279 1161 2333 ipse
1193 2279 1431 2318 admoneret.
1479 2279 1666 2317 Praeterea
1699 2287 1813 2330 typos

427 2344 501 2382 tibi
533 2345 692 2390 mando,
723 2358 822 2398 quos
853 2346 893 2383 in
915 2345 1078 2383 tectorio
1099 2345 1228 2383 atrioli
1256 2344 1394 2397 poffim
1421 2345 1634 2389 includere,
1667 2353 1705 2381 et
1736 2356 1812 2395 pu-

428 2409 542 2446 tealia
561 2410 725 2462 sigillata
745 2411 837 2449 duo.
887 2411 1177 2450 Bibliothecam
1200 2421 1307 2449 tuam
1329 2424 1417 2449 cave
1438 2411 1623 2463 cuiquam
1645 2408 1812 2460 despon-

427 2474 530 2518 deas,
561 2476 739 2525 quamvis
771 2489 900 2514 acrem
933 2485 1147 2515 amatorem
1183 2477 1403 2514 inveneris:
1446 2489 1536 2513 nam
1570 2488 1642 2527 ego
1676 2485 1811 2510 omnes

430 2552 533 2576 meas
574 2539 829 2579 vindemiolas
867 2555 913 2581 eo
952 2542 1114 2587 reservo,
1161 2552 1204 2580 ut
1238 2541 1337 2579 illud
1378 2540 1589 2579 subsidium
1629 2537 1814 2577 senectuti

516 2606 582 2643 To
596 2617 647 2644 M.
680 2605 796 2644 VIII.
1487 2607 1516 2643 B
