2243 3008
507 297 613 335 AD
671 294 1102 333 ATTICUM
1170 295 1311 335 ΜΒ.
1363 298 1418 336 11.
1608 313 1656 352 53

605 528 847 566 CICERO
888 529 1145 566 ATT1co
1187 529 1319 568 SAL.

271 657 363 697 XV.
391 654 466 728 U
480 656 519 694 T
547 656 700 701 scribis,
717 657 774 694 ita
790 655 918 701 video,
936 669 1017 694 non
1037 655 1168 694 minus
1191 656 1338 695 incerta
1360 658 1398 697 in
1421 659 1657 712 Republica,

489 736 610 775 quam
629 723 670 761 in
691 721 851 774 epistola
871 731 938 771 tua
955 737 964 760 ε
997 721 1060 759 sed
1081 730 1210 759 tamen
1233 722 1302 760 ista
1320 723 1400 776 ipsa
1421 739 1484 763 me
1501 727 1659 765 varietas

271 789 498 828 sermonum
526 786 842 840 opinionumque
874 785 1064 825 delcetat:
1098 787 1237 825 Romae
1267 789 1375 826 enim
1406 790 1540 828 videor
1572 792 1659 837 effe,

270 869 364 893 cum
393 864 478 893 tuas
508 853 639 892 literas
669 853 773 906 lego,
804 861 858 908 et,
889 862 934 890 ut
965 852 1010 890 fit
1040 852 1080 890 in
1115 853 1232 891 tantis
1263 854 1394 900 rebus,
1426 856 1545 895 modo
1565 856 1658 903 hoc,

270 921 390 960 modo
410 920 528 965 illud,
556 919 703 958 audire.
748 919 854 957 Illud
876 929 1006 957 tamen
1026 919 1220 972 explicare
1241 934 1319 958 non
1341 922 1508 974 poffum,
1540 924 1660 976 quid-

270 1001 361 1026 nam
382 986 557 1025 invenire
576 985 705 1039 possit,
736 985 849 1023 nullo
878 985 1090 1030 recusante,
1121 985 1168 1023 ad
1193 985 1424 1025 facultatem
1455 990 1657 1040 agrariam.

272 1053 409 1092 Bibuli
428 1062 560 1090 autem
580 1052 650 1089 ista
678 1051 912 1103 magnitudo
943 1053 1065 1090 animi
1096 1052 1138 1089 in
1170 1053 1427 1092 comitiorum
1456 1054 1658 1100 dilatione,

272 1119 370 1172 quid
390 1118 524 1163 habet,
554 1117 626 1154 nifi
646 1116 764 1169 ipsius
779 1116 981 1168 judicium
1001 1117 1079 1155 fine
1099 1117 1180 1155 ulla
1207 1119 1446 1157 correctione
1476 1120 1659 1172 Reipub-

270 1185 356 1224 licae
375 1186 388 1223 ?
420 1183 613 1222 nimirum
632 1183 674 1220 in
695 1182 841 1220 Publio
862 1181 945 1235 spes
966 1182 1044 1222 est:
1076 1183 1158 1228 fiat,
1190 1183 1256 1221 fiat
1277 1185 1484 1222 Tribunus
1505 1186 1659 1237 plebis:

272 1252 298 1289 fi
319 1250 422 1289 nihil
442 1250 565 1294 aliud,
596 1258 641 1287 ut
660 1262 706 1286 eo
727 1248 845 1286 citius
867 1257 911 1285 tu
931 1261 978 1286 ex
999 1249 1124 1300 Epiro
1145 1258 1346 1288 revertare.
1393 1251 1501 1289 Nam
1522 1261 1566 1289 ut
1589 1251 1662 1289 illo

271 1327 315 1356 tu
336 1330 476 1362 careas,
508 1329 588 1354 non
608 1314 722 1353 video
742 1314 846 1367 poss‘e
872 1314 958 1352 fieri
974 1333 985 1360 ς
1017 1314 1230 1368 praesertim
1262 1315 1288 1352 fi
1321 1329 1479 1354 mecum
1511 1317 1662 1369 aliquid

271 1384 377 1423 volet
397 1383 607 1436 disputare.
648 1381 722 1419 Sed
742 1380 781 1418 id
802 1380 963 1433 quidem
984 1394 1064 1418 non
1086 1381 1254 1418 dubium
1274 1381 1340 1427 est,
1373 1383 1485 1434 quin,
1518 1383 1542 1420 fi
1565 1382 1663 1436 quid

271 1449 347 1487 erit
365 1447 573 1502 ejusmodi,
604 1446 651 1485 fis
678 1445 942 1485 advolaturus.
989 1446 1139 1485 Verum
1162 1456 1205 1484 ut
1225 1446 1302 1485 hoc
1324 1461 1402 1486 non
1425 1448 1497 1493 fit;
1530 1457 1663 1487 tamen

274 1515 338 1553 seu
371 1524 472 1560 ruet,
510 1514 575 1552 seu
608 1513 746 1565 eriget,
777 1512 1102 1565 Rernpublicam,
1133 1512 1363 1565 praeclarum
1398 1514 1662 1566 spectaculum

273 1580 375 1620 mihi
395 1593 587 1634 propono,
616 1578 738 1618 modo
763 1588 801 1617 te
827 1578 1038 1616 conseffore
1067 1578 1234 1632 spectare
1264 1579 1394 1618 liceat.
1442 1581 1548 1618 Cum
1578 1579 1662 1621 haec

273 1647 446 1685 maxime
467 1645 690 1689 scriberem,
721 1657 811 1682 ecce
842 1644 918 1682 tibi
950 1644 1128 1682 Sebosus.
1175 1645 1370 1683 Nondum
1402 1645 1516 1698 plane
1547 1647 1661 1698 inge-

273 1725 477 1756 mueram3
520 1711 643 1755 Salve,
675 1709 807 1762 inquit
842 1709 996 1748 Arrius.
1043 1710 1135 1748 Hoc
1170 1709 1237 1754 est,
1282 1711 1412 1748 Roma
1445 1711 1660 1750 decedere?

273 1791 372 1830 quos
405 1790 480 1830 ego
510 1775 692 1814 homines
726 1774 865 1826 effugi,
897 1787 991 1812 cum
1022 1775 1063 1812 in
1095 1774 1167 1812 hos
1200 1775 1356 1813 incidi?
1388 1776 1477 1828 Ego
1504 1789 1595 1814 vero
1625 1775 1663 1814 in

274 1851 404 1881 montes
426 1840 583 1894 patrios,
623 1848 657 1878 et
686 1839 738 1877 ad
761 1838 976 1878 incunabula
1005 1839 1135 1891 nostra,
1171 1853 1346 1892 pergam.
1393 1841 1592 1894 Denique,
1634 1841 1661 1879 fi

274 1909 376 1948 solus
398 1922 477 1947 non
497 1917 679 1961 potuero,
710 1919 803 1944 cum
824 1904 976 1943 rusticis
997 1907 1144 1958 potius,
1177 1919 1295 1958 quarn
1316 1920 1409 1944 cum
1430 1905 1492 1945 his
1524 1921 1661 1960 perur-

275 1975 414 2013 banis:
446 1974 500 2012 ita
526 1982 672 2017 tamen,
704 1980 762 2016 ut,
794 1971 984 2024 quoniam
1010 1980 1054 2009 tu
1075 1972 1171 2009 certi
1193 1970 1295 2009 nihil
1315 1971 1468 2017 scribis,
1499 1973 1539 2010 in
1562 1972 1662 2010 For-

274 2041 407 2079 miano
428 2039 502 2078 tibi
523 2038 717 2092 praestoler
732 2036 854 2089 usque
874 2036 920 2074 ad
940 2050 995 2075 111
1016 2037 1128 2076 Non.
1151 2037 1252 2075 Mai.
1285 2038 1481 2075 Terentiae
1502 2051 1661 2091 pergra-

276 2115 315 2144 ta
346 2106 401 2145 est
433 2105 626 2144 affiduitas
662 2114 729 2142 tua
761 2112 800 2141 et
834 2102 1040 2155 diligentia
1073 2104 1113 2141 in
1149 2103 1406 2141 controverfia
1439 2104 1659 2142 Mulviana.

277 2172 414 2211 Nescit
434 2172 613 2216 omnino,
646 2179 684 2208 te
703 2182 959 2208 communem
991 2169 1144 2207 causam
1175 2168 1381 2207 defendere
1411 2176 1560 2214 eorum,
1592 2169 1670 2221 qui⁴

275 2250 386 2289 agros
417 2238 599 2291 publicos
632 2235 859 2289 poffideant.
908 2234 980 2273 Sed
1011 2245 1142 2273 tamen
1177 2244 1220 2273 tu
1255 2234 1405 2287 aliquid
1439 2235 1660 2288 publicanis

277 2301 413 2353 pendis
430 2321 442 2348 ς
474 2301 556 2340 haec
576 2303 695 2340 etiam
717 2300 756 2338 id
777 2299 938 2338 recusat.
973 2301 1030 2338 Ea
1050 2300 1125 2339 tibi
1145 2300 1282 2352 igitur,
1314 2308 1354 2337 et
1378 2296 1522 2348 Κικέρων,
1549 2298 1663 2349 ‹ips-o-

275 2363 504 2417 κρατικῶτκπς
522 2366 607 2409 παῖς,
635 2368 799 2407 salutem
820 2366 973 2407 dicunt.
