2243 3008
643 277 752 317 AD
808 274 1239 314 ATTICUM
1308 275 1451 314 LIB.
1503 277 1537 315 1.
1734 290 1784 331 23

397 377 549 432 poffum
581 375 861 429 reprehendere
893 375 1102 414 confilium
1136 384 1266 421 tuum,
1310 376 1525 429 praesertim
1560 389 1652 414 cum
1686 390 1780 429 ego·

395 452 478 481 met
510 443 552 480 in
585 442 830 495 provinciam
864 455 944 480 non
979 441 1048 480 fim
1083 440 1296 494 profeEtus.
1343 441 1649 494 Epigrammatis
1685 443 1780 488 tuis,

395 522 482 560 quae
512 508 554 546 in
587 505 801 546 Amaltheo
834 507 1009 560 posuisti,
1039 507 1218 545 contenti
1249 507 1410 552 erimus,
1442 507 1652 559 praesertim
1687 521 1781 546 curn

394 582 434 611 et
457 573 617 611 Chilius
647 586 718 611 nos
745 572 962 624 reliquerit,
991 581 1031 611 et
1059 571 1227 610 Archias
1256 572 1360 610 nihil
1388 572 1435 610 de
1463 586 1526 610 me
1556 571 1776 625 scripserit:

394 651 439 676 ac
471 652 619 684 vereor,
647 652 713 684 ne,
754 638 937 676 Lucullis
969 638 1158 690 quoniam
1193 638 1380 676 Graecum
1413 651 1553 691 poema
1583 637 1777 683 condidit,

394 717 501 742 nunc
534 704 582 742 ad
617 703 869 742 Caecilianam
902 702 1078 741 fabulam
1109 703 1266 756 spectet.
1316 704 1509 748 Antonio,
1542 714 1611 742 tuo
1644 704 1778 741 nomi-

394 782 444 807 ne
469 769 610 821 gratias
636 768 698 821 egi
715 787 728 813 ;
759 781 923 821 eamque
954 767 1156 821 epistolam
1188 768 1345 806 Manlio
1377 768 1480 807 dedi.
1526 768 1591 806 Ad
1624 779 1660 806 te
1691 768 1780 806 ideo

395 844 508 873 antea
525 835 646 873 rarius
667 834 814 886 scripsi,
842 834 950 885 quod
971 847 1050 872 non
1080 833 1272 872 habebam
1303 833 1506 879 idoneum,
1537 834 1602 872 cui
1632 833 1778 878 darem,

396 913 467 938 nec
488 900 576 939 satis
596 900 781 945 sciebam,
811 900 909 952 quid
929 899 1074 938 darem.
1119 900 1230 938 Vale.
1276 901 1338 938 Te
1357 900 1567 938 vindicavi.
1613 899 1778 938 Cincius

396 965 423 1003 fi
445 965 541 1018 quid
562 965 608 1003 ad
628 978 692 1003 me
712 965 772 1003 tui
791 966 942 1017 negotii
972 965 1171 1011 detulerit,
1202 965 1408 1018 suscipiam
1427 981 1436 1004 :
1469 965 1531 1003 sed
1561 978 1666 1003 nunc
1694 978 1779 1002 ma-

396 1031 456 1082 gis
482 1032 524 1068 in
545 1031 613 1068 suo
641 1030 696 1067 est
720 1039 962 1083 occupatus,
994 1032 1035 1068 in
1066 1044 1145 1083 quo
1171 1044 1244 1082 ego
1273 1031 1309 1068 ei
1335 1045 1415 1069 non
1444 1030 1594 1069 desum.
1640 1031 1721 1075 Tu,
1753 1030 1781 1068 fi

396 1109 476 1133 uno
500 1097 543 1133 in
574 1096 664 1133 loco
694 1108 733 1132 es
765 1095 939 1140 futurus,
969 1096 1120 1134 crebras
1153 1110 1173 1133 a
1203 1097 1318 1134 nobis
1349 1097 1478 1134 literas
1509 1097 1694 1148 expecta;
1727 1095 1781 1133 ast

395 1160 527 1212 plures
546 1160 666 1198 etiam
691 1159 772 1212 ipse
802 1160 969 1199 mittito.
1017 1161 1166 1206 Velim,
1198 1160 1244 1198 ad
1276 1175 1347 1199 me
1369 1161 1526 1205 scribas,
1558 1161 1780 1213 cujusmodi

395 1226 442 1264 fit
461 1221 668 1272 Ἀμαλθέιον
687 1234 817 1270 tuum,
846 1240 926 1279 quo
945 1235 1100 1271 ornatu,
1131 1240 1208 1279 qua
1227 1224 1403 1275 πτηθεσίςις
1433 1236 1471 1264 et
1498 1240 1584 1279 quae
1604 1236 1783 1278 poemata

396 1289 567 1343 quasque
601 1288 778 1329 historias
813 1290 859 1329 de
896 1287 1079 1340 Ἀμαλθείᾳ
1112 1291 1246 1336 habes,
1277 1291 1324 1328 ad
1358 1305 1420 1329 me
1456 1292 1604 1330 mittas.
1651 1292 1783 1330 Lubet

398 1355 499 1394 mihi
531 1355 657 1393 facere
688 1356 730 1394 in
761 1357 960 1409 Arpinati.
999 1357 1096 1409 Ego
1130 1358 1205 1396 tibi
1236 1357 1387 1409 aliquid
1419 1357 1465 1395 de
1496 1359 1593 1396 meis
1628 1357 1782 1410 scriptis

396 1422 570 1460 mittam.
601 1419 720 1460 Nihil
740 1430 821 1461 erat
840 1421 1024 1460 absoluti.

733 1625 976 1662 CICERO
1016 1623 1271 1662 ATT1co
1313 1623 1445 1661 SAL.

399 1751 536 1790 XVII.
561 1750 652 1823 M
665 1751 858 1789 AGNA
887 1751 990 1790 mihi
1009 1751 1170 1789 varietas
1190 1750 1420 1796 voluntatis,
1451 1760 1489 1789 et
1508 1750 1784 1790 diffimilitudo

683 1817 882 1869 opinionis
912 1829 955 1854 ac
977 1816 1122 1869 judicii
1155 1817 1299 1867 Qinti
1326 1816 1455 1855 fratris
1490 1818 1585 1862 mei,
1615 1818 1781 1856 demon-

398 1883 510 1921 strata
529 1882 582 1921 est
601 1897 649 1921 ex
670 1883 793 1922 literis
814 1884 909 1929 tuis,
938 1883 979 1921 in
1000 1883 1144 1936 quibus
1166 1882 1213 1920 ad
1232 1897 1294 1921 me
1314 1883 1564 1935 epistolarum
1584 1884 1690 1922 illius
1712 1898 1783 1922 ex-

398 1948 530 2000 empla
549 1948 683 1986 mifisti
701 1964 710 1987 :
743 1962 820 2001 qua
838 1963 886 1987 ex
908 1962 947 1986 re
966 1958 1005 1987 et
1025 1947 1202 1986 molestia
1220 1948 1306 1986 sum
1327 1958 1431 1986 tanta
1451 1948 1625 1994 affectus,
1656 1963 1782 2002 quan-

399 2025 479 2053 tam
499 2014 601 2053 mihi
622 2029 732 2053 meus
753 2029 864 2054 amor
882 2016 1058 2053 summus
1090 2028 1179 2068 erga
1208 2025 1421 2068 utrumque
1451 2016 1618 2054 vestrum
1649 2015 1786 2053 afferre

399 2081 535 2119 debuit
557 2100 568 2127 ;
614 2090 653 2119 et
690 2081 962 2126 admiratione,
1005 2080 1197 2134 quidnam
1234 2081 1442 2126 accidisset,
1488 2082 1594 2135 quod
1632 2081 1785 2119 afferret

400 2146 554 2197 Qinto
574 2145 685 2184 fratri
705 2160 794 2184 meo
814 2156 880 2184 aut
899 2146 1152 2185 offenfionem
1174 2155 1251 2184 tam
1273 2159 1444 2198 gravem,
1475 2157 1541 2184 aut
1561 2155 1784 2184 commuta-

399 2211 550 2249 tionem
573 2220 721 2249 tantam
741 2211 972 2250 voluntatis.
1018 2213 1151 2264 Atque
1180 2211 1281 2249 illud
1302 2225 1322 2248 a
1341 2213 1501 2263 mejam
1524 2221 1612 2248 ante
1632 2211 1783 2248 intelli-

401 2277 578 2327 gebatur,
609 2277 716 2329 quod
748 2287 786 2315 te
815 2291 974 2330 quoque
993 2278 1123 2330 ipsum
1143 2277 1405 2315 discedentem
1427 2291 1446 2314 a
1468 2277 1581 2315 nobis
1603 2277 1786 2329 suspicari

402 2340 596 2386 videbam,
627 2342 771 2380 subeffe
793 2342 921 2381 nescio
942 2342 1038 2394 quid
1057 2342 1255 2395 opinionis
1282 2342 1557 2387 incommodae,
1589 2342 1784 2380 saucium-

403 2419 478 2457 que
498 2407 580 2456 ejus
607 2409 813 2454 animum;
846 2418 884 2446 et
915 2408 1090 2447 insedisse
1121 2408 1306 2460 quasdam
1337 2407 1485 2446 odiosas
1519 2408 1782 2461 suspiciones:

404 2471 548 2524 quibus
569 2486 641 2524 ego
661 2475 921 2513 medericum
949 2489 1133 2528 cuperem
1163 2484 1274 2513 antea
1304 2475 1415 2527 saepe,
1445 2484 1483 2512 et
1515 2474 1783 2512 vehementius

404 2538 520 2575 etiam
541 2538 624 2589 post
645 2538 888 2579 sortitionem
909 2542 1134 2593 provinciae,
1167 2555 1237 2580 nec
1268 2550 1424 2579 tantum
1453 2540 1722 2591 intelligebam
1750 2539 1788 2576 ei
