2243 3008
524 283 607 323 434
873 267 1562 308 EPISTOLARUM

528 366 752 406 auc‘toribus
782 365 929 404 nobis?
960 365 1049 418 quis
1078 364 1397 403 incolumitatem
1428 364 1610 418 praestet?
1652 365 1691 404 Si
1720 378 1811 404 vero
1841 366 1916 405 ali-

529 433 627 485 quid
647 432 694 470 de
715 433 885 470 Decimo
905 431 1059 483 gravius
1077 449 1088 474 ;
1120 443 1206 482 quae
1227 429 1365 468 nostris
1386 431 1479 476 vita,
1501 431 1620 469 etiam
1641 431 1667 470 s1
1688 445 1806 470 nemo
1826 445 1916 470 mo-

531 497 648 537 lestus
668 497 714 535 fit
732 498 745 534 ?
778 496 912 535 Ludos
933 509 1024 533 vero
1044 507 1123 532 non
1145 493 1285 538 facere,
1316 494 1413 546 quid
1443 494 1587 534 foedius
1607 497 1620 533 ?
1652 497 1918 535 Frumentum

532 564 748 616 imponere,
780 575 866 614 quae
895 560 949 599 est
977 560 1051 598 alia
1080 559 1224 597 Dionis
1254 558 1431 610 legatio?
1462 569 1528 598 aut
1557 561 1665 613 quod
1698 575 1843 599 munus
1875 562 1917 599 in

533 628 757 681 Republica
777 626 967 664 sordidius
988 626 1000 662 ?
1034 623 1192 662 Prorsus
1213 622 1375 676 quidem
1396 624 1556 662 consilia
1576 626 1643 663 tali
1673 626 1713 664 in
1735 641 1774 665 re
1795 640 1843 665 ne
1869 627 1917 665 iis

531 693 694 746 quidem
711 702 793 731 tuta
814 691 917 736 sunt,
934 691 1004 742 qui
1024 689 1132 727 dant.
1166 688 1238 727 Sed
1258 688 1396 741 poffim
1417 689 1457 726 id
1474 689 1671 741 negligere
1685 690 1915 742 proficiens:

531 758 671 797 frustra
696 770 787 795 vero
812 755 910 808 quid
939 754 1164 807 ingrediar?
1197 753 1340 792 Matris
1369 754 1532 792 confilio
1557 767 1652 792 cum
1682 764 1826 802 utatur,
1856 756 1919 795 vel

532 824 650 861 etiam
679 821 877 874 precibus,
909 821 1006 873 quid
1040 833 1104 858 me
1138 820 1418 871 interponam?
1451 819 1525 857 Sed
1558 829 1689 858 tamen
1718 821 1916 873 cogitabo,

531 902 613 940 quo
642 900 781 939 genere
810 895 896 924 utar
929 886 1159 930 literarum3
1192 897 1283 922 nam
1313 884 1420 922 filere
1450 898 1529 923 non
1564 885 1731 938 poss‘um.
1776 886 1918 924 Statim

532 953 657 1006 igitur
676 953 835 991 mittam
854 951 915 991 vel
936 951 1122 997 Antium,
1153 949 1214 989 vel
1237 949 1423 991 Circaeos.

872 1155 1115 1194 Clc'ERo
1155 1155 1411 1193 ATTICO
1453 1153 1583 1193 SAL.

533 1282 608 1322 XI.
634 1281 758 1356 AN
776 1283 814 1321 T
832 1283 849 1320 I
866 1282 905 1320 U
922 1283 972 1321 M
1000 1283 1090 1321 veni
1119 1292 1207 1322 ante
1229 1297 1273 1322 v1
1297 1283 1387 1322 Kal.
1420 1283 1543 1322 Bruto
1566 1281 1767 1335 jucundus
1793 1282 1918 1321 noster

742 1347 946 1386 adventus.
979 1347 1148 1394 Deinde,
1171 1349 1309 1387 multis
1329 1347 1594 1392 audientibus,
1617 1348 1790 1393 Servilia,
1813 1349 1917 1386 Ter-

534 1414 647 1460 tulla,
678 1415 830 1458 Porcia,
859 1426 1043 1465 quaerere,
1065 1413 1161 1466 quid
1183 1414 1366 1466 placeret.
1399 1412 1544 1450 Aderat
1563 1413 1681 1451 etiam
1704 1414 1914 1452 Favonius.

534 1481 637 1532 Ego,
659 1479 766 1533 quod
785 1492 889 1517 eram
910 1479 1121 1517 meditatus
1142 1480 1182 1517 in
1204 1481 1278 1523 via,
1302 1479 1470 1523 suadere,
1493 1488 1537 1516 ut
1558 1488 1731 1516 uteretur
1751 1479 1919 1517 Afiatica

533 1546 734 1584 curatione
755 1544 969 1588 frumenti;
993 1543 1094 1581 nihil
1116 1544 1188 1582 effe
1203 1545 1285 1596 jam
1307 1543 1464 1596 reliqui,
1482 1543 1588 1595 quod
1608 1557 1824 1596 ageremus,
1848 1544 1919 1583 nisi

533 1620 576 1649 ut
610 1611 732 1649 salvos
765 1609 866 1655 effe5
898 1609 939 1647 in
959 1606 1021 1647 ‘eo
1051 1610 1169 1647 etiam
1198 1610 1269 1662 ipsi
1305 1609 1552 1662 Reipublicae
1581 1610 1653 1648 effe
1682 1610 1917 1663 praesidium.

532 1678 665 1728 Qam
685 1675 902 1715 orationem
923 1688 1016 1713 cum
1037 1675 1224 1728 ingressus
1245 1674 1374 1720 effem,
1406 1675 1553 1713 Caffius
1574 1675 1798 1714 intervenit.
1831 1677 1920 1728 Ego

530 1742 665 1780 eadem
694 1741 763 1780 illa
797 1740 974 1794 repetivi.
1021 1741 1114 1779 Hoc
1144 1740 1247 1785 loco,
1279 1739 1449 1778 fortibus
1480 1740 1566 1778 sane
1595 1741 1737 1785 oculis,
1770 1741 1918 1779 Caffius

534 1808 727 1859 (Martem
748 1806 888 1860 spirare
909 1805 1075 1855 diceres)
1100 1805 1135 1844 se
1165 1806 1205 1843 in
1237 1806 1412 1843 Siciliam
1442 1819 1522 1843 non
1552 1807 1715 1844 iturum.
1763 1806 1916 1858 Egone,

531 1883 576 1911 ut
597 1873 849 1917 beneficium,
871 1871 1098 1925 accepiffem
1119 1872 1404 1910 contumeliam
1423 1873 1436 1909 ?
1468 1871 1577 1923 Qid
1598 1885 1691 1924 ergo
1711 1872 1821 1924 agis?
1853 1872 1916 1909 in-

530 1951 665 1990 quam.
718 1939 773 1975 At
807 1937 890 1982 ille,
921 1938 962 1974 in
993 1936 1184 1975 Achaiam
1221 1937 1256 1974 se
1291 1937 1455 1975 iturum.
1502 1936 1613 1987 Qid
1648 1946 1706 1981 tu,
1738 1937 1915 1988 inquam,

535 2004 685 2041 Brute?
717 2003 903 2046 Romam,
936 2002 1082 2054 inquit,
1114 2002 1138 2039 fi
1171 2003 1243 2039 tibi
1265 2002 1433 2039 videtur.
1480 2001 1589 2039 Mihi
1611 2015 1701 2039 vero
1720 2002 1915 2047 minime,

533 2078 620 2106 tuto
640 2068 747 2106 enim
769 2080 846 2105 non
868 2067 956 2104 eris.
990 2067 1100 2118 Qid
1122 2067 1146 2104 si
1168 2067 1313 2119 possem
1334 2067 1429 2104 csl‘e?
1453 2067 1698 2119 placeretne?
1721 2069 1854 2119 Atque
1876 2078 1919 2105 ut

528 2134 722 2178 omnino;
756 2146 882 2185 neque
904 2145 1024 2177 nunc,
1056 2146 1181 2185 neque
1202 2147 1248 2170 cx
1272 2133 1454 2177 I‘raetura,
1487 2132 1525 2169 in
1550 2133 1791 2185 provinciam
1814 2134 1884 2170 ires
1905 2148 1914 2171 :

531 2199 594 2237 sed
616 2200 747 2236 auctor
768 2211 846 2236 non
868 2197 968 2243 sum,
1000 2207 1043 2235 ut
1065 2208 1102 2236 te
1123 2198 1210 2236 urbi
1232 2198 1473 2236 committas.
1522 2199 1714 2236 Dicebam
1742 2212 1798 2242 ea,
1830 2212 1917 2250 quar

531 2265 604 2302 tibi
626 2263 801 2317 profecto
822 2264 861 2301 in
884 2273 1057 2302 mentem
1078 2265 1256 2308 veniunt,
1288 2278 1357 2301 cur
1391 2278 1465 2301 non
1500 2264 1589 2301 css‘et
1624 2273 1710 2301 tuto
1742 2262 1914 2302 futurus.

532 2331 669 2369 Multo
703 2329 792 2367 inde
830 2329 1003 2368 sermone
1037 2330 1313 2382 querebantur,
1345 2339 1462 2381 atque
1496 2329 1535 2366 id
1571 2329 1732 2381 quidem
1769 2330 1916 2368 Canius

530 2396 715 2439 maxime,
748 2395 895 2432 amiffis
917 2396 1133 2434 occasiones
1154 2414 1162 2439 ;
1198 2396 1490 2446 Decimumque
1511 2396 1678 2446 graviter
1698 2395 1913 2434 accusabat.

531 2463 618 2514 Ego
640 2460 828 2513 negabam
849 2470 1027 2512 oportere
1050 2462 1240 2514 praetcrita
1259 2476 1267 2499 τ
1301 2461 1526 2499 affcnticbar
1548 2472 1692 2499 tamen.
1732 2464 1916 2514 Cumque

525 2526 715 2579 ingressus
745 2526 860 2565 cffem
892 2526 1034 2572 dicere,
1066 2527 1161 2581 quid
1197 2527 1439 2579 oportuiss‘ct‚
1473 2541 1542 2565 nec
1575 2541 1666 2566 vero
1697 2526 1915 2580 quidquam
