2243 3008
523 249 599 289 288
871 249 1559 290 EPISTOLARUM

854 479 1095 517 Cxcnno
1136 479 1392 517 AT'r1co
1432 479 1561 518 SAL.

518 609 638 649 xm.
663 607 728 681 E
743 608 772 646 P
785 608 802 646 I
815 608 837 645 S
850 607 1027 646 TOLA
1049 615 1115 643 tua
1133 605 1344 658 gratissima
1363 603 1441 643 fuit
1461 619 1555 644 meae
1575 606 1736 652 Tulliae,
1757 616 1796 645 et
1816 620 1901 646 me-

758 672 917 711 hercule
943 670 1072 709 mihi:
1106 671 1256 724 semper
1288 670 1418 708 secum
1449 670 1599 722 aliquid
1630 671 1797 710 afferunt
1827 682 1903 711 tuae

518 739 654 778 literae.
702 738 852 776 Scribes
878 737 1027 789 igitur;
1059 750 1103 775 ac
1125 737 1150 775 fi
1172 736 1268 789 quid
1288 735 1336 774 ad
1356 735 1462 788 spem
1483 737 1644 789 poteris,
1676 750 1724 775 ne
1743 737 1902 776 dimise-

518 806 586 842 ris.
618 805 685 842 Tu
707 802 875 840 Antonii
895 802 1025 839 leones
1046 801 1309 854 pertimescas,
1331 813 1421 839 cave
1439 815 1448 839 t
1481 800 1583 840 nihil
1604 801 1658 839 est
1678 802 1750 840 illo
1769 801 1903 840 homi-

517 883 567 907 ne
582 868 798 921 jucundius
818 882 826 905 :
859 866 1015 904 attende
1034 863 1159 919 πρᾶξιν
1176 863 1331 901 mnu-neff-
1372 866 1563 904 Evocavit
1583 866 1706 905 literis
1727 881 1748 905 e
1768 867 1904 905 muni-

517 935 632 986 cipiis
653 933 801 971 denos:
832 941 872 970 et
903 931 1184 984 Qatuor—viri
1212 940 1404 969 venerunt
1435 931 1482 969 ad
1512 931 1649 971 villam
1669 934 1752 985 ejus
1773 945 1901 971 mane.

516 999 698 1037 Primum
718 997 882 1036 dormiit
900 997 948 1034 ad
968 996 1107 1035 horam
1128 997 1282 1034 tertiam
1301 1011 1310 1034 z
1343 996 1498 1042 deinde,
1520 1010 1612 1036 cum
1632 997 1724 1036 effet
1745 999 1903 1036 nuntia-

515 1073 618 1109 tum,
649 1062 791 1102 venisse
824 1062 1107 1115 Neapolitanos
1138 1070 1178 1100 et
1209 1062 1426 1107 Cumanos,
1460 1061 1541 1115 (his
1568 1064 1674 1102 enirn
1704 1063 1759 1102 est
1779 1063 1904 1102 Caesar

516 1128 655 1179 iratus)
688 1128 871 1182 postridie
891 1127 1015 1166 redire
1030 1127 1162 1179 juffit:
1195 1127 1312 1164 lavari
1333 1127 1370 1165 se
1389 1127 1504 1173 velle,
1534 1137 1573 1166 et
1593 1122 1675 1173 my*
1695 1124 1904 1163 κοιλιολυσὶαν

514 1192 637 1244 γ’νεὲζ.
686 1194 779 1232 Hoc
808 1193 894 1231 heri
923 1192 1070 1230 effecit.
1117 1191 1252 1230 Hodie
1283 1200 1413 1230 autem
1444 1193 1486 1230 in
1514 1192 1714 1231 AEnariam
1747 1191 1904 1229 transire

515 1258 734 1297 constituit.
769 1258 966 1297 Exulibus
987 1257 1159 1296 reditum
1180 1257 1405 1310 pollicetur.
1445 1257 1517 1295 Sed
1538 1257 1621 1296 baec
1641 1257 1871 1295 omittamus
1889 1276 1900 1301 ;

516 1325 564 1362 de
585 1325 698 1363 nobis
719 1324 869 1376 aliquid
887 1337 1061 1376 agamus.
1108 1323 1173 1360 Ab
1194 1323 1300 1361 Axio
1319 1323 1452 1376 accepi
1479 1323 1623 1362 literas.
1671 1323 1733 1361 De
1753 1323 1904 1361 Tirone

514 1398 687 1440 gratum.
730 1389 949 1426 Vectenum
984 1387 1124 1440 diligo.
1169 1386 1345 1425 Vestorio
1380 1387 1544 1426 reddidi.
1591 1387 1744 1425 Servius
1779 1387 1904 1440 pridie

516 1454 654 1493 Nonas
687 1454 788 1491 Maii
819 1453 1042 1491 Minturnis
1073 1451 1246 1490 manfiffe
1278 1452 1438 1498 dicitur,
1470 1451 1588 1491 hodie
1622 1453 1663 1490 in
1697 1452 1904 1490 Liternino

514 1519 718 1557 mansurus
738 1518 841 1572 apud
863 1520 911 1556 C.
936 1518 1175 1556 Marcellum
1194 1532 1203 1555 ε
1227 1530 1309 1555 cras
1331 1518 1453 1569 igitur
1474 1531 1544 1556 nos
1565 1527 1716 1555 mature
1736 1516 1901 1562 videbit,

515 1584 697 1637 mihique
717 1584 826 1622 dabit
845 1593 1123 1636 argumentum
1144 1582 1191 1621 ad
1213 1591 1250 1621 te
1269 1582 1439 1635 epistolae
1457 1598 1466 1621 ε
1493 1584 1578 1635 jam
1598 1583 1706 1621 enim
1734 1595 1813 1621 non
1839 1596 1900 1621 re-

516 1651 625 1703 perio
645 1649 742 1703 quid
764 1650 838 1687 tibi
858 1649 1040 1687 scribam.
1081 1648 1187 1687 Illud
1207 1647 1392 1693 admiror,
1423 1648 1530 1701 quod
1551 1648 1752 1686 Antonius
1773 1647 1819 1685 ad
1840 1662 1904 1687 me

514 1729 562 1753 ne
583 1715 769 1753 nuntium
791 1715 968 1768 quidem,
999 1727 1092 1753 cum
1114 1713 1325 1767 praesertim
1348 1727 1412 1751 me
1431 1713 1541 1752 valde
1561 1713 1785 1752 observarit.
1826 1714 1900 1752 Vi-

514 1781 658 1819 delicet
686 1780 836 1832 aliquid
867 1780 1037 1818 atrocius
1068 1780 1116 1817 de
1148 1793 1212 1817 rne
1242 1780 1479 1832 imperatum
1500 1779 1580 1817 est:
1613 1791 1743 1816 coram
1765 1791 1902 1830 negare

516 1845 631 1884 mihi·
651 1859 729 1884 non
761 1846 876 1891 vult;
907 1845 1015 1897 quod
1034 1858 1107 1897 ego
1128 1858 1199 1883 nec
1221 1853 1424 1896 rogaturus
1445 1857 1564 1889 eram,
1595 1857 1682 1888 nec,
1714 1843 1739 1881 si
1772 1844 1901 1895 impe-

515 1911 681 1956 traffem,
712 1911 947 1949 crediturus.
995 1911 1081 1949 Nos
1111 1919 1241 1948 tamen
1269 1909 1418 1962 aliquid
1447 1909 1775 1962 excogitabimus.
1819 1911 1900 1956 Tu,

513 1976 657 2029 quaeso,
688 1977 714 2015 si
735 1976 831 2029 quid
853 1977 893 2014 in
916 1976 1144 2028 Hispaniis:
1171 1977 1254 2027 jam
1275 1976 1380 2013 enim
1403 1976 1546 2027 poterit
1567 1975 1690 2013 audiri
1710 1993 1719 2019 ;
1751 1984 1789 2013 et
1810 1989 1898 2013 om-

516 2055 582 2080 nes
604 2043 657 2080 ita
676 2043 896 2094 expectant,
928 2050 971 2079 ut
992 2041 1018 2078 si
1040 2042 1139 2079 rede
1161 2039 1294 2084 fuerit,
1327 2039 1427 2078 nihil
1451 2041 1597 2093 negotii
1620 2039 1800 2079 futurum
1824 2055 1898 2093 pu-

515 2117 614 2146 tent.
659 2108 746 2160 Ego
765 2116 895 2145 autem
918 2120 988 2145 nec
1011 2106 1170 2145 retentis
1191 2105 1252 2144 his
1274 2105 1493 2144 confectam
1516 2121 1595 2144 rem
1618 2116 1742 2159 puto;
1776 2120 1902 2159 neque

516 2173 658 2211 amissis
690 2172 941 2225 desperatam.
989 2172 1145 2217 Silium,
1177 2181 1214 2210 et
1237 2171 1433 2215 Ocellam,
1464 2182 1502 2209 et
1523 2182 1680 2210 caeteros
1701 2172 1817 2209 credo
1839 2186 1899 2210 re-

517 2238 699 2276 tardatos.
730 2240 792 2276 Te
812 2252 970 2291 quoque
990 2251 1011 2277 a
1031 2239 1173 2277 Curtio
1194 2237 1376 2291 impediri
1399 2237 1524 2277 video.
1560 2238 1656 2281 Etsi,
1680 2247 1721 2275 ut
1743 2239 1897 2289 opinor.

516 2303 634 2342 habes
655 2302 775 2344 κέλητα
795 2302 911 2339 ἄοκνον.
