2243 3008
457 300 509 337 24
801 284 1482 325 EPISTOLARUM

456 387 528 427 effe
559 386 795 430 offenfionis,
826 394 1018 438 quantum
1052 385 1172 422 literae
1206 394 1281 424 tuae
1314 385 1538 431 declarant3
1570 398 1641 424 nec
1676 394 1831 425 tantum

457 453 724 507 proficiebam,
755 461 947 505 quantum
967 450 1160 489 volebam.
1211 451 1283 489 Sed
1305 461 1432 490 tamen
1454 451 1530 490 hoc
1551 465 1614 490 me
1634 451 1713 504 ipse
1733 465 1831 491 con-

457 518 617 563 solabar,
647 517 753 570 quod
781 530 858 554 non
886 515 1128 560 dubitabam,
1160 516 1255 568 quin
1278 525 1316 554 te
1335 516 1403 554 ille
1423 525 1488 554 aut
1509 515 1733 567 Dyrrachii,
1764 527 1831 554 aut

453 585 496 621 in
518 583 597 621 istis
618 583 714 620 locis
737 581 899 634 uspiam,
921 580 1070 619 visurus
1090 580 1206 618 effet:
1236 581 1346 634 quod
1365 595 1458 619 cum
1477 581 1706 638 accidisset,
1732 594 1829 619 con-

455 647 638 692 fidebam,
668 660 711 685 ac
732 645 832 684 mihi
854 645 1107 698 persuaseram
1128 644 1224 690 fore,
1251 654 1294 683 ut
1315 646 1448 683 onmia
1467 646 1711 698 placarentur
1730 646 1832 683 inter

454 726 521 750 vos
557 726 635 750 non
667 710 785 749 modo
816 710 989 748 sermone
1019 723 1062 748 ac
1093 709 1368 762 disputatione,
1410 710 1473 748 sed
1507 710 1714 763 conspectu
1747 710 1831 762 ipso

454 777 732 830 congressuque
752 775 887 814 vestro.
920 776 1041 820 Nam,
1059 784 1203 827 quanta
1222 775 1267 813 fit
1287 777 1327 813 in
1345 775 1499 827 Qinto
1519 774 1636 813 fratre
1656 788 1745 813 meo
1760 788 1829 813 co-

454 843 584 886 mitas,
615 851 757 894 quanta
771 841 1013 892 jucunditas,
1044 838 1315 892 quam'mollis
1335 841 1487 878 animus
1507 850 1545 878 et
1565 840 1612 878 ad
1631 840 1831 892 accipien-

453 907 542 945 dam
563 916 601 944 et
621 906 666 944 ad
686 905 954 958 deponendam
975 904 1241 950 offensionem,
1259 904 1360 943 nih-il
1381 906 1521 942 attinet
1541 919 1604 943 me
1624 905 1671 942 ad
1692 914 1743 948 te,
1761 906 1831 957 qui

453 986 496 1010 ea
516 972 628 1016 nosti,
661 971 837 1009 scribere.
877 970 949 1008 Sed
970 970 1113 1008 accidit
1132 969 1467 1022 perincommode,
1497 969 1604 1022 quod
1624 983 1715 1007 eum
1736 969 1830 1007 nus·

453 1051 571 1090 quam
592 1035 746 1074 vidisti:
779 1035 901 1073 valuit
931 1036 1039 1073 enirn
1068 1035 1173 1087 plus,
1204 1035 1311 1087 quod
1342 1043 1422 1072 erat
1452 1034 1513 1072 illi
1544 1035 1832 1074 nonnullorum

451 1102 626 1141 artificiis
658 1100 917 1145 inculcatum,
948 1114 1067 1153 quam
1087 1109 1153 1138 aut
1173 1100 1366 1146 officium,
1397 1109 1464 1138 aut
1483 1099 1734 1145 neceffitudo,
1765 1110 1832 1139 aut

451 1181 560 1206 amor
579 1167 698 1205 vester
718 1166 786 1204 ille
805 1165 1004 1218 pristinus,
1034 1166 1104 1218 qui
1124 1166 1344 1218 plurimum
1363 1165 1487 1203 valere
1507 1165 1657 1203 debuit.
1697 1167 1831 1219 Atque

452 1233 570 1285 hujus
587 1231 829 1270 incommodi
850 1231 966 1283 culpa
981 1230 1050 1268 ubi
1071 1230 1240 1276 refideat‚
1258 1230 1413 1269 facilius
1429 1230 1581 1283 poss‘um
1596 1231 1829 1276 existimare,

451 1312 570 1351 quam
603 1298 791 1336 scribere:
824 1310 956 1335 vereor
985 1297 1107 1341 enim,
1138 1311 1201 1342 ne,
1231 1296 1327 1335 dum
1359 1295 1565 1335 defendam
1596 1309 1719 1342 mem,
1750 1311 1830 1335 non

452 1378 607 1417 parcam
629 1364 719 1401 tuis.
766 1363 873 1401 Nam
905 1362 955 1400 fic
979 1362 1188 1414 intelligo;
1221 1372 1264 1400 ut
1286 1361 1386 1400 nihil
1407 1375 1428 1400 a
1447 1361 1668 1401 domesticis
1688 1363 1829 1401 vulne-

452 1431 504 1468 ris
524 1429 670 1468 faCtum
692 1429 751 1473 s1t,
783 1428 882 1466 illud
903 1427 1078 1481 quidem,
1109 1427 1216 1480 quod
1247 1437 1341 1473 erat,
1372 1442 1436 1467 eos
1468 1438 1571 1466 certe
1602 1428 1729 1467 sanare
1756 1443 1831 1482 po—

451 1495 577 1534 tuiss‘e.
610 1494 681 1532 Sed
702 1493 862 1545 hujusce
883 1495 935 1531 rei
958 1493 1077 1531 totius
1098 1493 1256 1539 vitium,
1287 1493 1393 1546 quod
1413 1494 1613 1547 aliquanto
1633 1495 1750 1533 etiam
1772 1495 1828 1533 la-

451 1562 529 1600 tius
563 1569 680 1613 patet,
712 1573 829 1612 quam
861 1559 1027 1604 videtur,
1058 1559 1235 1612 praesenti
1255 1559 1330 1597 tibi
1351 1560 1598 1598 commodius
1619 1574 1828 1613 exponam.

451 1627 513 1665 De
533 1627 580 1664 iis
602 1626 739 1670 literis,
771 1639 864 1678 quas
899 1625 944 1662 ad
976 1635 1014 1663 te
1046 1624 1318 1663 Thessalonica
1348 1625 1466 1669 misit,
1497 1635 1535 1663 et
1567 1625 1614 1663 de
1639 1625 1828 1664 sermoni-

450 1692 538 1736 bus,
569 1704 666 1743 quos
697 1691 745 1728 ab
779 1690 849 1727 illo
881 1699 918 1727 et
952 1691 1088 1727 Romae
1120 1690 1221 1742 apud
1253 1690 1399 1728 amicos
1433 1699 1520 1728 tuos
1551 1700 1589 1728 et
1619 1691 1660 1729 in
1690 1692 1830 1730 itinere

448 1757 602 1795 habitos
623 1765 733 1809 putas
751 1774 762 1799 ;
795 1754 937 1807 ecquid
958 1764 1111 1792 tantum
1132 1755 1251 1792 causae
1272 1755 1332 1800 fit,
1364 1755 1502 1807 ignoro
1521 1770 1529 1794 :
1553 1755 1615 1794 sed
1635 1757 1764 1795 omnis
1786 1757 1827 1795 in

449 1832 515 1860 tua
534 1821 654 1874 posita
673 1820 726 1858 est
757 1820 1000 1858 humanitate
1031 1819 1132 1858 mihi
1162 1819 1244 1872 spes
1274 1818 1393 1872 hujus
1426 1819 1594 1859 levandae
1627 1821 1825 1861 molestiae.

449 1887 571 1931 Nam,
603 1886 628 1924 si
665 1886 716 1923 ita
750 1885 938 1929 statueris,
980 1894 1019 1923 et
1051 1885 1259 1924 irritabiles
1294 1886 1445 1924 animos
1478 1885 1550 1924 ess'e
1583 1887 1827 1939 optimorum

451 1952 544 2004 saepe
565 1950 790 1995 hominum,
821 1959 859 1987 et
879 1949 1032 1988 eosdem
1054 1950 1263 2004 placabiles
1281 1969 1292 1996 ;
1323 1960 1361 1989 et
1382 1949 1453 1989 effe
1473 1949 1573 1989 hanc
1594 1951 1826 2004 agilitatem,

450 2027 493 2055 ut
523 2018 576 2055 ita
604 2016 746 2060 dicam,
778 2015 1069 2069 mollitiamque
1104 2025 1248 2055 naturae
1278 2016 1511 2070 plerumque
1545 2017 1740 2062 bonitati;
1772 2027 1827 2062 et,

449 2082 488 2121 id
509 2082 614 2135 quod
635 2091 751 2134 caput
771 2081 837 2127 est,
870 2082 982 2120 nobis
1005 2082 1106 2120 inter
1127 2095 1195 2121 nos
1218 2082 1343 2120 nostra
1363 2082 1435 2121 sive
1456 2082 1722 2128 incommoda,
1755 2083 1828 2121 five

447 2148 554 2191 vitia,
587 2146 660 2184 sive
680 2146 840 2197 injurias
860 2146 930 2184 esse
953 2146 1195 2193 tolerandas;
1228 2146 1342 2185 facile
1366 2145 1463 2192 haec,
1493 2146 1828 2199 quemadmodum

448 2213 571 2265 spero,
594 2212 895 2264 mitigabuntur.
928 2213 1062 2265 Qod,
1084 2227 1157 2266 ego
1178 2223 1220 2252 ut
1243 2212 1373 2258 facias,
1397 2222 1433 2251 tc
1453 2226 1546 2251 oro:
1571 2226 1659 2251 nam
1681 2213 1726 2251 ad
1749 2228 1826 2259 me,

448 2279 515 2331 qui
539 2289 575 2317 te
597 2278 709 2316 unice
730 2277 868 2331 diligo,
900 2280 1070 2318 maxime
1092 2280 1274 2332 pertinet,
1307 2279 1503 2318 neminem
1531 2278 1603 2318 effe
1632 2293 1826 2326 meorum,

447 2344 516 2396 qui
537 2353 602 2382 aut
625 2353 660 2381 tc
683 2357 758 2382 non
781 2354 897 2389 amet,
929 2354 994 2383 aut
1015 2345 1080 2383 abs
1103 2355 1140 2383 te
1162 2359 1238 2384 non
1260 2355 1424 2383 ametur.
1460 2345 1531 2384 Illa
1553 2359 1636 2398 pars
1658 2345 1827 2398 epistola:

449 2419 524 2447 tuae
545 2409 709 2447 minime
732 2408 805 2447 fuit
829 2410 1042 2455 neccssaria,
1066 2411 1104 2449 in
1126 2425 1203 2464 qua
1221 2411 1399 2464 exponis,
1421 2423 1515 2463 quas
1538 2409 1740 2449 facultates
1762 2422 1828 2450 aut

448 2474 749 2528 provincialium
781 2485 845 2513 aut
878 2475 1115 2515 urbanorum
1145 2476 1461 2521 commodorum,
1491 2485 1530 2514 et
1560 2476 1644 2514 aliis
1672 2486 1826 2530 tempo-

447 2541 570 2585 ribus,
591 2549 628 2579 ct
650 2553 711 2579 me
732 2539 815 2592 ipso
834 2541 1006 2589 consule,
1037 2542 1338 2596 praetermiseris.
1378 2540 1486 2581 Mihi
1507 2542 1612 2581 enim
1634 2541 1828 2595 perspecta
