2243 3008
1058 206 1284 307 [36]7

708 511 1619 560 EPISTOLARUM

609 729 800 787 AD
929 726 1735 812 ATT1cUM

958 948 1237 986 LIBER
1321 947 1381 985 11.

818 1141 1060 1180 Cxcssno
1098 1143 1353 1180 ATT1co
1394 1141 1524 1179 SAL.

478 1271 513 1310 1.
661 1268 698 1306 A
713 1269 792 1308 LE
806 1269 848 1308 N
861 1270 966 1309 DIS
994 1271 1090 1321 Jun.
1113 1269 1224 1308 eunti
1244 1268 1347 1308 mihi
1367 1268 1553 1314 Antium,
1575 1276 1614 1307 et
1633 1267 1862 1320 gladiatores

690 1335 754 1373 M.
790 1335 949 1373 Metelli
982 1334 1124 1388 cupide
1156 1334 1410 1388 relinquenti,
1442 1335 1549 1372 venit
1583 1334 1740 1372 obviam
1773 1343 1863 1372 tuus

476 1415 587 1454 puer.
621 1402 658 1440 Is
680 1399 781 1439 mihi
800 1401 930 1439 literas
950 1401 1017 1439 abs
1039 1409 1092 1446 te,
1118 1410 1157 1439 et
1177 1401 1505 1439 commentarium
1528 1399 1764 1438 Consulatus
1785 1399 1865 1437 mei

479 1468 617 1506 Graece
639 1466 830 1519 scriptum
851 1465 1048 1505 reddidit:
1081 1466 1122 1504 in
1153 1479 1234 1519 quo
1263 1467 1413 1504 laetatus
1444 1465 1544 1510 sum,
1575 1479 1638 1504 me
1662 1465 1865 1518 aliquanto

479 1541 569 1571 ante
588 1532 635 1570 de
657 1531 793 1569 iisdem
814 1531 928 1570 rebus
951 1532 1088 1584 Graece
1109 1531 1205 1569 item
1226 1531 1416 1584 scriptum
1441 1531 1590 1569 librum
1618 1532 1667 1569 L.
1691 1529 1866 1569 Coffinio

479 1598 526 1635 ad
547 1607 584 1636 te
612 1596 887 1650 perferendum
916 1596 1085 1635 dedisse:
1118 1610 1224 1642 nam,
1256 1597 1282 1635 fi
1309 1610 1382 1650 ego
1414 1605 1529 1634 tuum
1560 1606 1648 1634 ante
1675 1595 1864 1648 legissem,

480 1663 655 1703 furatum
676 1677 739 1702 me
759 1663 826 1701 abs
849 1672 886 1701 te
905 1663 977 1701 ess‘e
997 1663 1158 1701 diceres.
1205 1664 1445 1716 Qanquam
1466 1672 1533 1701 tua
1551 1662 1620 1700 illa
1642 1662 1739 1714 (legi
1758 1662 1867 1700 enim

480 1729 666 1780 libenter)
690 1728 891 1766 horridula
911 1727 1013 1766 mihi
1033 1737 1149 1780 atque
1170 1729 1374 1782 incompta
1392 1727 1470 1766 visa
1494 1727 1582 1765 sunt
1601 1742 1610 1765 ε
1642 1727 1705 1765 sed
1735 1736 1865 1764 tamen

479 1805 587 1834 erant
622 1803 756 1834 ornata
789 1794 865 1832 hoc
901 1794 998 1846 ipso,
1030 1794 1136 1846 quod
1168 1803 1394 1832 ornamenta
1429 1793 1705 1845 neglexerant;
1737 1801 1790 1837 et,
1823 1801 1867 1830 ut

480 1860 679 1904 mulieres,
725 1858 812 1896 ideo
847 1859 944 1896 bene
978 1858 1096 1902 olere,
1142 1859 1234 1910 quia
1268 1857 1369 1896 nihil
1404 1857 1577 1902 olebant,
1618 1857 1864 1895 videbantur.

482 1925 601 1963 Meus
623 1934 753 1962 autem
774 1923 874 1961 liber
896 1932 1024 1961 totum
1054 1923 1211 1961 Isocrati
1238 1919 1444 1972 μυροθὴκιον,
1475 1932 1591 1975 atque
1618 1935 1753 1961 omnes
1783 1922 1867 1973 ejus

482 1990 767 2044 discipulorum
788 1989 951 2034 arculas,
983 2003 1025 2027 ac
1054 1988 1236 2027 nonnihil
1264 1989 1382 2027 etiam
1405 1988 1627 2027 Aristotelia
1648 1989 1866 2041 pigmenta,

482 2055 722 2108 consumpsit
741 2070 749 2093 :
783 2068 900 2106 quem
924 2063 966 2092 tu
989 2056 1184 2106 Corcyrae,
1216 2063 1259 2092 ut
1281 2053 1380 2092 mihi
1402 2054 1486 2092 aliis
1508 2054 1630 2092 literis
1659 2053 1866 2105 significa&

483 2121 646 2159 strictim
667 2119 826 2172 attigisti
846 2138 856 2164 ;
889 2119 971 2172 post
993 2130 1137 2165 autem,
1160 2129 1203 2158 ut
1224 2119 1403 2164 arbitror,
1426 2132 1446 2156 a
1467 2119 1640 2157 Coss'mio
1659 2118 1837 2171 accepisti
1856 2137 1865 2161 ;

481 2201 600 2240 quem
623 2186 696 2224 tibi
716 2200 789 2239 ego
811 2199 888 2223 non
910 2185 1024 2223 essem
1046 2185 1155 2223 ausus
1178 2185 1348 2229 mittere,
1382 2185 1449 2222 nisi
1471 2198 1561 2222 cum
1584 2184 1686 2222 lente
1717 2198 1759 2222 ac
1791 2183 1867 2221 fas-

484 2252 620 2291 tidiose
642 2251 911 2305 probavissem.
958 2251 1193 2304 Qanquam
1224 2251 1269 2289 ad
1298 2265 1359 2289 me
1391 2250 1578 2303 rescripsit
1605 2252 1686 2302 jam
1723 2249 1867 2288 Rhodo

486 2318 728 2362 Posidonius,
775 2317 824 2361 sc.
871 2317 1044 2355 nostrum
1081 2317 1195 2355 illum
1230 2311 1395 2364 ὑπίμνημα
1429 2330 1522 2355 cum
1557 2316 1716 2368 legeret,
1761 2316 1866 2368 quod

482 2397 556 2436 ego
576 2383 622 2421 ad
642 2396 748 2427 eum,
781 2392 824 2420 ut
853 2382 1025 2420 ornatius
1056 2382 1102 2421 dc
1136 2382 1270 2420 iisdem
1299 2382 1412 2420 rebus
1444 2381 1639 2425 scriberet,
1673 2381 1866 2423 miseram.

485 2462 563 2488 non
585 2449 703 2488 modo
735 2462 811 2486 non
844 2449 1059 2487 excitatum
1087 2448 1158 2487 csse
1188 2449 1232 2485 ad
1265 2448 1528 2492 scribendum,
1562 2448 1759 2486 sedetiam
1783 2447 1866 2500 pla·

483 2529 532 2555 ne
553 2515 818 2570 perterritum.
860 2515 969 2567 Qid
991 2514 1131 2570 quaeris
1152 2516 1164 2552 ?
1196 2515 1426 2554 conturbavi
1450 2516 1629 2553 Gra-cam
1653 2514 1865 2552 nationem.
