2243 3008
551 250 628 308 ‘326
897 238 1584 291 EPISTOLAR'UM

550 362 758 407 putarem;
790 348 968 405 quetidie
1002 351 1132 388 tamen
1166 347 1285 395 horae,
1324 351 1471 404 quibus
1505 349 1771 405 expectabam,
1808 350 1936 404 longae

550 416 797 456 videbantur.
841 415 922 454 Scis
943 427 1006 452 me
1027 415 1192 453 minime
1210 415 1285 454 'effe
1303 416 1495 455 blandum
1514 431 1522 456 :
1556 418 1687 470 itaque
1707 417 1840 456 minus
1860 417 1934 455 ali-

550 480 700 536 quante
719 482 823 527 dico,
853 491 973 533 quam
994 479 1132 517 sentio.

890 680 1133 718 C1CERO
1175 680 1432 718 AT‘rrco
1475 680 1606 719 SAL.

550 812 625 850 VI.
651 809 729 883 D
742 809 776 848 E
808 808 932 847 Caelio
951 808 1055 854 vide,
1086 806 1229 861 quaeso,
1260 820 1309 845 ne
1329 820 1406 860 qua
1424 807 1565 846 lacuna
1583 807 1630 846 fit
1650 807 1690 845 in
1710 819 1819 847 auro.
1851 810 1940 862 Ego

752 873 821 912 ista
840 886 920 913 non
942 875 1034 913 novi
1053 889 1061 912 :
1093 870 1158 911 sed
1184 882 1288 910 certe
1309 872 1349 910 in
1371 873 1531 924 collybo
1550 873 1604 912 est
1623 873 1851 912 detrimenti
1880 874 1939 912 fit-

546 937 617 981 'tis.
638 942 746 987 *Huc
766 949 905 979 aurum
926 941 951 978 fi
973 938 1124 978 accedit
1143 954 1151 977 :
1185 937 1248 976 sed
1268 938 1365 990 quid
1386 939 1557 991 loquor?
1589 949 1632 978 tu
1652 940 1818 979 videbis.
1851 940 1939 978 Ha-

544 998 619 1045 'bes
642 1000 816 1058 Hege‘fiae
835 1015 976 1058 genus,
1008 1004 1116 1057 quod
1146 1003 1270 1042 Varro
1297 1003 1445 1043 laudat.
1489 1005 1618 1043 Venio
1636 1005 1684 1043 ad
1711 1005 1939 1057 Tyrannio·

543 1065 657 1110 hem.
690 1071 782 1108 Ain’
806 1072 877 1108 tu?
909 1066 1045 1109 verurn
1065 1066 1142 1107 hoc
1162 1067 1241 1107 fuit
1256 1068 1340 1108 fine
1360 1071 1453 1107 me?
1485 1071 1542 1108 At
1560 1071 1634 1122 ego
1653 1071 1824 1123 quoties,
1846 1083 1941 1109 cum

550 1128 665 1175 e'ffem
686 1135 848 1180 otiosus,
880 1137 958 1174 fine
987 1144 1028 1174 te
1047 1143 1178 1173 tamen
1200 1133 1311 1172 nolui
1330 1135 1343 1171 ?
1375 1147 1455 1186 quo
1473 1135 1594 1174 modo
1614 1134 1690 1174 hoc
1710 1149 1803 1188 ergo
1822 1136 1939 1174 lues?

550 1195 631 1241 u⁵no
651 1202 816 1247 scilicet,
847 1201 873 1239 fi
895 1199 998 1252 mihi
1017 1199 1362 1245 librum-miseris;
1395 1201 1502 1253 quod
1522 1209 1567 1239 ut
1586 1199 1720 1245 facias,
1740 1202 1859 1239 etiarn
1878 1209 1941 1239 at-

550 1280 629 1320 que
649 1268 767 1306 eti‘am
789 1279 898 1319 rogo.
930 1266 1014 1305 Etfi
1035 1279 1098 1305 me
1120 1279 1199 1304 non
1218 1265 1343 1317 magis
1364 1265 1466 1304 liber
1485 1265 1565 1319 ipse
1580 1265 1803 1311 delectabit,
1821 1279 1940 1318 quam

544 1341 620 1372 'tua
639 1333 845 1371 admiratio
865 1331 1071 1372 delectavit
1089 1347 1097 1370 :
1121 1343 1209 1370 amo
1228 1331 1337 1369 enim
1357 1325 1456 1367 πάντα
1474 1325 1674 1379 φιλόδὴμονς
1692 1341 1808 1385 teque
1828 1332 1943 1370 istam

544 1407 634 1437 ‘tam
666 1407 825 1436 tenuem
857 1393 996 1448 θεωρίαν
1025 1406 1106 1435 tarn
1131 1394 1242 1434 valde
1272 1395 1511 1434 admiratum
1540 1395 1613 1433 effe
1644 1397 1809 1449 gaudeo.
1857 1396 1941 1435 Etfi

543 1458 620 1503 ¹tua
648 1463 809 1517 quidem
842 1459 932 1501 sunt
959 1460 1152 1514 ejusmodi
1181 1461 1342 1499 omnia:
1376 1450 1470 1498 scire
1499 1461 1606 1498 enim
1633 1462 1720 1506 vis;
1752 1475 1832 1514 quo
1862 1474 1943 1499 uno

550 1530 706 1568 animus
728 1529 859 1566 alitur.
893 1527 980 1571 Sed,
1012 1526 1154 1580 quaeso,
1183 1525 1280 1579 quid
1301 1539 1349 1563 ex
1369 1525 1438 1563 ista
1457 1534 1570 1563 acuta
1589 1534 1628 1563 et
1648 1526 1756 1578 gravi
1777 1525 1943 1565 refertur

552 1595 600 1633 ad
619 1590 743 1632 τέλοςῖ
776 1593 848 1631 Sed
878 1582 996 1644 longa
1025 1592 1149 1630 oratio
1178 1590 1246 1636 est,
1277 1599 1316 1629 et
1344 1599 1389 1628 tu
1419 1599 1633 1643 occupatus
1664 1591 1704 1629 in
1733 1604 1822 1630 meo
1847 1591 1943 1644 qui-

540 1659 643 1698 “dem
677 1658 830 1697 fortasse
863 1658 996 1710 aliquo
1030 1657 1218 1709 negoti0;
1259 1665 1297 1694 et
1330 1669 1402 1709 pro
1436 1655 1509 1694 isto
1541 1655 1616 1694 asso
1651 1656 1744 1702 sole,
1784 1669 1864 1710 quo
1899 1665 1944 1696 tu

544 1723 692 1764 'abusus
719 1737 758 1763 es
790 1725 830 1762 in
862 1722 992 1762 nostro
1021 1722 1190 1777 pratu10‚
1223 1735 1243 1760 a
1275 1731 1312 1760 te
1342 1721 1515 1760 nitidum
1547 1721 1667 1760 solem
1699 1723 1943 1775 unetumque

552 1799 788 1843 repetemus.
822 1787 895 1826 Sed
915 1787 962 1825 ad
982 1788 1108 1841 prima
1129 1786 1257 1825 redeo.
1297 1786 1482 1831 Librum,
1514 1786 1539 1824 fi
1561 1799 1625 1824 me
1644 1799 1764 1830 amas,
1795 1787 1939 1825 mitte:

551 1865 644 1894 tuus
677 1855 729 1893 est
763 1855 869 1892 enim
903 1853 1093 1906 profecto,
1135 1853 1324 1905 quoniam
1355 1852 1516 1904 quidem
1549 1851 1603 1890 est
1638 1851 1770 1890 missus
1806 1853 1851 1890 ad
1888 1862 1942 1892 te.

554 1918 758 1959 ‘Tantumne
793 1918 838 1956 ab
873 1933 913 1957 re
946 1926 1012 1956 tua
1045 1918 1090 1970 est
1119 1918 1186 1956 otii
1218 1917 1298 1962 tibi,
1329 1926 1372 1955 ut
1407 1919 1524 1955 etiarn
1561 1917 1768 1955 Oratorem
1804 1918 1941 1970 legas?

554 1985 687 2024 Macte
708 1985 880 2022 virtute:
914 1982 1014 2021 mihi
1047 1982 1208 2035 quidem
1239 1992 1410 2034 gratum,
1442 1991 1480 2020 et
1509 1983 1581 2020 erit
1611 1984 1772 2034 gratius,
1805 1984 1829 2021 sx
1864 1997 1943 2022 non

555 2051 675 2089 modo
697 2051 735 2087 in
768 2049 878 2087 libris
911 2049 1004 2093 tuis,
1038 2048 1098 2086 sed
1130 2048 1249 2085 etiam
1283 2048 1321 2085 in
1353 2048 1534 2093 aliorum,
1567 2061 1634 2100 per
1655 2048 1832 2086 librarios
1855 2058 1943 2086 tuos

555 2111 828 2169 Aristophanem
851 2114 1062 2168 reposueris
1085 2126 1155 2167 pro
1176 2114 1319 2166 Eupoli.
1364 2114 1488 2152 Cres-ar
1513 2123 1642 2152 autem
1665 2114 1764 2152 mihi
1787 2115 1946 2153 irridere

555 2183 657 2221 visus
678 2181 731 2219 est
751 2181 861 2234 qucefi
882 2181 981 2218 illud
1005 2190 1133 2223 tuum,
1165 2179 1270 2231 quod
1301 2189 1380 2217 crat
1411 2172 1529 2217 εὐπινές
1560 2189 1597 2217 ct
1628 2180 1837 2218 urbanum.
1887 2181 1944 2218 Ita

557 2262 672 2301 porro
702 2256 739 2284 tc
771 2245 846 2284 fine
875 2259 967 2284 cura
997 2246 1069 2284 effe
1096 2245 1219 2298 justit,
1254 2256 1295 2283 ut
1327 2244 1427 2283 mihi
1460 2245 1621 2297 quidem
1655 2245 1942 2283 dubitationem

555 2325 715 2351 omnem
749 2312 917 2350 tolleret.
966 2312 1139 2350 Atticam
1171 2311 1284 2349 doleo
1314 2321 1393 2348 tam
1424 2310 1518 2349 diu:
1554 2310 1614 2349 sed
1649 2311 1835 2363 quoniam
1860 2312 1944 2363 jam

557 2379 634 2418 fine
656 2377 814 2416 horrore
835 2377 902 2423 cst,
935 2378 1042 2431 spero
1063 2377 1149 2423 effe,
1182 2388 1224 2416 ut
1245 2378 1442 2416 volumus.
