2243 3008
566 232 673 270 AD
731 230 1161 269 ATTICUM
1230 231 1370 271 LIB.
1421 235 1516 273 VII.
1660 250 1732 275 201

348 332 428 370 Μ’.
449 331 662 384 Lepidum,
694 331 744 368 L.
768 332 1035 383 Torquatum,
1068 331 1116 369 C.
1142 330 1313 370 Caffium
1343 333 1572 372 Tribunum
1606 334 1730 386 plebis

350 397 412 450 (hi
431 398 538 435 enim
559 396 648 435 sunt
669 396 891 441 nobiscum,
923 396 963 434 id
983 396 1037 434 est
1056 397 1097 434 in
1119 397 1349 448 Formiano)
1375 397 1584 437 Philotimi
1610 400 1731 439 literae

347 463 394 501 ad
414 463 536 501 vitam
557 472 849 501 revocaverunt.
894 463 982 515 Ego
1013 472 1144 500 autem
1164 463 1232 501 illa
1252 472 1387 501 metuo
1407 477 1455 501 ne
1475 465 1622 502 veriora
1642 465 1729 509 sint,

347 540 417 566 nos
449 541 585 566 omnes
617 541 716 581 pene
742 529 826 580 jam
857 537 990 580 captos
1022 527 1108 573 effe,
1152 529 1389 580 Pompeium
1421 529 1534 566 Italia
1568 529 1727 567 cedere:

345 606 467 645 quem
494 592 657 645 quidem
680 593 738 645 (O
761 606 843 631 rem
863 592 1060 642 acerbam)
1084 593 1263 646 persequi
1284 593 1409 631 Caesar
1430 593 1589 631 dicitur.
1637 595 1730 632 Per-

346 659 455 712 sequi
488 658 614 697 Caesar
648 659 916 712 Pompeium?
948 659 1077 711 quid?
1109 668 1154 696 ut
1185 659 1427 697 interficiat?
1461 661 1497 697 O
1520 673 1583 697 me
1615 660 1730 697 mise-

345 724 461 763 rum!
493 733 532 763 et
565 737 646 763 non
677 738 814 763 omnes
847 723 972 762 nostra
1003 737 1167 777 corpora
1197 725 1471 778 opponimus?
1503 725 1543 762 in
1576 739 1655 777 quo
1690 734 1733 763 tu

345 803 504 843 quoque
523 789 764 842 ingemiscis.
797 789 871 828 Sed
891 789 987 843 quid
1008 788 1231 828 faciamus?
1263 790 1369 835 vieti,
1401 789 1581 843 oppreffi,
1613 791 1732 842 capti,

345 856 462 908 plane
480 855 629 894 sumus.
662 856 750 907 Ego
771 864 916 900 tamen,
943 854 1154 894 Philotimi
1174 856 1297 894 literis
1318 856 1443 901 lectis,
1463 856 1616 894 mutavi
1635 869 1732 893 con—

346 922 477 960 filium
497 921 545 959 de
565 920 798 959 mulieribus
815 940 828 966 ;
860 933 971 974 quas,
1003 930 1047 959 ut
1074 920 1298 973 scripseram
1318 921 1364 958 ad
1395 930 1448 966 te,
1479 922 1653 959 Romam
1673 934 1733 958 re-

345 987 584 1026 mittebam:
617 986 680 1024 sed
709 985 812 1025 mihi
841 988 949 1025 venit
978 987 1018 1024 in
1049 997 1239 1032 mentem,
1271 987 1447 1025 multum
1475 986 1560 1024 fore
1587 987 1735 1024 sermo-

345 1066 454 1098 nem,
476 1066 540 1090 me
553 1052 754 1104 judicium
769 1054 853 1105 jam
874 1052 922 1090 de
941 1052 1053 1090 causa
1072 1052 1233 1105 publica
1251 1051 1404 1097 feciffe;
1427 1066 1504 1104 qua
1524 1052 1732 1104 desperata,

345 1119 453 1171 quasi
477 1117 588 1156 hunc
608 1117 774 1170 gradum
804 1118 882 1155 mei
912 1117 1058 1156 reditus
1088 1118 1174 1162 effe,
1206 1118 1314 1170 quod
1342 1118 1526 1156 mulieres
1557 1117 1734 1156 revertis—

344 1183 444 1221 sent.
490 1183 554 1220 De
581 1196 647 1221 me
675 1190 808 1220 autem
834 1181 918 1235 ipso
939 1182 1013 1220 tibi
1034 1182 1226 1226 assentior,
1258 1196 1306 1221 ne
1327 1196 1391 1220 me
1411 1182 1500 1220 dem
1520 1183 1678 1221 incertae
1698 1191 1737 1220 et

345 1248 572 1303 periculosae
601 1247 722 1301 fugae,
753 1261 847 1286 cum
878 1249 1126 1302 Reipublicae
1156 1248 1259 1286 nihil
1289 1249 1448 1302 profim,
1477 1248 1582 1286 nihil
1613 1248 1734 1286 Pom-

345 1315 464 1368 peio;
496 1328 567 1367 pro
588 1328 668 1368 quo
688 1314 811 1352 emori
833 1328 926 1352 cum
946 1316 1010 1367 pie
1035 1314 1202 1367 poffum,
1235 1323 1322 1352 tum
1351 1314 1547 1353 lubenter.
1591 1314 1735 1352 Mane-

348 1380 400 1418 bo
420 1380 569 1432 igitur:
602 1379 670 1418 etfi
691 1380 818 1418 vivere
838 1410 846 1418 .
868 1410 877 1418 .
900 1410 908 1419 .
926 1380 1047 1432 Qod
1068 1380 1223 1433 quaeris,
1254 1376 1322 1417 hic'
1342 1379 1440 1432 quid
1461 1388 1622 1431 agatur:
1656 1388 1737 1417 tota

347 1445 496 1498 Capua,
532 1453 571 1482 et
604 1444 734 1482 omnis
770 1443 837 1482 hic
871 1444 1042 1483 delectus
1072 1446 1204 1497 jacet;
1251 1444 1446 1497 desperata
1480 1457 1538 1481 res
1572 1443 1653 1488 est;
1694 1443 1735 1481 in

347 1510 443 1562 fuga
461 1523 597 1548 omnes
620 1510 736 1555 sunt3
769 1510 839 1548 nifi
862 1510 959 1562 quid
979 1509 1173 1562 ejusmodi
1193 1509 1328 1554 fuerit,
1351 1519 1395 1548 ut
1417 1510 1629 1562 Pompeius
1650 1508 1736 1546 istas

350 1576 524 1614 Domitii
545 1576 675 1627 copias
696 1588 789 1613 cum
810 1576 886 1613 suis
909 1577 1123 1628 conjungat
1142 1591 1150 1614 :
1183 1575 1246 1613 sed
1267 1575 1497 1613 videbamur
1516 1576 1648 1613 omnia
1674 1575 1736 1612 bi-

348 1641 428 1679 duo
448 1640 626 1679 triduove
654 1640 802 1679 scituri.
848 1641 1006 1680 Caesaris
1033 1641 1237 1679 literarum
1263 1641 1492 1693 exemplum
1519 1640 1595 1678 tibi
1620 1640 1705 1679 mis1
1723 1658 1734 1683 2

348 1720 501 1759 rogaras
521 1707 656 1745 enim:
690 1707 755 1744 cui
782 1720 852 1745 nos
880 1706 990 1744 valde
1018 1705 1234 1744 satisfacere
1260 1706 1381 1744 multi
1406 1706 1453 1744 ad
1483 1719 1547 1743 me
1573 1704 1734 1758 scripse-

349 1781 461 1812 runt:
484 1772 592 1826 quod
611 1773 738 1827 patior
757 1772 888 1819 facile,
906 1773 1018 1819 dum,
1036 1782 1081 1812 ut
1099 1771 1244 1817 adhuc,
1266 1771 1369 1810 nihil
1388 1770 1532 1810 faciam
1553 1771 1734 1823 turpiter.

683 1976 927 2015 CICERO
968 1975 1224 2013 A’rrlco
1265 1969 1396 2012 SAL.

349 2105 505 2144 XXIV.
530 2102 947 2177 PHILOTIMI
976 2103 1098 2143 literae
1127 2117 1190 2142 me
1217 2102 1379 2156 quidem
1407 2114 1486 2140 non
1507 2100 1642 2145 nimis,
1674 2100 1736 2137 sed

607 2184 687 2217 eos,
718 2171 789 2223 qui
809 2171 850 2209 in
871 2169 932 2208 his
953 2170 1052 2209 lociS
1072 2178 1195 2215 erant,
1225 2167 1456 2211 admodum,
1481 2165 1735 2203 delectarunt.

351 2237 461 2275 Ecce
475 2235 660 2290 postridie
682 2236 798 2275 Caffii
818 2236 940 2275 literae
962 2237 1110 2289 Capua,
1141 2248 1162 2272 a
1190 2233 1391 2277 Lucretio,
1422 2231 1606 2269 familiari
1636 2231 1734 2282 ejus,

351 2302 566 2353 Nigidium
600 2316 621 2340 a
654 2302 838 2341 Domitio
874 2303 1052 2354 Capuam
1085 2299 1253 2344 veniss‘e;
1291 2311 1382 2336 eum
1415 2297 1556 2341 dicere,
1591 2296 1736 2333 Vibul-

353 2366 454 2405 lium
475 2380 567 2405 cum
589 2368 721 2420 paucis
742 2367 940 2406 militibus
961 2381 982 2406 e
1004 2367 1149 2405 Piceno
1174 2377 1327 2403 currere
1352 2363 1399 2401 ad
1427 2363 1609 2405 Cnaeum,
1641 2374 1736 2399 con-

354 2431 484 2470 festim
525 2432 632 2483 sequi
667 2434 868 2479 Caesarem,
915 2433 1144 2472 Domitium
1179 2445 1257 2469 non
1292 2429 1433 2468 habere
1467 2428 1643 2466 militum
1682 2440 1736 2464 ιιι

354 2498 495 2536 millia.
541 2496 651 2535 Idem
682 2498 830 2552 scripsit
856 2499 1046 2538 Consules
1069 2500 1203 2550 Capua
1229 2495 1441 2535 disceffiffe.
1467 2495 1579 2533 *Non
1602 2492 1740 2530 dubito

444 2564 516 2600 To
531 2574 583 2600 M.
618 2561 733 2601 VIII.
1360 2561 1392 2597 C
1423 2572 1445 2595 c
