2243 3008
475 246 583 284 AD
640 243 1075 283 ATTICUM
1143 245 1285 285 LIB.
1336 247 1433 288 XII.
1578 263 1649 303 351

266 346 500 400 requiretur.
533 345 595 383 De
615 343 740 382 hortis
762 343 988 395 Scapulanis
1010 342 1087 381 hoc
1108 343 1385 384 videtur'effici
1406 349 1523 400 poffe,
1549 351 1657 391 aliud

266 421 332 449 tua
351 411 488 463 gratia,
519 409 627 447 aliud
657 409 798 453 nostra,
831 417 874 446 ut
904 409 1076 461 praeconi
1108 409 1378 461 subjiciantur.
1427 415 1472 451 Id
1502 417 1570 455 nifi
1593 418 1654 464 fit,

261 476 549 515 excludemur:
595 475 650 512 sm
685 474 732 512 ad
766 474 942 512 tabulam
976 475 1171 519 venimuS,
1213 476 1417 515 vincemus
1449 478 1654 522 facultates

264 540 440 579 Othonis
462 539 588 578 nostra
607 539 839 592 cupiditate.
883 540 991 578 Nam
1011 539 1118 591 quod
1144 539 1191 577 ad
1211 554 1275 578 me
1295 540 1342 579 de
1363 543 1537 582 Lentulo
1558 547 1654 585 scri-

263 607 340 653 bis,
372 621 451 644 non
483 607 537 644 est
569 607 611 644 in
641 620 701 644 eo.
748 606 962 644 Faberiana
987 606 1107 644 modo
1127 619 1186 644 res
1207 615 1311 644 certa
1330 608 1391 654 fit,
1423 618 1546 663 tuque
1566 614 1653 651 eni-

261 681 356 717 tare,
379 672 486 725 quod
506 671 602 710 facis
619 691 632 717 ;
664 671 771 725 quod
791 672 990 716 volumus,
1022 671 1322 724 consequemur.
1355 675 1477 726 Qod
1498 680 1654 729 qumis,

261 751 382 791 quam
409 738 477 775 diu
507 736 602 782 hic;
635 750 778 790 paucos
809 737 919 775 dies:
953 736 1016 775 sed
1045 746 1200 775 certum
1229 751 1309 776 non
1338 738 1479 780 habeo.
1526 743 1654 782 Simul

263 818 306 842 ac
327 803 579 848 constituero,
611 802 658 840 ad
680 812 716 841 te
739 802 904 840 scribam
924 817 932 840 :
965 811 1004 840 et
1025 811 1068 840 tu
1088 802 1135 840 ad
1156 817 1234 847 me,
1266 817 1386 856 quam
1406 806 1473 845 diu
1495 808 1535 845 in
1558 809 1652 847 sub-

263 870 413 908 urbano
443 869 488 907 sis
521 868 694 907 futurus.
741 869 834 919 Qo
863 869 925 906 die
955 880 1030 920 ego
1055 868 1103 906 ad
1130 877 1168 906 te
1188 868 1271 907 haec
1292 871 1394 916 mifi,
1426 872 1472 910 de
1494 874 1594 912 Pilia
1613 886 1654 915 et

260 936 397 973 Attica
430 933 532 972 mihi
567 947 726 988 quoque
759 934 909 979 eadem,
951 946 1038 986 quae
1072 933 1224 980 scribiS‚
1261 944 1300 973 et
1333 935 1572 986 scribuntur,
1613 951 1654 980 et

259 1008 508 1039 nuntiantur.

594 1200 838 1238 ClcERo
877 1199 1136 1237 ATT1c0
1177 1200 1310 1241 SAL.

256 1329 370 1368 XLI.
394 1327 482 1401 N
497 1328 515 1366 I
530 1328 574 1366 H
588 1327 607 1366 I
620 1328 655 1366 L
685 1336 766 1366 erat
785 1327 893 1380 quod
913 1326 1121 1366 scriberem
1141 1342 1150 1366 ε
1183 1328 1279 1367 scire
1299 1338 1431 1369 tamen
1451 1333 1650 1381 volebam,

512 1393 584 1431 ubi
603 1392 694 1431 effes
711 1411 724 1438 ς
755 1393 782 1430 fi
810 1392 915 1437 abes,
946 1400 1013 1430 aut
1038 1392 1247 1432 abfuturus
1279 1408 1334 1440 es,
1365 1398 1523 1448 quando
1543 1400 1649 1438 redi-

255 1469 368 1498 turus
389 1459 480 1499 effes
499 1474 508 1497 :
531 1458 651 1497 facies
672 1458 796 1510 igitur
816 1472 880 1496 me
899 1458 1122 1497 certiorem.
1155 1460 1209 1498 Et
1229 1461 1337 1513 quod
1358 1471 1401 1499 tu
1422 1462 1517 1501 scire
1538 1466 1648 1503 vole-

256 1525 340 1569 bas,
370 1538 445 1576 ego
478 1522 635 1575 quando
669 1535 717 1560 ex
752 1522 869 1566 loco;
910 1521 1095 1574 postridie
1129 1524 1223 1561 Idus
1257 1526 1428 1564 Lanuvii
1462 1529 1649 1569 constitui

254 1603 411 1628 manere
429 1604 439 1628 :
471 1587 563 1626 inde
582 1586 767 1639 postridie
786 1587 829 1625 in
850 1586 1095 1633 Tusculano,
1125 1598 1191 1627 aut
1211 1590 1350 1628 Romae
1369 1606 1378 1629 ε
1412 1602 1545 1633 utrum
1576 1596 1649 1633 fim

253 1655 444 1700 facturus,
474 1667 520 1692 eo
553 1652 637 1705 ipso
666 1652 729 1690 die
763 1652 874 1691 scies.
921 1652 1019 1698 Scis,
1049 1666 1169 1705 quam
1203 1655 1250 1693 fit
1284 1651 1447 1701 φιλαίτιον
1476 1655 1646 1706 συμφορᾷ,

251 1721 422 1761 minime
443 1721 484 1758 in
506 1728 545 1757 te
570 1718 733 1772 quidem
751 1734 761 1757 ε
794 1719 857 1757 sed
887 1728 1018 1757 tamen
1037 1720 1148 1759 avide
1168 1719 1254 1758 sum
1275 1720 1434 1760 affeetus
1456 1723 1502 1761 de
1523 1707 1615 1763 fario
1630 1745 1644 1772 5

253 1786 364 1840 quod
383 1787 468 1831 nifi,
500 1798 580 1824 non
613 1784 717 1829 dico,
747 1784 932 1823 effeetum
963 1785 1051 1830 erit,
1083 1786 1146 1823 sed
1178 1785 1262 1824 fieri
1293 1787 1441 1833 videro,
1476 1790 1647 1840 (audebo

253 1852 332 1890 hoc
359 1852 515 1897 dicere;
547 1860 586 1888 et
618 1859 676 1895 tu,
709 1859 752 1887 ut
784 1849 896 1895 soles,
927 1851 1114 1903 accipies)
1147 1852 1363 1890 incursabit
1394 1854 1435 1891 in
1467 1863 1503 1892 te
1533 1855 1649 1894 dolor

252 1932 380 1963 meus,
404 1931 482 1956 non
498 1918 587 1969 jure
608 1915 675 1953 ille
695 1915 858 1968 quidem
872 1935 885 1961 ;
916 1915 980 1954 sed
1002 1925 1132 1954 tamen
1152 1916 1251 1955 feres
1272 1916 1350 1956 hoc
1370 1919 1515 1971 ipsum,
1537 1922 1647 1973 quod

253 1983 396 2029 scribo,
429 1992 472 2021 ut
492 1982 627 2020 omnia
646 1994 732 2019 mea
750 1980 845 2026 fers,
877 1993 920 2019 ac
941 1981 1080 2021 tulisti.
1127 1983 1278 2021 Omnes
1300 1984 1385 2021 tuas'
1406 1985 1644 2025 consolatio-

253 2063 321 2088 nes
351 2062 469 2089 unam
498 2047 600 2086 hanc
631 2048 673 2085 in
702 2061 786 2085 rem
806 2047 928 2085 velim
957 2047 1152 2087 conferas.
1197 2049 1236 2086 Si
1263 2050 1420 2101 quaeris,
1451 2051 1547 2104 quid
1568 2065 1642 2104 op-

253 2125 333 2154 tem
350 2134 363 2161 ς
394 2115 571 2168 primurn
592 2114 781 2166 Scapulae,
812 2114 952 2152 deinde
974 2114 1124 2153 Clodiae
1140 2133 1153 2160 3
1185 2115 1327 2167 postea,
1358 2116 1385 2153 fi
1419 2116 1538 2154 Silius
1567 2131 1642 2155 no-

251 2181 322 2226 let,
346 2180 498 2220 Drusus
519 2189 608 2232 aget
627 2179 782 2231 injuste,
806 2179 958 2218 Cufinii
978 2190 1017 2218 et
1038 2181 1247 2219 Trebonii.
1279 2181 1383 2218 Puto
1404 2182 1644 2222 Terentium

252 2246 324 2284 esse
359 2246 595 2289 dominum;
643 2245 834 2283 Rebilum
869 2245 981 2284 fuifl‘e
1015 2255 1118 2283 certe
1153 2245 1246 2283 scio.
1298 2246 1364 2282 Sin
1400 2255 1530 2284 autem
1565 2248 1641 2285 tibi

253 2311 526 2349 Tusculanum
547 2311 690 2363 placet,
721 2321 764 2349 ut
797 2311 1017 2363 significasti
1049 2310 1284 2361 quibusdam
1313 2310 1458 2356 literis,
1485 2313 1560 2350 tibi
1580 2313 1639 2351 as-

253 2376 408 2414 sentiar.
454 2376 546 2413 Hoc
568 2376 728 2427 quidem
749 2377 887 2429 utique
908 2375 1100 2428 perficies,
1133 2376 1157 2413 fi
1180 2389 1242 2414 me
1263 2377 1380 2414 levari
1400 2377 1456 2416 vis
1474 2397 1488 2423 5
1519 2393 1639 2430 quem

246 2443 331 2493 jam
352 2440 468 2478 etiam
489 2441 644 2491 gravius
665 2441 833 2487 accusas,
864 2455 984 2494 quam
1014 2442 1161 2493 patitur
1182 2451 1248 2479 tua
1273 2442 1543 2487 consuetudo;
1575 2444 1638 2481 sed

250 2506 347 2545 facis
368 2506 524 2545 summo
543 2518 688 2550 amore,
719 2515 758 2545 et
789 2508 914 2546 vietus
946 2506 1099 2546 fortaffe
1119 2507 1216 2546 vitio
1246 2521 1362 2546 meo:
1395 2507 1457 2547 sed
1490 2518 1639 2554 tamen,
