<?xml version="1.0" encoding="UTF-8"?>
<!DOCTYPE html PUBLIC "-//W3C//DTD XHTML 1.0 Transitional//EN"
    "http://www.w3.org/TR/xhtml1/DTD/xhtml1-transitional.dtd">
<html xmlns="http://www.w3.org/1999/xhtml" xml:lang="en" lang="en">
 <head>
  <title>
</title>
<meta http-equiv="Content-Type" content="text/html;charset=utf-8" />
  <meta name='ocr-system' content='tesseract 3.04.00' />
  <meta name='ocr-capabilities' content='ocr_page ocr_carea ocr_par ocr_line ocrx_word'/>
</head>
<body>
  <div class='ocr_page' id='page_1' title='image "./operacumindicibu08ciceuoft_0057.png"; bbox 0 0 2243 3008; ppageno 0'>
   <div class='ocr_carea' id='block_1_1' title="bbox 655 267 1824 323">
    <p class='ocr_par' dir='ltr' id='par_1_1' title="bbox 655 267 1824 323">
     <span class='ocr_line' id='line_1_1' title="bbox 655 267 1824 323; baseline 0.002 -15"><span class='ocrx_word' id='word_1_1' title='bbox 655 270 762 308; x_wconf 90' lang='lat' dir='ltr'>AD</span> <span class='ocrx_word' id='word_1_2' title='bbox 820 267 1252 308; x_wconf 87' lang='lat' dir='ltr'>ATTICUM</span> <span class='ocrx_word' id='word_1_3' title='bbox 1321 269 1462 309; x_wconf 88' lang='lat' dir='ltr'>L113.</span> <span class='ocrx_word' id='word_1_4' title='bbox 1515 272 1569 309; x_wconf 90' lang='lat'>11.</span> <span class='ocrx_word' id='word_1_5' title='bbox 1758 286 1824 323; x_wconf 73' lang='lat'>49,</span> 
     </span>
    </p>
   </div>
   <div class='ocr_carea' id='block_1_2' title="bbox 411 368 1804 1401">
    <p class='ocr_par' dir='ltr' id='par_1_2' title="bbox 413 368 1804 814">
     <span class='ocr_line' id='line_1_2' title="bbox 419 368 1804 423; baseline 0.001 -15"><span class='ocrx_word' id='word_1_6' title='bbox 419 369 608 414; x_wconf 83' lang='lat' dir='ltr'>vestiant;</span> <span class='ocrx_word' id='word_1_7' title='bbox 640 369 791 407; x_wconf 89' lang='lat' dir='ltr'>videbis</span> <span class='ocrx_word' id='word_1_8' title='bbox 819 368 927 406; x_wconf 91' lang='lat' dir='ltr'>brevi</span> <span class='ocrx_word' id='word_1_9' title='bbox 960 376 1137 420; x_wconf 86' lang='lat' dir='ltr'>tempore</span> <span class='ocrx_word' id='word_1_10' title='bbox 1167 380 1330 419; x_wconf 82' lang='lat' dir='ltr'>magnos</span> <span class='ocrx_word' id='word_1_11' title='bbox 1361 382 1440 407; x_wconf 89' lang='lat' dir='ltr'>non</span> <span class='ocrx_word' id='word_1_12' title='bbox 1476 370 1594 408; x_wconf 90' lang='lat' dir='ltr'>modo</span> <span class='ocrx_word' id='word_1_13' title='bbox 1623 384 1703 416; x_wconf 87' lang='lat' dir='ltr'>eos,</span> <span class='ocrx_word' id='word_1_14' title='bbox 1734 372 1804 423; x_wconf 87' lang='lat' dir='ltr'>qui</span> 
     </span>
     <span class='ocr_line' id='line_1_3' title="bbox 418 433 1803 487; baseline 0.001 -15"><span class='ocrx_word' id='word_1_15' title='bbox 418 434 521 472; x_wconf 87' lang='lat' dir='ltr'>nihil</span> <span class='ocrx_word' id='word_1_16' title='bbox 542 434 779 480; x_wconf 89' lang='lat' dir='ltr'>titubarunt,</span> <span class='ocrx_word' id='word_1_17' title='bbox 811 433 874 472; x_wconf 91' lang='lat' dir='ltr'>sed</span> <span class='ocrx_word' id='word_1_18' title='bbox 894 433 1013 472; x_wconf 89' lang='lat' dir='ltr'>etiam</span> <span class='ocrx_word' id='word_1_19' title='bbox 1033 433 1151 472; x_wconf 89' lang='lat' dir='ltr'>illurn</span> <span class='ocrx_word' id='word_1_20' title='bbox 1182 433 1327 486; x_wconf 89' lang='lat' dir='ltr'>ipsum,</span> <span class='ocrx_word' id='word_1_21' title='bbox 1359 434 1429 486; x_wconf 89' lang='lat' dir='ltr'>qui</span> <span class='ocrx_word' id='word_1_22' title='bbox 1459 436 1650 487; x_wconf 86' lang='lat' dir='ltr'>peccavit,</span> <span class='ocrx_word' id='word_1_23' title='bbox 1682 438 1803 474; x_wconf 85' lang='lat' dir='ltr'>Cato-</span> 
     </span>
     <span class='ocr_line' id='line_1_4' title="bbox 417 498 1804 553; baseline 0.001 -16"><span class='ocrx_word' id='word_1_24' title='bbox 417 512 524 538; x_wconf 90' lang='lat' dir='ltr'>nem.</span> <span class='ocrx_word' id='word_1_25' title='bbox 570 500 677 539; x_wconf 87' lang='lat' dir='ltr'>Nam</span> <span class='ocrx_word' id='word_1_26' title='bbox 707 514 778 539; x_wconf 91' lang='lat' dir='ltr'>nos</span> <span class='ocrx_word' id='word_1_27' title='bbox 805 499 982 553; x_wconf 87' lang='lat' dir='ltr'>quidem,</span> <span class='ocrx_word' id='word_1_28' title='bbox 1013 499 1040 537; x_wconf 92' lang='lat' dir='ltr'>s1</span> <span class='ocrx_word' id='word_1_29' title='bbox 1061 513 1130 552; x_wconf 88' lang='lat' dir='ltr'>per</span> <span class='ocrx_word' id='word_1_30' title='bbox 1148 498 1266 537; x_wconf 90' lang='lat' dir='ltr'>istum</span> <span class='ocrx_word' id='word_1_31' title='bbox 1287 509 1402 538; x_wconf 89' lang='lat' dir='ltr'>tuum</span> <span class='ocrx_word' id='word_1_32' title='bbox 1423 500 1591 539; x_wconf 91' lang='lat' dir='ltr'>sodalem</span> <span class='ocrx_word' id='word_1_33' title='bbox 1613 501 1804 539; x_wconf 83' lang='lat' dir='ltr'>Publium</span> 
     </span>
     <span class='ocr_line' id='line_1_5' title="bbox 415 561 1801 618; baseline 0.001 -17"><span class='ocrx_word' id='word_1_34' title='bbox 415 563 569 610; x_wconf 88' lang='lat' dir='ltr'>licebit,</span> <span class='ocrx_word' id='word_1_35' title='bbox 613 561 778 612; x_wconf 69' lang='grc' dir='ltr'>πφιςεύειν</span> <span class='ocrx_word' id='word_1_36' title='bbox 815 565 1063 618; x_wconf 84' lang='lat' dir='ltr'>cogitamus:</span> <span class='ocrx_word' id='word_1_37' title='bbox 1113 564 1140 603; x_wconf 88' lang='lat' dir='ltr'><strong>fi</strong></span> <span class='ocrx_word' id='word_1_38' title='bbox 1178 564 1247 602; x_wconf 90' lang='lat' dir='ltr'>ille</span> <span class='ocrx_word' id='word_1_39' title='bbox 1285 565 1394 617; x_wconf 84' lang='lat' dir='ltr'>cogit</span> <span class='ocrx_word' id='word_1_40' title='bbox 1431 562 1521 610; x_wconf 68' lang='grc' dir='ltr'>ἄνπε,</span> <span class='ocrx_word' id='word_1_41' title='bbox 1572 575 1659 603; x_wconf 89' lang='lat' dir='ltr'>tum</span> <span class='ocrx_word' id='word_1_42' title='bbox 1698 566 1801 603; x_wconf 84' lang='lat' dir='ltr'>dun-</span> 
     </span>
     <span class='ocr_line' id='line_1_6' title="bbox 416 629 1801 684; baseline -0.001 -17"><span class='ocrx_word' id='word_1_43' title='bbox 416 638 522 668; x_wconf 86' lang='lat' dir='ltr'>taxat</span> <span class='ocrx_word' id='word_1_44' title='bbox 541 643 612 669; x_wconf 90' lang='lat' dir='ltr'>nos</span> <span class='ocrx_word' id='word_1_45' title='bbox 633 629 840 670; x_wconf 87' lang='lat' dir='ltr'><strong>defendere</strong></span> <span class='ocrx_word' id='word_1_46' title='bbox 855 650 867 677; x_wconf 81' lang='lat'>;</span> <span class='ocrx_word' id='word_1_47' title='bbox 900 640 954 676; x_wconf 89' lang='lat' dir='ltr'>et,</span> <span class='ocrx_word' id='word_1_48' title='bbox 985 630 1092 683; x_wconf 92' lang='lat' dir='ltr'>quod</span> <span class='ocrx_word' id='word_1_49' title='bbox 1112 630 1166 669; x_wconf 91' lang='lat' dir='ltr'>est</span> <span class='ocrx_word' id='word_1_50' title='bbox 1185 631 1391 684; x_wconf 88' lang='lat' dir='ltr'>proprium</span> <span class='ocrx_word' id='word_1_51' title='bbox 1417 631 1508 670; x_wconf 89' lang='lat' dir='ltr'>artis</span> <span class='ocrx_word' id='word_1_52' title='bbox 1527 630 1663 683; x_wconf 89' lang='lat' dir='ltr'>hujus,</span> <span class='ocrx_word' id='word_1_53' title='bbox 1693 629 1801 679; x_wconf 66' lang='lat' dir='ltr'>inu-y-</span> 
     </span>
     <span class='ocr_line' id='line_1_7' title="bbox 413 693 592 745; baseline 0 -14"><span class='ocrx_word' id='word_1_54' title='bbox 413 693 592 745; x_wconf 69' lang='grc' dir='ltr'>γέλλομεα,</span> 
     </span>
     <span class='ocr_line' id='line_1_8' title="bbox 525 757 1405 814; baseline 0 -17"><span class='ocrx_word' id='word_1_55' title='bbox 525 758 624 810; x_wconf 49' lang='grc' dir='ltr'>Ἀνδᾷἷ</span> <span class='ocrx_word' id='word_1_56' title='bbox 641 759 875 811; x_wconf 61' lang='grc' dir='ltr'>ἀπαμυνέοθοᾳ,</span> <span class='ocrx_word' id='word_1_57' title='bbox 903 759 953 798; x_wconf 73' lang='grc' dir='ltr'>’ὅτε</span> <span class='ocrx_word' id='word_1_58' title='bbox 974 777 1022 802; x_wconf 78' lang='grc' dir='ltr'>τις</span> <span class='ocrx_word' id='word_1_59' title='bbox 1049 762 1198 813; x_wconf 66' lang='grc' dir='ltr'>πρότερος</span> <span class='ocrx_word' id='word_1_60' title='bbox 1225 757 1405 814; x_wconf 56' lang='grc' dir='ltr'>χαλεπήνῃ.</span> 
     </span>
    </p>

    <p class='ocr_par' dir='ltr' id='par_1_3' title="bbox 411 826 1803 1401">
     <span class='ocr_line' id='line_1_9' title="bbox 415 826 1803 881; baseline 0 -15"><span class='ocrx_word' id='word_1_61' title='bbox 415 826 545 866; x_wconf 86' lang='lat' dir='ltr'>Patria</span> <span class='ocrx_word' id='word_1_62' title='bbox 567 828 741 881; x_wconf 88' lang='lat' dir='ltr'>propitia</span> <span class='ocrx_word' id='word_1_63' title='bbox 766 829 839 868; x_wconf 85' lang='lat' dir='ltr'>fit:</span> <span class='ocrx_word' id='word_1_64' title='bbox 871 827 990 867; x_wconf 89' lang='lat' dir='ltr'>habet</span> <span class='ocrx_word' id='word_1_65' title='bbox 1014 842 1036 866; x_wconf 92' lang='lat' dir='ltr'>a</span> <span class='ocrx_word' id='word_1_66' title='bbox 1066 828 1196 873; x_wconf 87' lang='lat' dir='ltr'>nobis,</span> <span class='ocrx_word' id='word_1_67' title='bbox 1227 829 1347 867; x_wconf 89' lang='lat' dir='ltr'>etiam</span> <span class='ocrx_word' id='word_1_68' title='bbox 1378 828 1405 866; x_wconf 89' lang='lat' dir='ltr'>fi</span> <span class='ocrx_word' id='word_1_69' title='bbox 1438 841 1517 866; x_wconf 90' lang='lat' dir='ltr'>non</span> <span class='ocrx_word' id='word_1_70' title='bbox 1546 828 1651 881; x_wconf 88' lang='lat' dir='ltr'>plus,</span> <span class='ocrx_word' id='word_1_71' title='bbox 1683 842 1803 880; x_wconf 86' lang='lat' dir='ltr'>quam</span> 
     </span>
     <span class='ocr_line' id='line_1_10' title="bbox 415 891 1802 949; baseline 0.001 -19"><span class='ocrx_word' id='word_1_72' title='bbox 415 891 596 932; x_wconf 86' lang='lat' dir='ltr'>debitum</span> <span class='ocrx_word' id='word_1_73' title='bbox 615 894 684 940; x_wconf 88' lang='lat' dir='ltr'>est,</span> <span class='ocrx_word' id='word_1_74' title='bbox 705 895 795 948; x_wconf 85' lang='lat' dir='ltr'>plus</span> <span class='ocrx_word' id='word_1_75' title='bbox 817 904 934 941; x_wconf 89' lang='lat' dir='ltr'>certe,</span> <span class='ocrx_word' id='word_1_76' title='bbox 957 909 1077 949; x_wconf 91' lang='lat' dir='ltr'>quam</span> <span class='ocrx_word' id='word_1_77' title='bbox 1097 895 1338 948; x_wconf 88' lang='lat' dir='ltr'>postulatum</span> <span class='ocrx_word' id='word_1_78' title='bbox 1357 894 1424 933; x_wconf 93' lang='lat' dir='ltr'>est.</span> <span class='ocrx_word' id='word_1_79' title='bbox 1457 894 1567 933; x_wconf 89' lang='lat' dir='ltr'>Male</span> <span class='ocrx_word' id='word_1_80' title='bbox 1587 893 1678 932; x_wconf 88' lang='lat' dir='ltr'>vehi</span> <span class='ocrx_word' id='word_1_81' title='bbox 1697 894 1802 933; x_wconf 83' lang='lat' dir='ltr'>malo</span> 
     </span>
     <span class='ocr_line' id='line_1_11' title="bbox 415 957 1800 1012; baseline 0.002 -18"><span class='ocrx_word' id='word_1_82' title='bbox 415 957 492 996; x_wconf 89' lang='lat' dir='ltr'>alio</span> <span class='ocrx_word' id='word_1_83' title='bbox 518 959 776 1010; x_wconf 88' lang='lat' dir='ltr'>gubernante,</span> <span class='ocrx_word' id='word_1_84' title='bbox 807 973 941 1011; x_wconf 89' lang='lat' dir='ltr'>quam,</span> <span class='ocrx_word' id='word_1_85' title='bbox 973 969 1054 998; x_wconf 87' lang='lat' dir='ltr'>tam</span> <span class='ocrx_word' id='word_1_86' title='bbox 1072 960 1237 1012; x_wconf 86' lang='lat' dir='ltr'>ingratis</span> <span class='ocrx_word' id='word_1_87' title='bbox 1258 960 1494 1005; x_wconf 70' lang='lat' dir='ltr'>vec‘toribus,</span> <span class='ocrx_word' id='word_1_88' title='bbox 1531 959 1629 997; x_wconf 90' lang='lat' dir='ltr'>bene</span> <span class='ocrx_word' id='word_1_89' title='bbox 1654 960 1800 1012; x_wconf 88' lang='lat' dir='ltr'>guber-</span> 
     </span>
     <span class='ocr_line' id='line_1_12' title="bbox 415 1023 1799 1078; baseline 0.002 -18"><span class='ocrx_word' id='word_1_90' title='bbox 415 1036 519 1062; x_wconf 91' lang='lat' dir='ltr'>nare.</span> <span class='ocrx_word' id='word_1_91' title='bbox 566 1024 640 1062; x_wconf 88' lang='lat' dir='ltr'>Sed</span> <span class='ocrx_word' id='word_1_92' title='bbox 665 1023 749 1063; x_wconf 84' lang='lat' dir='ltr'>haec</span> <span class='ocrx_word' id='word_1_93' title='bbox 769 1039 898 1064; x_wconf 91' lang='lat' dir='ltr'>coram</span> <span class='ocrx_word' id='word_1_94' title='bbox 923 1026 1188 1064; x_wconf 88' lang='lat' dir='ltr'>commodius.</span> <span class='ocrx_word' id='word_1_95' title='bbox 1234 1026 1358 1064; x_wconf 89' lang='lat' dir='ltr'>Nunc</span> <span class='ocrx_word' id='word_1_96' title='bbox 1377 1025 1484 1071; x_wconf 87' lang='lat' dir='ltr'>audi,</span> <span class='ocrx_word' id='word_1_97' title='bbox 1515 1025 1623 1077; x_wconf 89' lang='lat' dir='ltr'>quod</span> <span class='ocrx_word' id='word_1_98' title='bbox 1642 1026 1799 1078; x_wconf 88' lang='lat' dir='ltr'>quaeris.</span> 
     </span>
     <span class='ocr_line' id='line_1_13' title="bbox 414 1089 1798 1144; baseline 0.001 -18"><span class='ocrx_word' id='word_1_99' title='bbox 414 1089 585 1127; x_wconf 87' lang='lat' dir='ltr'>Antium</span> <span class='ocrx_word' id='word_1_100' title='bbox 606 1104 669 1128; x_wconf 90' lang='lat' dir='ltr'>me</span> <span class='ocrx_word' id='word_1_101' title='bbox 688 1104 736 1128; x_wconf 83' lang='lat' dir='ltr'>ex</span> <span class='ocrx_word' id='word_1_102' title='bbox 757 1092 970 1129; x_wconf 90' lang='lat' dir='ltr'>Formiano</span> <span class='ocrx_word' id='word_1_103' title='bbox 991 1092 1160 1144; x_wconf 89' lang='lat' dir='ltr'>recipere</span> <span class='ocrx_word' id='word_1_104' title='bbox 1179 1092 1314 1143; x_wconf 89' lang='lat' dir='ltr'>cogito</span> <span class='ocrx_word' id='word_1_105' title='bbox 1333 1105 1367 1129; x_wconf 89' lang='lat' dir='ltr'>a.</span> <span class='ocrx_word' id='word_1_106' title='bbox 1390 1090 1430 1130; x_wconf 94' lang='lat' dir='ltr'>d.</span> <span class='ocrx_word' id='word_1_107' title='bbox 1453 1105 1490 1129; x_wconf 94' lang='lat' dir='ltr'>v.</span> <span class='ocrx_word' id='word_1_108' title='bbox 1515 1091 1625 1129; x_wconf 89' lang='lat' dir='ltr'>Non.</span> <span class='ocrx_word' id='word_1_109' title='bbox 1653 1091 1798 1129; x_wconf 82' lang='lat' dir='ltr'><strong>Maias.</strong></span> 
     </span>
     <span class='ocr_line' id='line_1_14' title="bbox 414 1154 1800 1209; baseline 0.001 -18"><span class='ocrx_word' id='word_1_110' title='bbox 414 1154 539 1192; x_wconf 91' lang='lat' dir='ltr'>Antio</span> <span class='ocrx_word' id='word_1_111' title='bbox 566 1155 657 1192; x_wconf 94' lang='lat' dir='ltr'>volo</span> <span class='ocrx_word' id='word_1_112' title='bbox 686 1155 798 1194; x_wconf 91' lang='lat' dir='ltr'>Non.</span> <span class='ocrx_word' id='word_1_113' title='bbox 843 1157 965 1194; x_wconf 91' lang='lat' dir='ltr'>Maiis</span> <span class='ocrx_word' id='word_1_114' title='bbox 992 1157 1188 1209; x_wconf 90' lang='lat' dir='ltr'>proficisci</span> <span class='ocrx_word' id='word_1_115' title='bbox 1208 1158 1249 1194; x_wconf 89' lang='lat' dir='ltr'>in</span> <span class='ocrx_word' id='word_1_116' title='bbox 1271 1157 1558 1195; x_wconf 87' lang='lat' dir='ltr'>Tusculanum.</span> <span class='ocrx_word' id='word_1_117' title='bbox 1611 1156 1684 1194; x_wconf 87' lang='lat' dir='ltr'>Sed</span> <span class='ocrx_word' id='word_1_118' title='bbox 1708 1169 1800 1194; x_wconf 90' lang='lat' dir='ltr'>cum</span> 
     </span>
     <span class='ocr_line' id='line_1_15' title="bbox 412 1219 1800 1274; baseline 0.002 -18"><span class='ocrx_word' id='word_1_119' title='bbox 412 1232 433 1257; x_wconf 91' lang='lat' dir='ltr'>e</span> <span class='ocrx_word' id='word_1_120' title='bbox 461 1219 673 1258; x_wconf 87' lang='lat' dir='ltr'>Formiano</span> <span class='ocrx_word' id='word_1_121' title='bbox 703 1221 867 1266; x_wconf 84' lang='lat' dir='ltr'>rediero,</span> <span class='ocrx_word' id='word_1_122' title='bbox 901 1221 978 1273; x_wconf 90' lang='lat' dir='ltr'>(ibi</span> <span class='ocrx_word' id='word_1_123' title='bbox 1005 1221 1077 1260; x_wconf 82' lang='lat' dir='ltr'>effe</span> <span class='ocrx_word' id='word_1_124' title='bbox 1106 1221 1228 1274; x_wconf 88' lang='lat' dir='ltr'>usque</span> <span class='ocrx_word' id='word_1_125' title='bbox 1251 1221 1298 1260; x_wconf 93' lang='lat' dir='ltr'>ad</span> <span class='ocrx_word' id='word_1_126' title='bbox 1329 1221 1431 1274; x_wconf 87' lang='lat' dir='ltr'>prid.</span> <span class='ocrx_word' id='word_1_127' title='bbox 1464 1220 1632 1259; x_wconf 89' lang='lat' dir='ltr'>Kalend.</span> <span class='ocrx_word' id='word_1_128' title='bbox 1674 1222 1800 1259; x_wconf 80' lang='lat' dir='ltr'>Maias</span> 
     </span>
     <span class='ocr_line' id='line_1_16' title="bbox 411 1284 1800 1335; baseline 0.001 -13"><span class='ocrx_word' id='word_1_129' title='bbox 411 1284 521 1335; x_wconf 86' lang='lat' dir='ltr'>volo)</span> <span class='ocrx_word' id='word_1_130' title='bbox 539 1284 682 1324; x_wconf 90' lang='lat' dir='ltr'>faciam</span> <span class='ocrx_word' id='word_1_131' title='bbox 702 1287 830 1326; x_wconf 87' lang='lat' dir='ltr'>statim</span> <span class='ocrx_word' id='word_1_132' title='bbox 853 1296 891 1325; x_wconf 92' lang='lat' dir='ltr'>te</span> <span class='ocrx_word' id='word_1_133' title='bbox 911 1287 1134 1327; x_wconf 85' lang='lat' dir='ltr'>certiorem.</span> <span class='ocrx_word' id='word_1_134' title='bbox 1157 1288 1346 1326; x_wconf 85' lang='lat' dir='ltr'>Terentia</span> <span class='ocrx_word' id='word_1_135' title='bbox 1360 1287 1436 1326; x_wconf 93' lang='lat' dir='ltr'>tibi</span> <span class='ocrx_word' id='word_1_136' title='bbox 1456 1286 1635 1326; x_wconf 87' lang='lat' dir='ltr'>salutem.</span> <span class='ocrx_word' id='word_1_137' title='bbox 1667 1285 1800 1335; x_wconf 73' lang='grc' dir='ltr'>Κικέρων</span> 
     </span>
     <span class='ocr_line' id='line_1_17' title="bbox 411 1346 1051 1401; baseline 0.008 -16"><span class='ocrx_word' id='word_1_138' title='bbox 411 1349 430 1385; x_wconf 75' lang='grc' dir='ltr'><strong>ὁ</strong></span> <span class='ocrx_word' id='word_1_139' title='bbox 445 1346 562 1401; x_wconf 66' lang='grc' dir='ltr'><strong><em>μικρὸς</em></strong></span> <span class='ocrx_word' id='word_1_140' title='bbox 578 1346 761 1401; x_wconf 50' lang='lat' dir='ltr'>&amp;wizam</span> <span class='ocrx_word' id='word_1_141' title='bbox 780 1349 869 1388; x_wconf 76' lang='grc' dir='ltr'><strong><em>Τίτον</em></strong></span> <span class='ocrx_word' id='word_1_142' title='bbox 883 1349 1051 1398; x_wconf 64' lang='grc' dir='ltr'><strong><em>Ἀθηναῖον.</em></strong></span> 
     </span>
    </p>
   </div>
   <div class='ocr_carea' id='block_1_3' title="bbox 751 1553 1464 1593">
    <p class='ocr_par' dir='ltr' id='par_1_4' title="bbox 751 1553 1464 1593">
     <span class='ocr_line' id='line_1_18' title="bbox 751 1553 1464 1593; baseline -0.001 -1"><span class='ocrx_word' id='word_1_143' title='bbox 751 1554 995 1592; x_wconf 81' lang='lat' dir='ltr'>C1C1-:Ro</span> <span class='ocrx_word' id='word_1_144' title='bbox 1037 1555 1292 1593; x_wconf 74' lang='lat' dir='ltr'>AT-r1co</span> <span class='ocrx_word' id='word_1_145' title='bbox 1334 1553 1464 1591; x_wconf 81' lang='lat' dir='ltr'>SAL.</span> 
     </span>
    </p>
   </div>
   <div class='ocr_carea' id='block_1_4' title="bbox 409 1679 1800 2132">
    <p class='ocr_par' dir='ltr' id='par_1_5' title="bbox 412 1679 1799 1752">
     <span class='ocr_line' id='line_1_19' title="bbox 412 1679 1799 1752; baseline -0.001 -32"><span class='ocrx_word' id='word_1_146' title='bbox 412 1682 466 1720; x_wconf 93' lang='lat' dir='ltr'>X.</span> <span class='ocrx_word' id='word_1_147' title='bbox 490 1680 565 1752; x_wconf 84' lang='lat' dir='ltr'>V</span> <span class='ocrx_word' id='word_1_148' title='bbox 581 1681 618 1719; x_wconf 93' lang='grc' dir='ltr'>Ο</span> <span class='ocrx_word' id='word_1_149' title='bbox 633 1682 668 1720; x_wconf 98' lang='lat' dir='ltr'>L</span> <span class='ocrx_word' id='word_1_150' title='bbox 683 1682 720 1719; x_wconf 95' lang='lat' dir='ltr'>O</span> <span class='ocrx_word' id='word_1_151' title='bbox 750 1695 854 1720; x_wconf 90' lang='lat' dir='ltr'>ames</span> <span class='ocrx_word' id='word_1_152' title='bbox 875 1695 1003 1719; x_wconf 89' lang='lat' dir='ltr'>meam</span> <span class='ocrx_word' id='word_1_153' title='bbox 1024 1681 1295 1721; x_wconf 87' lang='lat' dir='ltr'>constantiam.</span> <span class='ocrx_word' id='word_1_154' title='bbox 1341 1683 1476 1722; x_wconf 90' lang='lat' dir='ltr'>Ludos</span> <span class='ocrx_word' id='word_1_155' title='bbox 1498 1679 1613 1718; x_wconf 81' lang='lat' dir='ltr'>Antii</span> <span class='ocrx_word' id='word_1_156' title='bbox 1634 1679 1799 1732; x_wconf 65' lang='lat' dir='ltr'>spectare</span> 
     </span>
    </p>

    <p class='ocr_par' dir='ltr' id='par_1_6' title="bbox 409 1745 1800 2132">
     <span class='ocr_line' id='line_1_20' title="bbox 582 1745 1798 1800; baseline -0.002 -15"><span class='ocrx_word' id='word_1_157' title='bbox 582 1760 662 1785; x_wconf 89' lang='lat' dir='ltr'>non</span> <span class='ocrx_word' id='word_1_158' title='bbox 682 1747 823 1800; x_wconf 89' lang='lat' dir='ltr'>placet.</span> <span class='ocrx_word' id='word_1_159' title='bbox 857 1747 926 1785; x_wconf 89' lang='lat' dir='ltr'>Est</span> <span class='ocrx_word' id='word_1_160' title='bbox 945 1747 1051 1786; x_wconf 90' lang='lat' dir='ltr'>enim</span> <span class='ocrx_word' id='word_1_161' title='bbox 1071 1745 1286 1787; x_wconf 64' lang='grc' dir='ltr'>ὑποσάλοικθν,</span> <span class='ocrx_word' id='word_1_162' title='bbox 1315 1763 1408 1787; x_wconf 91' lang='lat' dir='ltr'>cum</span> <span class='ocrx_word' id='word_1_163' title='bbox 1428 1747 1547 1786; x_wconf 85' lang='lat' dir='ltr'>velim</span> <span class='ocrx_word' id='word_1_164' title='bbox 1568 1746 1688 1784; x_wconf 83' lang='lat' dir='ltr'>vitare</span> <span class='ocrx_word' id='word_1_165' title='bbox 1708 1760 1798 1784; x_wconf 90' lang='lat' dir='ltr'>om-</span> 
     </span>
     <span class='ocr_line' id='line_1_21' title="bbox 413 1809 1799 1865; baseline -0.001 -13"><span class='ocrx_word' id='word_1_166' title='bbox 413 1813 527 1852; x_wconf 88' lang='lat' dir='ltr'>nium</span> <span class='ocrx_word' id='word_1_167' title='bbox 547 1813 777 1852; x_wconf 86' lang='lat' dir='ltr'>deliciarum</span> <span class='ocrx_word' id='word_1_168' title='bbox 798 1812 1074 1865; x_wconf 87' lang='lat' dir='ltr'>suspicionem,</span> <span class='ocrx_word' id='word_1_169' title='bbox 1106 1821 1264 1864; x_wconf 88' lang='lat' dir='ltr'>repente</span> <span class='ocrx_word' id='word_1_170' title='bbox 1294 1809 1530 1859; x_wconf 64' lang='grc' dir='ltr'>ἀναφαίνεσθαι</span> <span class='ocrx_word' id='word_1_171' title='bbox 1561 1825 1639 1849; x_wconf 87' lang='grc'><strong>11011</strong></span> <span class='ocrx_word' id='word_1_172' title='bbox 1671 1811 1799 1850; x_wconf 90' lang='lat' dir='ltr'>solum</span> 
     </span>
     <span class='ocr_line' id='line_1_22' title="bbox 410 1877 1800 1932; baseline -0.001 -14"><span class='ocrx_word' id='word_1_173' title='bbox 410 1879 591 1926; x_wconf 88' lang='lat' dir='ltr'>delicate,</span> <span class='ocrx_word' id='word_1_174' title='bbox 623 1879 686 1917; x_wconf 91' lang='lat' dir='ltr'>sed</span> <span class='ocrx_word' id='word_1_175' title='bbox 720 1879 839 1917; x_wconf 87' lang='lat' dir='ltr'>etiam</span> <span class='ocrx_word' id='word_1_176' title='bbox 873 1880 1020 1932; x_wconf 90' lang='lat' dir='ltr'>inepte,</span> <span class='ocrx_word' id='word_1_177' title='bbox 1056 1879 1384 1931; x_wconf 90' lang='lat' dir='ltr'>peregrinantem.</span> <span class='ocrx_word' id='word_1_178' title='bbox 1435 1879 1566 1929; x_wconf 83' lang='lat' dir='ltr'>Qare</span> <span class='ocrx_word' id='word_1_179' title='bbox 1599 1877 1719 1929; x_wconf 90' lang='lat' dir='ltr'>usque</span> <span class='ocrx_word' id='word_1_180' title='bbox 1752 1877 1800 1916; x_wconf 89' lang='lat' dir='ltr'>ad</span> 
     </span>
     <span class='ocr_line' id='line_1_23' title="bbox 411 1943 1798 1996; baseline -0.003 -12"><span class='ocrx_word' id='word_1_181' title='bbox 411 1946 523 1985; x_wconf 91' lang='lat' dir='ltr'>Non.</span> <span class='ocrx_word' id='word_1_182' title='bbox 547 1946 648 1984; x_wconf 84' lang='lat' dir='ltr'>Mai.</span> <span class='ocrx_word' id='word_1_183' title='bbox 671 1955 710 1984; x_wconf 90' lang='lat' dir='ltr'>te</span> <span class='ocrx_word' id='word_1_184' title='bbox 740 1946 781 1983; x_wconf 89' lang='lat' dir='ltr'>in</span> <span class='ocrx_word' id='word_1_185' title='bbox 814 1945 1028 1983; x_wconf 82' lang='lat' dir='ltr'>Formiano</span> <span class='ocrx_word' id='word_1_186' title='bbox 1059 1944 1285 1996; x_wconf 68' lang='lat' dir='ltr'>expectabo.</span> <span class='ocrx_word' id='word_1_187' title='bbox 1331 1945 1454 1983; x_wconf 90' lang='lat' dir='ltr'>Nunc</span> <span class='ocrx_word' id='word_1_188' title='bbox 1484 1943 1561 1988; x_wconf 88' lang='lat' dir='ltr'>fac,</span> <span class='ocrx_word' id='word_1_189' title='bbox 1593 1952 1638 1981; x_wconf 90' lang='lat' dir='ltr'>ut</span> <span class='ocrx_word' id='word_1_190' title='bbox 1664 1943 1798 1988; x_wconf 83' lang='lat' dir='ltr'>sciam,</span> 
     </span>
     <span class='ocr_line' id='line_1_24' title="bbox 409 2009 1800 2064; baseline -0.003 -13"><span class='ocrx_word' id='word_1_191' title='bbox 409 2025 492 2064; x_wconf 88' lang='lat' dir='ltr'>quo</span> <span class='ocrx_word' id='word_1_192' title='bbox 513 2013 574 2051; x_wconf 88' lang='lat' dir='ltr'>die</span> <span class='ocrx_word' id='word_1_193' title='bbox 597 2022 633 2051; x_wconf 91' lang='lat' dir='ltr'>te</span> <span class='ocrx_word' id='word_1_194' title='bbox 654 2012 771 2050; x_wconf 88' lang='lat' dir='ltr'>visuri</span> <span class='ocrx_word' id='word_1_195' title='bbox 792 2011 925 2050; x_wconf 90' lang='lat' dir='ltr'>fimus.</span> <span class='ocrx_word' id='word_1_196' title='bbox 971 2011 1037 2049; x_wconf 95' lang='lat' dir='ltr'>Ab</span> <span class='ocrx_word' id='word_1_197' title='bbox 1057 2011 1182 2063; x_wconf 87' lang='lat' dir='ltr'>Appii</span> <span class='ocrx_word' id='word_1_198' title='bbox 1213 2010 1314 2057; x_wconf 90' lang='lat' dir='ltr'>foro,</span> <span class='ocrx_word' id='word_1_199' title='bbox 1345 2009 1442 2049; x_wconf 90' lang='lat' dir='ltr'>hora</span> <span class='ocrx_word' id='word_1_200' title='bbox 1470 2019 1617 2063; x_wconf 88' lang='lat' dir='ltr'>quarta.</span> <span class='ocrx_word' id='word_1_201' title='bbox 1665 2009 1800 2048; x_wconf 84' lang='lat' dir='ltr'>Dede-</span> 
     </span>
     <span class='ocr_line' id='line_1_25' title="bbox 412 2076 1295 2132; baseline 0.002 -17"><span class='ocrx_word' id='word_1_202' title='bbox 412 2091 494 2116; x_wconf 85' lang='lat' dir='ltr'>ram</span> <span class='ocrx_word' id='word_1_203' title='bbox 515 2079 630 2118; x_wconf 86' lang='lat' dir='ltr'>aliam</span> <span class='ocrx_word' id='word_1_204' title='bbox 652 2078 770 2132; x_wconf 92' lang='lat' dir='ltr'>paulo</span> <span class='ocrx_word' id='word_1_205' title='bbox 789 2086 878 2116; x_wconf 90' lang='lat' dir='ltr'>ante</span> <span class='ocrx_word' id='word_1_206' title='bbox 898 2090 919 2115; x_wconf 82' lang='lat' dir='ltr'>a</span> <span class='ocrx_word' id='word_1_207' title='bbox 939 2076 1089 2116; x_wconf 88' lang='lat' dir='ltr'>Tribus</span> <span class='ocrx_word' id='word_1_208' title='bbox 1110 2077 1295 2117; x_wconf 83' lang='lat' dir='ltr'>tabernis.</span> 
     </span>
    </p>
   </div>
   <div class='ocr_carea' id='block_1_5' title="bbox 751 2278 1462 2319">
    <p class='ocr_par' dir='ltr' id='par_1_7' title="bbox 751 2278 1462 2319">
     <span class='ocr_line' id='line_1_26' title="bbox 751 2278 1462 2319; baseline -0.004 -1"><span class='ocrx_word' id='word_1_209' title='bbox 751 2281 994 2319; x_wconf 66' lang='lat' dir='ltr'>C1ci2Ro</span> <span class='ocrx_word' id='word_1_210' title='bbox 1034 2280 1290 2318; x_wconf 72' lang='lat' dir='ltr'>Arrico</span> <span class='ocrx_word' id='word_1_211' title='bbox 1331 2278 1462 2316; x_wconf 81' lang='lat' dir='ltr'>SAL.</span> 
     </span>
    </p>
   </div>
   <div class='ocr_carea' id='block_1_6' title="bbox 416 2404 1802 2593">
    <p class='ocr_par' dir='ltr' id='par_1_8' title="bbox 416 2404 1802 2593">
     <span class='ocr_line' id='line_1_27' title="bbox 416 2404 1801 2478; baseline -0.002 -33"><span class='ocrx_word' id='word_1_212' title='bbox 416 2408 489 2445; x_wconf 93' lang='lat' dir='ltr'>XI.</span> <span class='ocrx_word' id='word_1_213' title='bbox 512 2407 811 2478; x_wconf 85' lang='lat' dir='ltr'>NARRO</span> <span class='ocrx_word' id='word_1_214' title='bbox 855 2408 944 2455; x_wconf 91' lang='lat' dir='ltr'>tibi,</span> <span class='ocrx_word' id='word_1_215' title='bbox 980 2410 1095 2463; x_wconf 87' lang='lat' dir='ltr'>plane</span> <span class='ocrx_word' id='word_1_216' title='bbox 1128 2408 1319 2460; x_wconf 83' lang='lat' dir='ltr'>relegatus</span> <span class='ocrx_word' id='word_1_217' title='bbox 1354 2405 1456 2445; x_wconf 90' lang='lat' dir='ltr'>mihi</span> <span class='ocrx_word' id='word_1_218' title='bbox 1489 2405 1637 2450; x_wconf 87' lang='lat' dir='ltr'>videor,</span> <span class='ocrx_word' id='word_1_219' title='bbox 1673 2404 1801 2457; x_wconf 80' lang='lat' dir='ltr'>postca</span> 
     </span>
     <span class='ocr_line' id='line_1_28' title="bbox 641 2472 1798 2526; baseline -0.003 -15"><span class='ocrx_word' id='word_1_220' title='bbox 641 2487 758 2526; x_wconf 86' lang='lat' dir='ltr'>quam</span> <span class='ocrx_word' id='word_1_221' title='bbox 794 2475 835 2513; x_wconf 90' lang='lat' dir='ltr'>in</span> <span class='ocrx_word' id='word_1_222' title='bbox 871 2476 1083 2514; x_wconf 87' lang='lat' dir='ltr'>Formiano</span> <span class='ocrx_word' id='word_1_223' title='bbox 1117 2475 1218 2513; x_wconf 89' lang='lat' dir='ltr'>sum.</span> <span class='ocrx_word' id='word_1_224' title='bbox 1269 2474 1364 2512; x_wconf 89' lang='lat' dir='ltr'>Dies</span> <span class='ocrx_word' id='word_1_225' title='bbox 1395 2473 1502 2511; x_wconf 88' lang='lat' dir='ltr'>enim</span> <span class='ocrx_word' id='word_1_226' title='bbox 1537 2472 1669 2509; x_wconf 86' lang='lat' dir='ltr'>nullus</span> <span class='ocrx_word' id='word_1_227' title='bbox 1703 2479 1798 2515; x_wconf 86' lang='lat' dir='ltr'>erat,</span> 
     </span>
     <span class='ocr_line' id='line_1_29' title="bbox 416 2534 1802 2593; baseline -0.002 -17"><span class='ocrx_word' id='word_1_228' title='bbox 416 2538 530 2576; x_wconf 87' lang='lat' dir='ltr'>Antii</span> <span class='ocrx_word' id='word_1_229' title='bbox 561 2551 654 2576; x_wconf 90' lang='lat' dir='ltr'>cum</span> <span class='ocrx_word' id='word_1_230' title='bbox 688 2539 818 2585; x_wconf 75' lang='lat' dir='ltr'>essem,</span> <span class='ocrx_word' id='word_1_231' title='bbox 849 2553 930 2593; x_wconf 90' lang='lat' dir='ltr'>quo</span> <span class='ocrx_word' id='word_1_232' title='bbox 962 2541 1027 2580; x_wconf 92' lang='lat' dir='ltr'>die</span> <span class='ocrx_word' id='word_1_233' title='bbox 1058 2554 1138 2580; x_wconf 90' lang='lat' dir='ltr'>non</span> <span class='ocrx_word' id='word_1_234' title='bbox 1169 2540 1311 2579; x_wconf 87' lang='lat' dir='ltr'>melius</span> <span class='ocrx_word' id='word_1_235' title='bbox 1347 2539 1499 2582; x_wconf 87' lang='lat' dir='ltr'>scirem,</span> <span class='ocrx_word' id='word_1_236' title='bbox 1532 2539 1669 2577; x_wconf 82' lang='lat' dir='ltr'>Romae</span> <span class='ocrx_word' id='word_1_237' title='bbox 1704 2534 1802 2588; x_wconf 87' lang='lat' dir='ltr'>quid</span> 
     </span>
    </p>
   </div>
   <div class='ocr_carea' id='block_1_7' title="bbox 499 2603 1501 2643">
    <p class='ocr_par' dir='ltr' id='par_1_9' title="bbox 499 2603 1501 2643">
     <span class='ocr_line' id='line_1_30' title="bbox 499 2603 1501 2643; baseline -0.002 -1"><span class='ocrx_word' id='word_1_238' title='bbox 499 2605 565 2643; x_wconf 92' lang='lat' dir='ltr'>To</span> <span class='ocrx_word' id='word_1_239' title='bbox 579 2616 631 2643; x_wconf 89' lang='lat' dir='ltr'>M.</span> <span class='ocrx_word' id='word_1_240' title='bbox 663 2603 780 2643; x_wconf 89' lang='lat' dir='ltr'>VIII.</span> <span class='ocrx_word' id='word_1_241' title='bbox 1461 2603 1501 2640; x_wconf 94' lang='lat' dir='ltr'>G</span> 
     </span>
    </p>
   </div>
  </div>
 </body>
</html>
