2243 3008
583 223 658 278 398
931 221 1618 264 EPISTOLARUM

579 335 635 359 me
652 319 742 358 male
761 317 886 357 oderit.
931 319 1045 364 Haec,
1076 328 1114 357 et
1141 319 1331 372 ejusmodi
1358 321 1498 360 multa.
1543 321 1617 360 Sed
1636 320 1683 359 ad
1703 322 1959 375 propositum.

583 384 793 438 Qidquid
811 384 884 422 erit
904 397 982 422 non
1004 384 1124 422 modo
1143 398 1348 436 magnum,
1373 385 1436 424 sed
1455 387 1574 425 etiam
1593 400 1771 440 parvum,
1803 387 1958 427 scribes.

584 451 783 505 Equidem
804 449 904 489 nihil
926 449 1200 488 intermittam.

911 652 1153 689 etenno
1196 651 1452 688 ATTrco
1496 651 1626 690 SAL.

583 781 638 819 11.
664 779 875 850 DUAS
905 792 927 816 a
958 788 995 817 te
1026 779 1158 831 accepi
1184 778 1361 830 epistolas
1388 777 1487 817 heri.
1535 779 1598 817 Ex
1617 778 1746 831 priore
1767 777 1963 819 theatrum

774 844 1043 897 Publiumque
1063 844 1259 896 cognovi;
1293 844 1395 881 bona
1423 844 1529 895 figna
1547 843 1826 882 consentientis
1855 845 1962 883 rnul-

583 909 780 948 titudinis.
813 909 972 948 Plausus
989 923 1079 947 vero
1099 910 1148 948 L.
1166 908 1291 947 Caffio
1312 908 1423 947 datus
1443 910 1562 948 etiam
1581 908 1730 948 facetus
1750 909 1851 948 mihi
1871 910 1964 963 qui-

582 976 672 1014 dem
694 975 794 1013 visus
815 975 881 1014 est.
928 976 1063 1013 Altera
1091 974 1251 1027 epistola
1278 974 1324 1011 de
1345 974 1510 1013 Madaro
1536 975 1691 1028 scripta,
1722 976 1824 1028 apud
1845 989 1965 1028 quem

581 1041 740 1079 nullum
761 1042 999 1088 φαλάκρωμα,
1030 1049 1074 1078 ut
1093 1049 1220 1093 putas.
1255 1039 1419 1077 Processi
1441 1041 1563 1085 enim,
1595 1040 1658 1078 sed
1679 1041 1839 1085 minus3
1871 1040 1962 1078 diu-

581 1107 659 1145 tius
682 1106 856 1144 sermone
871 1106 977 1144 enirn
998 1105 1082 1144 sum
1099 1115 1288 1144 retentus.
1312 1105 1431 1157 Qod
1451 1116 1584 1144 autem
1599 1105 1646 1143 ad
1668 1115 1705 1144 te
1726 1106 1962 1159 scripseram,

578 1171 743 1210 obscure
762 1169 929 1215 fortasse,
960 1170 1001 1207 id
1029 1170 1220 1223 ejusmodi
1240 1169 1293 1208 est
1311 1185 1320 1208 ε
1353 1170 1478 1208 aiebat
1500 1171 1688 1209 Caesarem
1708 1171 1854 1216 secum,
1885 1185 1966 1223 quo

579 1246 757 1289 tempore
778 1235 901 1274 Sextii
930 1244 1068 1288 rogatu
1095 1236 1184 1274 veni
1213 1235 1260 1274 ad
1289 1249 1397 1281 eum,
1428 1249 1520 1274 cum
1550 1237 1794 1289 expectarem
1814 1235 1963 1281 sedens,

578 1302 716 1341 dixisse
734 1317 743 1340 :
774 1304 855 1354 Ego
873 1315 967 1341 nunc
986 1310 1062 1341 tam
1075 1302 1149 1352 fim
1153 1301 1305 1354 stultus,
1336 1311 1378 1340 ut
1397 1302 1492 1341 hunc
1509 1301 1619 1354 ipfiam
1623 1301 1777 1353 facilem
1795 1301 1965 1340 hominem

572 1375 699 1421 putem
717 1366 806 1404 mihi
821 1365 881 1418 effe
899 1365 1063 1410 amicum,
1094 1380 1172 1405 cum
1191 1365 1318 1405 tandiu
1324 1366 1450 1419 sedens
1468 1380 1580 1404 meum
1600 1365 1807 1405 commodum
1839 1375 1965 1418 expec-

578 1442 633 1472 tet
646 1433 666 1471 ,ἒ
698 1432 831 1471 Habes
852 1432 974 1483 igitur
993 1429 1219 1479 φωλάκρωμα.
1238 1431 1553 1471 inimiciffimum
1574 1432 1662 1476 otii,
1683 1432 1724 1470 id
1744 1431 1811 1476 est,
1834 1432 1963 1471 Bruti.

581 1500 629 1537 In
650 1497 922 1537 Tusculanum
943 1496 1088 1540 hodie;
1121 1497 1291 1536 Lanuvii
1310 1511 1421 1542 cras3
1444 1497 1535 1534 inde
1556 1496 1706 1535 Asturae
1725 1496 1964 1549 cogitabam.

581 1564 691 1602 Piliae
726 1572 903 1615 paratum
933 1561 988 1600 est
1021 1559 1238 1614 hospitium
1256 1578 1265 1601 z
1298 1562 1363 1601 sed
1394 1561 1536 1601 vellem
1570 1562 1748 1601 Atticam
1764 1580 1777 1607 ς
1812 1563 1967 1614 (verum

580 1630 656 1668 tibi
675 1628 854 1683 ignosco)
877 1641 1045 1681 quarum
1066 1628 1204 1680 utique
1225 1628 1403 1668 salutem.

908 1829 1152 1869 Crcssno
1194 1830 1451 1867 Arrxco
1495 1829 1625 1867 SAL.

579 1958 658 1997 111.
682 1953 1048 2030 TRANQUI
1064 1957 1200 1995 LLAE
1231 1964 1307 1994 tuae
1327 1956 1489 2008 quidem
1511 1955 1660 2001 literae;
1683 1955 1792 2008 quod
1813 1956 1966 1996 utinam

798 2023 948 2060 diutius
966 2037 976 2060 :
1014 2035 1104 2061 nam
1139 2022 1290 2060 Matius
1325 2021 1428 2074 poffe
1462 2021 1642 2074 negabat.
1693 2024 1798 2061 Ecce
1831 2032 1964 2061 autern

580 2088 784 2128 struebres
806 2087 924 2126 nostri
945 2087 991 2126 ad
1012 2087 1259 2126 frumentum
1280 2087 1460 2140 profeeki,
1486 2102 1579 2126 cum
1599 2089 1732 2126 inanes
1755 2088 1965 2132 rediissent.

580 2167 779 2193 rumorem
799 2152 968 2191 afferunt
988 2166 1192 2206 magnum,
1222 2154 1360 2191 Romae
1380 2152 1546 2193 domum
1566 2153 1612 2191 ad
1634 2154 1858 2192 Antonium
1878 2151 1964 2190 fru-

579 2230 760 2258 mentum
780 2233 897 2258 omne
918 2220 1088 2272 portari:
1110 2215 1244 2255 παινυιὸν
1262 2227 1390 2263 certe;
1413 2217 1613 2271 scripsisses
1634 2219 1755 2256 enim.
1788 2220 1963 2256 Corum-

581 2287 654 2325 bus
677 2286 789 2324 Balbi
810 2285 944 2324 nullus
965 2284 1121 2331 adhuc5
1152 2295 1192 2323 et
1212 2284 1314 2323 mihi
1335 2294 1474 2323 notum
1496 2298 1639 2323 nomen
1660 2299 1668 2322 :
1702 2284 1828 2322 bellus
1858 2284 1966 2322 enim

578 2351 652 2390 esse
672 2351 818 2389 dicitur
838 2350 1087 2390 architectus.
1114 2351 1178 2390 Ad
1199 2350 1482 2403 obsignandum
1506 2360 1546 2388 tu
1567 2348 1768 2388 adbibitus
1790 2363 1868 2387 non
1890 2348 1967 2387 fine

578 2417 691 2456 causa
720 2416 863 2455 videris
881 2431 890 2455 :
922 2417 1062 2455 volunt
1095 2418 1203 2455 enim
1238 2430 1308 2455 nos
1342 2417 1395 2454 ita
1427 2426 1560 2469 putare
1578 2434 1588 2461 ς
1623 2415 1751 2454 nescio
1781 2428 1851 2453 cur
1885 2427 1964 2452 non

578 2484 713 2525 animo
731 2495 891 2537 quoque
911 2482 1093 2524 sentiant.
1125 2483 1198 2523 Sed
1217 2481 1316 2536 quid
1335 2481 1417 2523 haec
1439 2482 1486 2521 ad
1507 2484 1609 2522 nos?
1641 2481 1816 2522 odorare
1836 2489 1966 2520 tamen
