2243 3008
583 301 689 339 AD
750 299 1179 338 ATTICUM
1244 301 1386 341 LIB.
1439 304 1492 341 11.
1681 318 1731 358 59

345 412 397 439 ne
414 400 549 439 omnia
566 399 803 452 improbem,
834 412 922 452 quae
941 407 1052 436 antea
1076 399 1196 451 geffi:
1229 408 1318 437 utor
1348 401 1421 439 via.
1468 402 1611 454 Populi
1643 403 1730 442 sen-

345 465 408 504 sus
432 465 604 503 maxime
631 463 783 503 theatro
813 473 853 502 et
883 463 1111 516 spestaculis
1139 464 1359 516 perspectus
1391 464 1457 505 est.
1505 468 1612 506 Nam
1644 469 1730 520 gla-

345 530 562 568 diatoribus
594 543 672 582 qua
699 529 899 574 dominus,
931 542 1009 581 qua
1036 529 1212 567 advocati
1241 530 1362 568 fibilis
1392 531 1594 570 consciffi:
1628 533 1732 571 ludis

344 595 644 648 Apollinaribus
665 594 858 648 Diphilus
881 594 1079 647 tragoedus
1097 596 1139 633 in
1160 595 1338 633 nostrum
1357 596 1593 649 Pompeium
1613 608 1731 650 petu-·

344 660 472 699 lanter
495 662 671 699 invectus
700 660 767 700 est.
813 659 948 712 Nqstra
965 660 1106 713 miseria
1124 669 1166 699 tu
1185 675 1219 699 es
1238 661 1417 713 Magnus,
1448 663 1594 702 millies
1615 677 1729 702 eoac-

342 734 405 764 tus
426 724 480 764 est
499 726 640 764 dicere.
686 724 848 765 Eandem
875 725 1052 764 virtutem
1069 725 1183 779 istam,
1212 726 1335 764 veniet
1353 735 1502 779 tempus,
1533 742 1611 767 cum
1632 743 1730 781 gra-

342 790 444 830 viter
457 804 588 843 gemes,
610 791 734 829 totius
755 791 896 829 theatri
916 791 1088 829 clamore
1107 791 1225 836 dixit,
1245 792 1424 845 itemque
1443 802 1592 832 caetera.
1624 795 1733 832 Nam

343 865 384 894 et
415 856 606 909 ejusmodi
636 856 725 894 sunt
756 857 786 894 ii
817 856 960 901 versus,
994 866 1037 895 ut
1069 857 1109 894 in
1143 867 1301 910 tempus
1331 859 1379 895 ab
1411 859 1576 897 inimico
1608 860 1732 899 Pom-

346 922 424 974 peii
455 921 588 974 scripti
614 922 690 960 effe
719 921 937 960 videantur.
983 922 1026 960 Si
1042 935 1150 975 neque
1168 922 1273 974 leges,
1304 937 1412 975 neque
1431 938 1555 969 mores,
1586 934 1732 976 cogunt,

345 996 385 1025 et
405 996 554 1031 caetera‚
586 1000 730 1040 magno
750 1000 843 1025 cum
873 986 1036 1025 fremitu
1063 997 1102 1024 et
1130 987 1300 1026 clamore
1331 989 1421 1026 sunt
1447 989 1562 1028 dicta.
1610 991 1735 1029 Caesar

344 1064 439 1090 cum
459 1051 632 1096 veniffet,
664 1061 822 1089 mortuo
842 1051 977 1104 plausu
997 1067 1006 1090 ε
1040 1053 1164 1089 Curio
1185 1052 1290 1090 filius
1310 1052 1363 1090 est
1383 1053 1605 1093 insecutus:
1638 1055 1733 1094 huic

346 1117 401 1154 ita
420 1115 599 1168 plausum
619 1115 686 1160 est,
719 1125 777 1160 ut,
809 1116 908 1154 salva
929 1116 1165 1169 Republica,
1197 1118 1389 1170 Pompeio
1411 1119 1544 1170 plaudi
1569 1119 1731 1158 solebat.

346 1181 466 1219 Tulit
497 1180 623 1219 Caesar
651 1180 834 1232 graviter.
881 1181 1024 1219 Literae
1055 1182 1232 1233 Capuam
1261 1183 1307 1220 ad
1343 1184 1578 1235 Pompeium
1606 1186 1735 1223 volare

344 1246 590 1284 dicebantur.
655 1246 817 1284 Inimici
854 1255 964 1284 erant
1001 1247 1235 1299 Equitibus,
1278 1249 1351 1300 qui
1389 1249 1556 1287 Curioni
1594 1250 1735 1289 stantes

345 1312 592 1365 plauserant3
625 1311 752 1350 hostes
787 1312 1004 1350 omnibus:
1045 1313 1197 1350 Rosciae
1230 1313 1324 1365 legi,
1361 1315 1480 1352 etiam
1514 1302 1734 1355 frumenta-

346 1379 428 1424 riae,
458 1377 757 1416 minitabantur.
798 1379 895 1416 Sane
913 1391 971 1416 res
993 1388 1072 1416 erat
1093 1379 1330 1431 perturbata.
1363 1381 1563 1432 Equidem
1583 1383 1735 1421 malue-

347 1457 444 1490 ram,
476 1443 583 1497 quod
609 1453 690 1482 erat
717 1443 939 1497 susceptum
969 1444 1016 1481 ab
1048 1444 1145 1489 illis,
1176 1444 1329 1483 filentio
1361 1446 1544 1485 tranfire:
1577 1447 1640 1485 sed
1666 1463 1735 1486 ve-

347 1523 433 1548 reor
460 1523 508 1547 ne
537 1523 617 1547 non
646 1509 776 1547 liceat.
821 1510 918 1548 Non
950 1509 1084 1548 ferunt
1114 1509 1311 1555 homines,
1344 1511 1450 1564 quod
1480 1512 1635 1551 videtur
1663 1513 1737 1551 effe

347 1584 478 1613 tamen
498 1574 732 1613 ferendum:
765 1574 829 1613 sed
859 1575 913 1613 est
937 1576 1022 1627 jam
1054 1589 1130 1614 una
1158 1589 1235 1614 vox
1264 1577 1461 1622 omnium,
1492 1579 1616 1630 magis
1644 1579 1738 1618 odio

348 1639 514 1684 firmata,
531 1653 651 1692 quam
670 1640 859 1692 praefidio.
891 1640 1035 1678 Noster
1054 1649 1185 1678 autem
1203 1641 1368 1679 Publius
1390 1641 1492 1680 mihi
1512 1643 1735 1689 minitatur,

348 1705 535 1742 inimicus
556 1704 637 1742 est:
669 1703 872 1757 impendet
901 1705 1121 1756 negotium,
1152 1705 1198 1742 ad
1227 1706 1334 1757 quod
1364 1715 1406 1744 tu
1436 1707 1585 1745 scilicet
1614 1708 1736 1747 advo-

347 1770 462 1808 labis.
508 1769 655 1807 Videor
684 1768 786 1807 mihi
809 1769 983 1807 nostrum
1004 1770 1121 1808 illum
1143 1771 1399 1809 Consularem
1419 1773 1639 1811 exercitum
1661 1774 1736 1812 bo·-

347 1848 492 1874 norum
524 1835 724 1880 omnium,
758 1835 877 1873 etiam
911 1835 999 1874 satis
1036 1837 1246 1881 bonorum,
1278 1837 1419 1875 habere
1453 1838 1734 1879 firmiffimum.

348 1901 561 1953 Pompeius
582 1900 774 1952 fignificat
793 1899 966 1938 studium
986 1914 1076 1953 erga
1095 1915 1158 1939 me
1179 1915 1256 1940 non
1279 1902 1490 1941 mediocre.
1536 1904 1646 1942 Idem
1674 1904 1735 1942 af·-

347 1967 493 2011 firmat,
523 1967 689 2004 verbum
721 1966 769 2004 de
796 1980 860 2005 me
890 1966 1007 2005 illum
1036 1981 1114 2005 non
1145 1967 1219 2005 effe
1237 1967 1459 2007 faeturum:
1491 1969 1533 2007 in
1554 1984 1634 2022 quo
1655 1984 1735 2009 non

347 2045 412 2071 me
445 2032 514 2070 ille
547 2030 665 2077 fallit,
706 2031 769 2070 sed
803 2031 884 2084 ipse
916 2032 1083 2071 fallitur.
1131 2032 1327 2072 Cosconio
1360 2043 1532 2079 mortuo,
1573 2035 1657 2073 sum
1694 2037 1734 2073 in
1760 2082 1769 2094 υ

348 2099 431 2150 ejus
453 2098 588 2136 locum
607 2097 822 2136 invitatus:
855 2097 896 2135 id
915 2107 995 2136 erat
1015 2099 1144 2137 vocari
1174 2098 1216 2136 in
1244 2098 1379 2138 locum
1406 2101 1568 2139 mortui.
1616 2100 1736 2139 Nihil

348 2177 411 2202 me
431 2164 584 2216 turpius
606 2163 709 2215 apud
728 2162 910 2202 homines
939 2162 1097 2209 fuiffet;
1131 2177 1257 2216 neque
1285 2177 1376 2202 vero
1402 2164 1448 2202 ad
1476 2165 1586 2204 istam
1612 2166 1735 2218 ipsam

348 2224 543 2274 ἀσφάλειαν
573 2229 788 2281 quicquam
817 2228 1010 2268 alienius:
1043 2229 1134 2268 sunt
1159 2230 1266 2268 enim
1292 2230 1354 2267 illi
1380 2230 1482 2282 apud
1515 2231 1638 2269 bonos
1670 2231 1734 2269 in²

350 2293 483 2331 vidiofi
503 2308 512 2331 :
544 2308 617 2347 ego
637 2294 740 2347 apud
760 2295 963 2348 improbos
984 2309 1111 2334 meam
1135 2295 1375 2334 retinuissem
1404 2296 1608 2341 invidiam,
1639 2297 1734 2335 alie-

354 2370 442 2395 nam
462 2357 751 2412 affumpfiffem.
796 2360 921 2399 Caesar
941 2360 1004 2398 me
1025 2360 1095 2398 fibi
1115 2360 1234 2398 vellet
1254 2359 1325 2398 effe
1346 2361 1533 2412 legatum.
1577 2362 1735 2400 Hones-

352 2423 429 2460 tior
449 2422 532 2460 haec
551 2424 762 2464 declinatio
782 2426 949 2479 periculi
967 2441 976 2464 z
1009 2425 1072 2464 sed
1092 2439 1164 2479 ego
1184 2425 1261 2464 hoc
1282 2439 1389 2464 nune
1409 2427 1585 2480 repudio.
1626 2428 1734 2479 Qid

352 2501 446 2540 ergo
465 2488 517 2526 est
536 2489 550 2525 ?
581 2502 752 2542 pugnare
773 2492 906 2530 malo:
938 2491 1040 2530 nihil
1063 2501 1192 2531 tamen
1213 2493 1324 2531 certi.
1358 2493 1507 2531 Iterum
1529 2493 1631 2538 dico„
1656 2494 1734 2530 uti-

355 2567 446 2592 nam
480 2553 646 2594 adeffes!
694 2556 766 2594 Sed
801 2566 947 2603 tamen,
977 2557 1004 2596 fi
1035 2557 1110 2597 erit
1141 2557 1301 2604 neceffe,
1340 2558 1581 2597 arceffemus.
1628 2557 1737 2611 Qid

1343 2622 1385 2660 H
1416 2635 1439 2661 2
