2243 3008
463 237 545 279 394
817 220 1505 260 EPISTOLARUM

464 322 595 372 Qare
616 319 692 358 tibi
710 318 897 358 hactenus
918 319 1078 365 maud0,
1100 320 1146 357 de
1167 320 1238 358 illo
1259 319 1403 365 nostro,
1432 320 1456 358 si
1479 318 1577 372 quid
1595 319 1757 372 poteriS,
1778 333 1849 359 ex-

463 386 594 437 quiras
611 404 625 431 5
653 385 702 424 de
722 399 786 424 me
806 399 854 423 ne
873 386 971 438 quid
992 385 1156 423 labores.
1200 385 1269 423 Est
1290 385 1456 430 bellum,
1486 386 1659 438 aliquem
1682 385 1851 423 libenter

462 450 608 496 odiffe3
629 451 708 495 est;
738 450 1075 504 quemadmodum
1097 462 1173 487 non
1196 450 1383 487 omnibus
1404 450 1558 489 servire.
1589 451 1670 489 Etfi
1692 449 1849 488 meher-

464 515 568 560 cule,
599 524 643 553 ut
673 525 715 554 tu
746 516 952 568 intelligis,
984 515 1107 567 magis
1138 514 1240 552 mihi
1269 514 1330 553 isti
1360 514 1547 560 serviunt,
1576 516 1603 553 fi
1634 515 1848 559 observare,

463 579 600 618 servire
629 580 697 619 est.

800 781 1042 818 C1CERO
1082 781 1339 818 ATTrco
1379 780 1512 817 SAL.

463 906 511 944 L.
536 905 817 978 ADMON
831 908 944 945 ITU
958 907 980 944 S
1011 905 1246 958 quibusdam
1267 905 1346 943 tuis
1365 904 1506 950 literis,
1528 914 1572 944 ut
1591 905 1637 943 ad
1659 905 1854 945 Caesarem

643 973 840 1010 uberiores
862 973 991 1010 literas
1012 972 1169 1009 mittere
1189 970 1448 1017 instituerem,
1466 985 1559 1009 cum
1579 971 1682 1009 mihi
1702 972 1851 1010 Balbus

462 1050 586 1089 nuper
614 1037 656 1074 in
686 1038 894 1075 Lanuvino
920 1036 1090 1082 dixiffet,
1121 1036 1157 1074 se
1186 1046 1224 1074 et
1247 1036 1428 1089 Oppium
1448 1036 1631 1089 scripsiffe
1651 1036 1698 1074 ad
1719 1037 1848 1075 Caesa-

461 1115 557 1146 rem,
576 1115 639 1139 me
658 1102 788 1154 legiss‘e
809 1103 931 1140 libros
952 1111 1089 1140 contra
1105 1102 1313 1146 Catonern,
1329 1110 1369 1139 et
1389 1100 1640 1140 vehementer
1658 1101 1850 1154 probaffe,

459 1165 668 1218 conscripsi
688 1166 736 1204 de
764 1166 827 1205 his
857 1167 946 1219 ipfis
974 1166 1086 1204 libris
1107 1165 1307 1219 epistolam
1331 1165 1487 1211 Caesari,
1516 1179 1603 1219 quae
1632 1165 1850 1205 deferretur

459 1231 506 1267 ad
528 1231 792 1271 Dolabellam.
838 1233 911 1270 Sed
941 1232 1024 1283 ejus
1053 1231 1283 1284 exemplum
1310 1231 1396 1269 mifi
1423 1231 1470 1269 ad
1492 1231 1674 1284 Oppium
1693 1240 1732 1269 et
1753 1231 1847 1270 Bal-

461 1296 557 1334 bum
568 1315 582 1341 ;
603 1295 811 1350 scripsique
831 1297 878 1335 ad
897 1309 978 1342 eos,
996 1305 1040 1334 ut
1060 1305 1147 1334 tum
1167 1295 1308 1334 deferri
1328 1295 1375 1333 ad
1396 1296 1646 1334 Dolabellam
1661 1296 1848 1348 juberent

460 1375 564 1400 meas
584 1361 729 1407 literas,
760 1361 787 1400 fi
808 1361 878 1414 ipsi
898 1361 1127 1414 exemplum
1147 1360 1382 1413 probassent.
1428 1362 1489 1399 Ita
1512 1360 1614 1400 mihi
1640 1361 1845 1415 rescripse-

459 1436 567 1472 runt,
598 1426 700 1465 nihil
722 1440 896 1480 unquam
917 1427 953 1465 se
973 1426 1104 1479 legiffe
1125 1427 1283 1472 melius,
1312 1425 1595 1478 epistolamque
1615 1441 1741 1465 meam
1757 1428 1845 1479 jus-

460 1493 590 1530 serunt
618 1492 700 1530 dari
730 1492 963 1530 Dolabellae.
1009 1491 1206 1529 Vestorius
1237 1491 1284 1528 ad
1314 1504 1377 1528 me
1408 1491 1572 1543 scripsit,
1603 1501 1647 1529 ut
1663 1492 1848 1543 juberem

458 1557 658 1610 mancipio
677 1556 759 1595 dari
779 1556 885 1595 servo
906 1557 988 1602 suc,
1009 1570 1082 1609 pro
1102 1569 1188 1594 mea
1207 1565 1330 1609 parte,
1361 1556 1550 1595 Hetereio
1569 1557 1727 1596 cuidam
1748 1557 1845 1596 fun-

456 1623 552 1662 dum
573 1622 860 1668 Brinnianum3
885 1631 928 1660 ut
949 1621 1029 1675 ipse
1049 1622 1085 1659 ei
1107 1621 1281 1660 Puteolis
1303 1623 1403 1659 reete
1424 1622 1625 1675 mancipio
1645 1622 1733 1661 dare
1753 1623 1844 1677 pos-

456 1688 524 1727 set.
557 1689 664 1726 Eum
683 1688 850 1733 servum,
869 1688 895 1726 fi
916 1688 990 1726 tibi
1013 1687 1228 1732 videbitur,
1245 1687 1292 1724 ad
1313 1701 1376 1725 me
1397 1687 1554 1733 mittes;
1575 1688 1716 1740 opinor
1735 1689 1844 1727 enim

454 1753 500 1790 ad
530 1761 567 1791 te
595 1753 714 1791 etiam
744 1752 926 1806 scripfiffe
947 1752 1185 1791 Vestorium.
1232 1753 1294 1790 De
1325 1751 1495 1790 adventu
1527 1752 1686 1791 Caesaris
1718 1753 1840 1799 idem,

456 1818 561 1870 quod
582 1832 602 1856 a
622 1827 674 1863 te,
705 1817 807 1856 mihi
828 1818 1018 1871 scriptum
1039 1817 1091 1855 est
1112 1818 1159 1856 ab
1182 1817 1318 1871 Oppio
1338 1826 1376 1856 et
1398 1818 1535 1856 Balbo.
1568 1818 1698 1857 Miror
1718 1828 1755 1857 te
1776 1820 1840 1857 ni-

454 1883 612 1921 hildum
632 1897 725 1921 cum
746 1884 938 1935 Tigellio,
969 1884 1029 1921 vel
1052 1893 1095 1921 ut
1124 1882 1200 1921 hoc
1231 1883 1373 1936 ipsum,
1405 1893 1598 1935 quantum
1617 1885 1810 1937 acceperit
1826 1900 1839 1924 ε

456 1948 609 2001 prorsus
630 1961 722 1986 aveo
743 1947 852 1993 scire,
885 1962 955 1986 nec
977 1958 1106 1986 tamen
1129 1947 1242 1985 flocci
1263 1947 1379 1985 facio.
1426 1950 1580 1999 Qaeris
1601 1949 1698 2001 quid
1727 1951 1841 2003 cogi-

457 2025 535 2052 tem
557 2014 604 2052 de
627 2014 784 2052 obviam
816 2015 964 2052 itione:
997 2013 1094 2066 quid
1123 2013 1269 2057 censes,
1301 2013 1370 2051 nisi
1401 2014 1587 2052 Allium?
1618 2025 1656 2052 et
1678 2016 1841 2068 quidem

454 2081 499 2118 ad
531 2080 743 2118 Murenam
772 2079 820 2118 de
847 2079 1020 2132 hospitio
1050 2078 1301 2131 scripseram5
1334 2078 1396 2117 sed
1425 2080 1566 2132 opinor
1585 2094 1679 2119 cum
1709 2081 1840 2121 Matio

456 2145 672 2198 profectum
693 2160 701 2183 :
735 2145 935 2184 Sallustius
957 2145 1079 2198 igitur
1099 2144 1318 2197 urgebitur.

509 2211 664 2263 Scripto
679 2211 760 2262 jam
783 2210 976 2263 superiore
996 2210 1198 2254 verficulo,
1222 2211 1320 2247 Eros
1342 2210 1442 2248 mihi
1464 2211 1581 2256 dixit,
1604 2211 1673 2249 fibi
1696 2212 1838 2251 Mure-

454 2288 542 2313 nam
566 2275 825 2313 liberalissime
847 2275 1092 2329 respondisse.
1140 2276 1200 2313 Eo
1230 2275 1351 2327 igitur
1381 2285 1564 2314 utamur:
1599 2290 1687 2314 nam
1718 2277 1837 2315 Silius

452 2340 635 2378 culcitras
668 2353 746 2377 non
781 2339 913 2379 habet.
962 2340 1067 2379 Dida
1094 2349 1240 2385 autem,
1271 2341 1425 2393 opinor,
1456 2341 1679 2394 hospitibus
1713 2351 1837 2381 totam

452 2404 586 2443 villam
608 2403 805 2443 concessit.
