2243 3008
486 334 566 386 428
845 329 1535 372 EPISTOLARUM

490 446 583 471 cum
605 431 674 470 ille
693 429 873 469 ediderit.
917 430 1002 482 Qi
1033 429 1192 468 tandem
1223 430 1441 467 convenit?
1473 443 1519 467 an
1543 428 1593 467 sic
1615 437 1659 468 ut
1686 428 1727 467 in
1749 438 1882 481 tyran-

490 512 589 537 num
609 499 698 550 jure
724 497 879 550 optimo
908 497 1083 535 caesum?
1115 495 1242 534 multa
1268 495 1464 540 dicentur,
1496 495 1623 533 multa
1649 495 1882 541 scribentur,

490 577 513 602 a
532 563 647 601 nobis
664 581 676 608 ;
709 562 772 600 sed
793 562 870 600 alio
890 561 1010 600 modo
1030 570 1069 599 et
1089 570 1281 613 tempore.
1314 561 1377 599 De
1397 560 1488 598 sella
1509 561 1667 599 Caesaris
1690 562 1788 599 bene
1809 562 1882 599 tri-

491 628 606 667 buni.
653 628 862 666 Praeclaros
895 627 1015 665 etiam
1048 640 1126 665 xiv
1155 626 1327 664 ordines.
1373 626 1544 664 Brutum
1565 626 1668 679 apud
1689 640 1753 666 me
1773 625 1885 665 fuisse

491 694 670 747 gaudeo,
702 693 823 733 modo
843 703 882 731 et
902 693 1072 731 libenter
1092 691 1228 738 fuerit,
1259 702 1298 731 et
1318 691 1373 730 sat
1392 691 1476 730 diu.

824 895 1068 935 CrczRo
1110 896 1370 934 ATTrco
1413 896 1545 935 SAL.

494 1024 570 1063 IV.
592 1023 670 1097 D
686 1024 720 1062 E
737 1024 804 1063 CI
821 1024 871 1062 M
886 1024 923 1062 O
957 1023 1125 1063 Kalend.
1159 1022 1256 1062 hora
1277 1036 1365 1062 vl11
1400 1022 1480 1064 fere
1510 1038 1533 1063 a
1558 1022 1754 1077 QFufio
1780 1022 1889 1061 venit

693 1090 949 1130 tabellarius:
981 1091 1112 1129 nescio
1143 1091 1241 1144 quid
1272 1090 1321 1128 ab
1354 1103 1401 1129 eo
1435 1091 1699 1135 literularum,
1732 1089 1790 1127 uti
1824 1102 1890 1127 me

492 1155 564 1194 fibi
598 1156 859 1202 restituerem,
887 1156 975 1194 sane
1008 1156 1166 1202 insulse,
1197 1166 1242 1194 ut
1273 1155 1398 1202 solet,
1438 1157 1508 1195 nifi
1540 1155 1657 1202 forte,
1689 1168 1775 1208 quae
1808 1168 1889 1193 non

491 1235 614 1268 ames,
644 1223 780 1261 omnia
798 1221 984 1261 videntur
1004 1222 1147 1261 insulse
1167 1221 1266 1261 fieri.
1311 1222 1451 1275 Scripsi
1474 1223 1541 1268 ita,
1574 1231 1617 1260 ut
1639 1231 1676 1260 te
1696 1220 1888 1274 probatu-

491 1302 581 1327 rum
602 1287 840 1327 existimem.
886 1287 998 1326 Mihi
1031 1287 1124 1327 duas
1157 1301 1179 1326 a
1201 1297 1240 1327 te
1260 1287 1439 1341 epistolas
1461 1287 1646 1333 reddidit,
1678 1300 1796 1325 unam
1820 1299 1885 1331 xi,

491 1355 654 1393 alteram
676 1367 720 1393 x.
766 1354 831 1392 Ad
861 1354 1121 1392 recentiorem
1150 1355 1275 1407 prius.
1322 1354 1376 1391 Et
1396 1353 1534 1405 legio?
1565 1367 1648 1391 rem
1669 1352 1800 1391 laudo.
1848 1352 1887 1390 Si

490 1433 585 1458 vero
612 1419 733 1457 etiam
765 1417 1020 1463 Carfulenus,
1049 1414 1117 1452 ἴινω
1147 1413 1319 1466 ποταμῶν.
1365 1417 1535 1456 Antonii
1566 1417 1727 1456 consilia
1757 1429 1886 1455 narras

491 1485 748 1524 turbulenta:
780 1492 898 1536 atque
920 1483 1072 1521 utinam
1093 1482 1226 1535 potius
1248 1495 1317 1534 per
1336 1483 1533 1535 populum
1553 1491 1656 1535 agat,
1678 1495 1797 1535 quam
1819 1495 1888 1535 per

491 1553 677 1590 Senatum
695 1568 707 1596 ς
739 1549 846 1601 quod
877 1548 1042 1601 quidem
1062 1548 1117 1585 ita
1135 1546 1267 1585 credo.
1315 1547 1387 1585 Sed
1408 1547 1510 1586 mihi
1533 1557 1664 1586 totum
1683 1548 1766 1600 ejus
1788 1561 1887 1586 con-

490 1618 621 1657 filium
642 1616 689 1655 ad
710 1614 863 1654 bellum
884 1606 1052 1667 spe&are
1071 1613 1242 1658 videtur,
1265 1613 1292 1651 fi
1313 1613 1476 1666 quidem
1499 1615 1553 1653 D.
1578 1615 1702 1652 Bruto
1723 1614 1887 1667 provin-

491 1684 552 1722 cia
571 1683 752 1736 eripitur.
800 1682 977 1733 Qoquo
998 1679 1118 1719 modo
1138 1693 1212 1732 ego
1233 1679 1280 1717 de
1300 1679 1408 1718 illius
1430 1681 1559 1719 nervis
1579 1680 1775 1726 existimo,
1807 1693 1888 1719 non

490 1749 646 1788 videtur
667 1747 751 1787 fieri
776 1746 881 1800 posse
901 1746 979 1785 fine
1000 1745 1134 1784 bello:
1168 1744 1233 1782 sed
1254 1758 1332 1784 non
1354 1746 1488 1799 cupio,
1520 1747 1709 1798 quoniam
1731 1755 1890 1784 cavetur

491 1814 730 1854 Buthrotiis.
776 1812 899 1851 Rides
919 1812 932 1850 ?
964 1813 1020 1850 At
1040 1825 1115 1864 ego
1134 1809 1264 1856 doleo,
1296 1824 1375 1849 non
1397 1825 1483 1850 mea
1503 1812 1635 1864 potius
1655 1810 1886 1857 assiduitate,

492 1881 714 1933 diligentia,
736 1880 874 1932 gratia,
905 1877 1056 1931 perfici.
1089 1876 1211 1929 Qod
1232 1876 1368 1915 scribis
1390 1886 1427 1915 te
1448 1877 1608 1922 nescire,
1631 1876 1727 1930 quid
1750 1876 1888 1915 nostris

493 1947 720 1987 faciendum
742 1945 815 1989 fit;
842 1945 927 1996 jam
956 1943 1110 1996 pridem
1143 1955 1206 1980 me
1238 1942 1307 1980 illa
1337 1939 1471 1988 Σαπφία-
1502 1943 1703 1981 sollicitat.
1750 1943 1888 1995 Itaque

492 2013 610 2052 stulta
624 2013 709 2064 jam
730 2010 876 2048 Iduum
898 2009 1136 2046 Martiarum
1163 2007 1216 2044 est
1248 2007 1490 2046 consolatio:
1524 2009 1666 2046 animis
1693 2008 1801 2046 enim
1832 2009 1887 2047 usl

495 2080 629 2119 fumus
650 2075 848 2120 virilibus,
869 2074 1058 2119 consiliis,
1081 2072 1182 2111 mihi
1203 2072 1331 2118 crede,
1355 2074 1573 2125 puerilibus
1592 2089 1601 2113 :
1634 2073 1760 2112 excisa
1780 2074 1889 2113 enim

493 2145 548 2185 est
568 2144 696 2189 arbor,
715 2155 793 2181 non
809 2140 959 2186 evulsa,
982 2140 1115 2192 itaque
1131 2152 1249 2192 quam
1267 2137 1491 2185 fruticetur,
1510 2140 1631 2179 vides.
1665 2139 1888 2178 Redeamus

495 2211 633 2265 igitur,
665 2208 854 2262 quoniam
889 2206 984 2260 saepe
1019 2205 1194 2258 usurpas,
1225 2205 1271 2242 ad
1307 2204 1551 2244 Tusculanas
1586 2205 1884 2258 disputationes.

495 2275 696 2315 Saufeium
720 2286 788 2326 per
807 2281 845 2311 te
866 2271 1067 2310 celemus:
1099 2284 1173 2323 ego
1195 2283 1398 2322 nunquam
1421 2270 1618 2309 indicabo.
1663 2270 1783 2322 Qod
1811 2280 1847 2309 te
1867 2285 1889 2309 a

495 2343 619 2381 Bruto
641 2340 804 2383 scribis;
839 2347 882 2376 ut
903 2337 1046 2376 certior
1067 2335 1190 2381 fieret,
1221 2349 1301 2388 quo
1322 2335 1383 2373 die
1413 2337 1453 2373 in
1476 2336 1750 2374 Tusculanum
1772 2336 1888 2375 effem

494 2416 704 2450 venturus;
729 2414 772 2442 ut
793 2404 839 2441 ad
863 2413 898 2441 te
918 2413 1006 2441 ante
1028 2402 1172 2455 scripsi,
1193 2416 1235 2440 vx
1257 2401 1345 2439 Kal.
1364 2410 1401 2438 et
1423 2402 1583 2453 quidem
1607 2402 1662 2439 ibi
1685 2412 1721 2440 te
1743 2416 1887 2456 quam-

497 2474 671 2527 primum
694 2469 892 2524 pervidere
909 2469 1044 2506 velim.
1069 2468 1172 2506 Puto
1191 2467 1298 2506 enim
1322 2468 1434 2505 nobis
1454 2468 1677 2506 Lanuvium
1694 2468 1886 2514 eundum,

495 2550 534 2579 et
555 2538 718 2592 quidem
741 2550 818 2574 non
842 2535 917 2573 sinc
940 2534 1069 2572 multo
1092 2534 1264 2572 sermone
1284 2549 1291 2571 :
1327 2533 1387 2571 sed
1411 2530 1549 2580 μελέα-4,
1598 2534 1732 2572 Redeo
1753 2534 1799 2572 ad
1823 2534 1884 2573 su..

497 2606 712 2659 periorem:
736 2616 782 2641 cx
804 2615 880 2655 qua
900 2611 1085 2656 praetereo
1106 2600 1173 2639 illa
1193 2601 1320 2654 prima
1339 2599 1386 2638 dc
1409 2599 1654 2647 Buthrotiis,
1679 2613 1764 2654 quae
1784 2600 1890 2640 mihi
