2243 3008
586 243 663 283 344
928 225 1615 266 EPISTOLARUM

581 324 752 369 Silianis,
783 323 810 362 fi
841 323 961 362 modo
986 321 1242 360 adduceretur
1262 330 1305 358 ut
1325 319 1532 359 venderet:
1566 320 1593 358 si
1614 320 1764 359 venales
1787 334 1864 360 non
1885 319 1957 360 ha-

580 389 703 434 beret,
735 388 933 427 tranfirem
953 387 999 425 ad
1022 386 1211 430 Drusum,
1242 385 1302 423 vel
1323 385 1436 430 tanti,
1467 386 1605 438 quanti
1630 386 1821 438 Egnatius
1843 386 1961 424 illum

580 453 681 492 velle
702 454 776 492 tibi
802 453 929 492 dixit:
962 465 1105 503 magno
1135 451 1253 488 etiam
1284 449 1511 501 adjumento
1543 451 1656 488 nobis
1688 451 1959 503 Hermogenes

580 518 706 572 potest
724 518 796 557 effe
817 519 856 556 in
879 514 1196 570 repraesentando.
1245 515 1298 551 At
1328 523 1371 551 tu
1398 514 1568 552 concede
1594 514 1710 560 mihi,
1741 516 1884 568 quaeso,
1917 524 1962 554 ut

579 599 627 623 eo
646 585 778 623 animo
798 584 883 628 fim,
914 595 994 635 quo
1014 581 1046 619 is
1067 580 1204 618 debeat
1223 577 1309 622 effe,
1341 579 1411 631 qui
1434 592 1561 617 emere
1581 581 1741 632 cupiat;
1772 590 1812 619 et
1833 591 1963 619 tamen

582 650 705 689 servio
725 651 778 688 ita
797 647 1004 701 cupiditati
1024 655 1062 684 et
1083 645 1209 683 dolori
1229 657 1333 688 meo,
1365 653 1408 682 ut
1439 657 1460 681 a
1486 653 1524 682 te
1544 645 1626 696 regi
1645 645 1779 685 velim.
1825 647 1961 699 Egna-

581 716 661 754 tius
681 715 783 753 mihi
803 713 964 766 scripsit.
1002 712 1039 750 Is
1060 711 1087 749 fi
1105 709 1204 763 quid
1225 720 1357 748 tecum
1376 709 1534 747 locutus
1554 711 1642 754 erit,
1676 711 1961 762 (commodiffi-

582 796 646 820 me
667 781 773 819 enim
793 793 861 832 per
881 792 972 817 eum
992 778 1055 829 agi
1083 775 1225 829 potest)
1258 775 1305 813 ad
1336 789 1400 814 me
1426 775 1598 820 scribes;
1629 785 1668 814 et
1698 773 1964 828 id'agendum

583 857 708 900 puto:
741 859 832 883 nam
861 858 954 883 cum
987 843 1083 881 Silio
1116 855 1194 880 non
1225 841 1338 879 video
1358 840 1500 879 confici
1522 840 1639 893 poffe.
1687 841 1796 880 Piliae
1827 850 1865 879 et
1885 843 1964 880 At-

584 913 671 950 ticae
691 910 868 949 salutem.
901 910 1000 949 Haec
1021 907 1068 946 ad
1089 917 1126 946 te
1146 920 1232 945 mea
1251 919 1384 945 manu.
1417 906 1533 952 Vide,
1555 906 1697 959 quaeso,
1728 905 1826 960 quid
1844 920 1964 960 agen-

582 976 680 1015 dum
708 976 767 1015 fit.

921 1178 1164 1216 CICERO
1205 1176 1460 1215 ATT1co
1497 1175 1626 1215 SAL.

583 1307 762 1346 XXXII.
787 1305 840 1378 P
857 1305 1158 1344 UBLILIA
1186 1303 1234 1342 ad
1264 1317 1328 1342 me
1357 1303 1520 1358 scripsit,
1551 1314 1716 1343 matrem
1746 1303 1852 1343 suam
1873 1316 1967 1342 cum

866 1370 1042 1409 Publilio
1061 1369 1188 1422 loqui,
1219 1381 1304 1407 eam
1324 1369 1372 1407 ad
1391 1383 1454 1408 me
1474 1383 1567 1409 cum
1587 1369 1659 1408 illo
1679 1379 1898 1415 venturam,
1928 1378 1967 1407 et

585 1437 622 1475 se
651 1451 741 1482 una,
773 1436 799 1474 fi
829 1449 902 1489 ego
931 1444 1106 1488 paterer:
1139 1443 1223 1472 orat
1243 1433 1390 1472 multis
1418 1444 1458 1472 et
1487 1426 1731 1487 supplicibus
1762 1434 1888 1473 verbis
1924 1443 1969 1472 ut

584 1503 714 1547 liceat,
745 1512 783 1540 et
805 1511 848 1540 ut
869 1501 938 1539 fibi
959 1499 1182 1538 rescribam.
1214 1498 1293 1536 Res
1315 1511 1433 1550 quam
1454 1499 1614 1537 molesta
1634 1498 1693 1543 fit,
1724 1499 1847 1539 vides.
1885 1499 1968 1537 Re-

584 1568 729 1621 scripfi,
760 1581 824 1605 me
852 1567 975 1604 etiam·
1000 1565 1154 1617 gravius
1181 1563 1254 1602 effe
1280 1563 1479 1609 affectum,
1510 1577 1630 1617 quam
1651 1573 1752 1609 tum,
1783 1578 1877 1604 cum
1908 1564 1970 1603 illi

584 1633 778 1678 dixiss‘em,
809 1645 873 1671 me
904 1631 1032 1670 solum
1058 1629 1132 1668 effe
1161 1629 1290 1674 velle;
1321 1643 1439 1682 quare
1467 1629 1574 1668 nolle
1604 1643 1667 1668 me
1696 1629 1773 1669 hoc
1794 1640 1971 1683 tempore

584 1712 669 1737 eam
690 1698 736 1736 ad
756 1711 820 1736 me
840 1697 984 1736 venire.
1026 1695 1233 1740 Putabam,
1266 1694 1291 1732 s1
1312 1694 1414 1733 nihil
1436 1694 1717 1748 rescripfiffem,
1748 1695 1858 1734 illam
1877 1709 1971 1735 cum

584 1774 708 1804 matre
728 1773 955 1802 venturam:
988 1775 1094 1800 nunc
1116 1775 1194 1799 non
1216 1770 1328 1814 puto.
1360 1761 1585 1814 Apparebat
1604 1761 1711 1799 enim
1733 1761 1818 1800 illas
1840 1762 1969 1800 literas

587 1844 666 1869 non
687 1829 759 1868 esse
780 1828 912 1882 ipsius.
955 1827 1061 1866 Illud
1081 1836 1228 1871 autem,
1259 1825 1366 1878 quod
1387 1825 1469 1864 fore
1489 1826 1616 1871 video,
1648 1826 1777 1879 ipsum
1798 1826 1887 1864 volo
1908 1827 1969 1864 vi-

587 1905 680 1941 tare,
712 1909 760 1933 ne
780 1895 857 1932 illa:
876 1894 923 1932 ad
943 1907 1006 1931 me
1026 1893 1206 1937 veniant;
1238 1901 1276 1930 et
1298 1905 1374 1930 una
1392 1892 1445 1930 est
1467 1892 1617 1937 vitatio,
1639 1901 1682 1930 ut
1703 1906 1776 1945 ego
1796 1893 1968 1931 nollem:

588 1962 651 2000 sed
673 1960 817 1999 necesse
836 1959 903 1998 est.
949 1961 1011 1998 Te
1032 1958 1108 1997 hoc
1130 1971 1235 1996 nunc
1256 1971 1351 2010 rogo
1373 1967 1415 1996 ut
1435 1958 1628 2011 explores»,
1659 1957 1706 1996 ad
1726 1972 1844 2012 quam
1865 1959 1971 1998 diem

586 2026 654 2066 hic
674 2027 729 2065 ita
746 2025 885 2080 poffim
905 2024 992 2069 effe,
1024 2033 1067 2062 ut
1088 2037 1136 2061 ne
1156 2023 1368 2076 opprimar.
1414 2025 1535 2075 Ages,
1568 2033 1610 2062 ut
1636 2023 1786 2069 scribis,
1818 2035 1970 2078 tempe-

588 2102 682 2132 rate.
714 2090 897 2130 Ciceroni
917 2090 1036 2129 velim
1057 2089 1132 2128 hoc
1154 2102 1362 2141 proponaS,
1395 2089 1445 2127 ita
1469 2099 1612 2134 tamen,
1644 2090 1670 2128 si
1697 2090 1768 2127 tibi
1792 2104 1868 2128 non
1891 2091 1970 2129 ini-

588 2171 715 2211 quum
734 2156 946 2201 videbitur,
977 2165 1019 2194 ut
1045 2154 1222 2207 sumptus
1244 2153 1362 2206 hujus
1385 2155 1721 2207 peregrinationis,
1752 2156 1912 2208 quibus,
1945 2155 1970 2194 sl

590 2225 728 2263 Romae
762 2222 866 2267 ess‘et,
897 2221 1141 2273 domumque
1175 2220 1426 2263 conduceret,
1457 2221 1564 2273 quod
1599 2219 1723 2258 facere
1756 2222 1969 2274 cogitabat,

590 2290 705 2328 facile
724 2298 933 2328 contentus
954 2287 1111 2326 futurus
1139 2296 1234 2331 erat,
1262 2286 1533 2324 accommodet
1563 2286 1609 2324 ad
1631 2287 1826 2325 mercedes
1850 2288 1970 2339 Argi-

590 2355 659 2393 leti
688 2363 727 2393 et
757 2353 972 2392 Aventini:
1005 2362 1043 2391 et
1072 2366 1164 2390 cum
1197 2351 1232 2389 ei
1267 2351 1526 2405 proposueriS,
1560 2351 1637 2404 ipsc
1669 2352 1787 2390 velim
1825 2353 1973 2405 reliqua

590 2420 804 2464 moderere,
835 2417 1169 2472 quemadmodum
1198 2431 1245 2456 ex
1277 2418 1323 2456 iis
1353 2417 1598 2455 mercedibus
1625 2417 1916 2469 suppeditemus
1937 2418 1972 2456 ci

589 2485 697 2540 quod
726 2499 824 2540 opus
855 2485 914 2525 sit.
961 2483 1166 2529 Praestabo,
1198 2496 1269 2522 nec
1300 2484 1505 2530 Bibulum,
1538 2497 1608 2523 nec
1637 2484 1870 2529 Acidinum,
1902 2497 1971 2522 nce
