2243 3008
451 204 530 243 290
801 188 1489 230 EPISTOLARUM

453 288 664 327 videretur.
708 286 839 338 Qare
865 287 906 325 in
934 287 1011 327 hoc
1032 301 1112 327 non
1132 287 1308 327 multum
1327 288 1395 328 est.
1440 287 1529 327 Nos
1548 299 1571 326 a
1589 295 1627 326 te
1646 285 1840 326 admoniti

455 353 502 390 de
525 353 648 391 Caelio
667 352 949 405 cogitabimus.

796 553 1038 590 Clcnko
1079 551 1335 590 Armco
1376 551 1507 590 SAL.

461 678 555 718 XV.
581 679 628 751 S
644 680 678 718 E
693 679 768 717 RV
782 679 799 717 1
813 679 851 716 U
866 679 888 716 S
919 691 1012 716 cum
1033 676 1123 715 effet
1143 677 1246 730 apud
1266 690 1344 722 me,
1368 677 1561 731 Cephalio
1580 690 1673 716 cum
1694 678 1772 718 tuis
1791 679 1844 717 li-

660 745 750 782 teris
774 757 816 782 vi
841 743 901 782 Id.
924 743 1033 781 venit
1048 761 1060 788 ς
1092 756 1179 795 quae
1208 743 1323 782 nobis
1352 757 1536 797 magnam
1566 744 1674 797 spem
1701 745 1846 782 attule-

462 819 554 849 runt
574 810 785 848 meliorum
806 822 936 846 rerum
957 808 1004 846 de
1023 809 1111 846 osto
1130 808 1363 848 cohortibus
1381 824 1391 847 ε
1418 809 1572 848 etenim
1592 808 1652 848 hae
1673 821 1847 862 quoque,

462 888 549 927 quae
569 874 609 912 in
631 873 693 911 his
715 873 812 910 locis
834 872 937 918 sunt,
969 872 1096 910 labare
1127 872 1329 912 dicuntur.
1376 873 1530 912 Eodem
1554 873 1616 911 die
1638 872 1848 912 Funisula-

464 953 536 978 nus
558 953 578 976 a
599 948 636 976 te
655 937 789 976 attulit
809 938 954 983 literas,
985 939 1026 976 in
1047 938 1192 990 quibus
1213 948 1294 976 erat
1312 937 1583 977 confirmatius
1605 938 1710 976 idem
1731 937 1848 977 illud.

464 1005 514 1043 Ei
546 1004 592 1042 de
623 1003 691 1042 suo
718 1003 879 1056 negotio
908 1003 1089 1056 respondi
1115 1004 1330 1049 cumulate,
1361 1017 1455 1043 curn
1475 1005 1587 1043 omni
1613 1013 1679 1042 tua
1698 1004 1847 1056 gratia:

463 1069 591 1107 adhuc
612 1082 691 1107 non
713 1067 999 1107 satisfaciebat:
1032 1068 1148 1107 debet
1177 1078 1309 1107 autem
1338 1069 1440 1108 mihi
1469 1069 1618 1108 multos
1648 1082 1851 1114 nummos,

464 1147 536 1172 nec
565 1133 732 1172 habetur
763 1134 956 1187 locuples.
1002 1134 1125 1172 Nunc
1154 1135 1208 1172 ait
1236 1134 1273 1172 se
1302 1134 1515 1173 daturum:
1551 1135 1616 1173 cui
1637 1134 1853 1186 expensum

464 1200 616 1245 tulerit,
647 1199 817 1238 morari:
850 1199 1077 1245 tabellariis,
1109 1199 1135 1238 fi
1164 1199 1267 1252 apud
1289 1209 1326 1238 te
1346 1199 1452 1245 effet,
1482 1213 1577 1238 cum
1596 1199 1850 1244 satisfecisset,

465 1265 587 1304 dares.
620 1266 828 1318 Qantum
849 1265 909 1311 fit,
941 1265 1040 1304 Eros
1062 1264 1273 1305 Philotimi
1293 1266 1369 1304 tibi
1389 1265 1508 1304 dicet.
1548 1265 1619 1304 Sed
1639 1265 1687 1303 ad
1706 1266 1854 1317 majora

467 1331 683 1370 redeamus.
729 1330 851 1382 Qod
884 1339 994 1383 optas
1030 1331 1251 1370 Caelianum
1282 1331 1398 1376 illud,
1429 1330 1669 1369 maturescit.
1716 1331 1854 1383 Itaque

467 1405 668 1448 torqueor,
700 1404 834 1434 utrum
855 1405 1019 1433 ventum
1039 1397 1255 1448 expectem.
1292 1395 1453 1434 Vexillo
1473 1408 1572 1448 opus
1592 1395 1646 1433 est
1664 1410 1672 1433 :
1705 1408 1854 1433 convo-

466 1461 621 1499 labunt.
668 1460 788 1512 Qod
821 1459 951 1498 suades
973 1470 1016 1498 ut
1038 1461 1193 1513 palam;
1226 1461 1380 1513 prorsus
1401 1460 1605 1498 affentior:
1639 1462 1771 1512 itaque
1793 1474 1856 1498 me

469 1525 737 1579 profecturum
759 1535 871 1578 puto.
904 1527 1012 1563 Tuas
1034 1534 1164 1563 tamen
1186 1525 1346 1564 interim
1365 1525 1496 1563 literas
1516 1527 1694 1577 expecto.
1736 1525 1859 1563 Servii

469 1591 632 1630 confilio
652 1589 754 1628 nihil
773 1589 994 1642 expeditur.
1042 1590 1194 1628 Omnes
1223 1590 1423 1643 captiones
1455 1590 1496 1628 in
1529 1589 1640 1628 omni
1670 1589 1861 1628 sententia

469 1665 697 1695 occurrunt.
746 1656 883 1693 Unum
919 1655 968 1693 C.
1004 1655 1198 1693 Marcello
1229 1656 1400 1708 cognovi
1434 1655 1704 1700 timidiorem;
1738 1669 1858 1707 quem

471 1721 686 1760 Consulem
713 1720 824 1759 fuisse
857 1721 1036 1773 poenitct.
1076 1711 1121 1756 λΩ
1140 1716 1246 1762 πολλῆς
1263 1715 1441 1766 ἁνννεὶοιςέ
1475 1721 1544 1772 qui
1574 1722 1692 1759 etiam
1724 1722 1857 1759 Anto-

472 1788 583 1826 nium
603 1785 845 1825 confirmasse
866 1786 1025 1831 dicitur,
1058 1796 1102 1825 ut
1131 1800 1194 1824 me
1225 1786 1461 1839 impediret;
1493 1799 1574 1838 quo
1601 1786 1694 1838 ipse,
1726 1785 1857 1830 credo,

472 1851 686 1891 honestius.
733 1851 932 1889 Antonius
954 1861 1085 1889 autem
1109 1865 1151 1889 vi
1177 1850 1236 1890 Id.
1265 1851 1443 1903 Capuam
1474 1849 1670 1902 profestus
1700 1850 1779 1888 est:
1812 1850 1860 1887 ad

473 1930 537 1954 me
558 1915 676 1960 misit,
709 1914 744 1952 se
775 1914 921 1967 pudore
951 1915 1182 1953 deterritum
1211 1914 1258 1953 ad
1288 1928 1352 1953 me
1383 1928 1461 1953 non
1482 1914 1637 1960 veniffe,
1669 1915 1774 1967 quod
1796 1928 1860 1952 me

474 1981 544 2020 fibi
566 1980 786 2019 succensere
807 1989 973 2032 putaret.
1008 1981 1136 2018 Ibitur
1157 1981 1293 2032 igitur,
1315 1989 1354 2018 et
1374 1981 1427 2018 ita
1447 1980 1624 2033 quidem,
1643 1990 1686 2018 ut
1707 1980 1858 2026 censes;

476 2046 544 2084 nisi
566 2046 679 2097 cujus
700 2045 886 2097 gravioris
908 2045 1077 2097 persona:
1100 2044 1348 2097 suscipienda:
1379 2044 1461 2097 spes
1491 2045 1564 2083 erit
1594 2055 1681 2083 ante
1701 2046 1859 2083 oblata:

476 2111 538 2150 sed
560 2111 625 2149 vix
645 2111 718 2153 erit
740 2119 819 2148 tarn
840 2109 936 2149 cito.
968 2110 1151 2148 Allienus
1173 2120 1303 2148 nutem
1327 2110 1473 2148 Praetor
1488 2110 1649 2162 putabat
1671 2110 1859 2163 aliquem,

477 2177 501 2216 si
533 2190 606 2228 ego
635 2189 730 2221 non,
760 2189 807 2214 ex
837 2176 1001 2228 collegis
1030 2176 1133 2214 suis:
1166 2177 1295 2228 quivis
1324 2176 1432 2219 licet,
1463 2175 1682 2214 dummodo
1703 2175 1859 2228 aliquis.

476 2244 538 2281 De
561 2243 684 2280 sorore
705 2241 834 2280 laudo.
870 2242 930 2280 Dc
948 2242 1102 2293 Qinto
1125 2255 1244 2294 puero
1265 2241 1376 2280 datur
1396 2254 1532 2294 opera:
1559 2241 1666 2293 spero
1681 2240 1753 2279 effe
1775 2255 1860 2279 me-

478 2309 587 2346 liora.
628 2307 687 2344 De
709 2308 864 2357 Qinto
886 2307 1002 2346 fratre
1024 2307 1120 2346 scito
1140 2322 1230 2345 cum
1255 2321 1330 2345 non
1354 2307 1603 2345 mediocriter
1626 2306 1795 2345 laborare
1816 2307 1863 2345 de

480 2372 617 2411 usura:
652 2371 713 2409 sed
733 2371 860 2409 adhuc
884 2372 983 2410 nihil
1006 2386 1026 2410 a
1050 2374 1096 2411 L.
1122 2374 1292 2424 Egnatio
1317 2371 1509 2425 expressit.
1559 2372 1683 2409 Axius
1715 2372 1761 2410 de
1794 2385 1859 2411 x11

476 2438 657 2477 millibus
679 2436 826 2490 pudens
847 2452 855 2476 :
890 2437 983 2491 (τι-ρο
1004 2439 1109 2477 enim
1133 2437 1344 2491 adscripsit,
1377 2447 1419 2475 ut
1442 2438 1590 2483 Gallio,
1618 2447 1810 2490 quantum
1832 2438 1863 2476 is
