2243 3008
1065 229 1294 290 [424]

725 509 1648 559 EPISTOLARUM

619 714 813 773 AD
929 710 1753 773 ATTICUM

474 781 528 827 0

957 931 1239 971 LIBER
1310 931 1413 986 xv,

831 1129 1076 1168 Cxcnno
1116 1128 1374 1167 Ara-reo
1415 1127 1547 1167 sm..

490 1259 526 1298 1.
692 1237 830 1295 FAc
851 1256 890 1295 T
912 1256 1024 1295 UM
1064 1257 1167 1295 male
1199 1256 1248 1295 de
1281 1255 1502 1295 Alexione!
1543 1255 1782 1295 Incredibile
1812 1255 1880 1302 est,

688 1330 835 1376 quanta
864 1335 929 1361 me
959 1322 1137 1361 molestia
1166 1321 1367 1367 affecerit,
1400 1335 1471 1361 nec
1502 1321 1728 1361 mehercule
1758 1335 1807 1361 ex
1840 1335 1884 1360 ea

490 1398 600 1444 parte
633 1389 822 1434 maxime,
852 1387 961 1441 quod
994 1388 1174 1440 plerique
1204 1400 1392 1426 mecum:
1436 1387 1500 1425 Ad
1535 1401 1654 1440 quem
1688 1388 1812 1441 igitur
1845 1397 1884 1427 te

491 1455 694 1494 medicum
715 1453 892 1492 conferes
911 1454 925 1491 ?
957 1453 1068 1505 Qid
1089 1452 1191 1491 mihi
1205 1454 1291 1505 jam
1311 1453 1467 1492 medico
1486 1455 1499 1491 ?
1531 1463 1597 1491 aut
1627 1453 1653 1491 fi
1685 1467 1785 1506 opus
1814 1452 1883 1499 est,

490 1529 601 1559 tanta
632 1520 768 1572 inopia
800 1518 885 1556 est?
917 1520 1110 1556 Amorem
1142 1531 1232 1570 erga
1265 1531 1343 1563 me,
1381 1517 1685 1564 humanitatem,
1717 1518 1884 1557 suavita-

492 1595 669 1638 temque,
700 1583 887 1622 defidero.
919 1584 1054 1622 Etiam
1075 1583 1201 1621 illud:
1234 1583 1332 1636 quid
1352 1582 1420 1629 est,
1451 1583 1559 1636 quod
1579 1597 1658 1622 non
1680 1583 1889 1637 pertimes-

491 1651 664 1690 cendum
685 1650 758 1696 fit,
781 1663 875 1688 cum
895 1649 1103 1688 hominem
1124 1658 1423 1702 temperantem,
1446 1649 1646 1688 summum
1668 1650 1886 1695 medicum,

492 1726 625 1755 tantus
646 1715 860 1768 improviso
881 1714 1043 1754 morbus
1064 1714 1324 1768 oppresserit?
1357 1715 1431 1753 Sed
1461 1715 1508 1753 ad
1537 1714 1620 1754 haec
1651 1715 1785 1754 omnia
1811 1728 1889 1753 una

492 1781 709 1821 consolatio
729 1781 797 1826 est,
828 1780 936 1833 quod
956 1793 999 1818 ea
1018 1780 1248 1819 conditione
1270 1780 1351 1818 nati
1384 1779 1532 1826 sumus,
1563 1790 1608 1818 ut
1632 1779 1749 1825 nihil,
1780 1779 1887 1832 quod

492 1847 650 1887 homini
671 1847 845 1886 accidere
867 1846 995 1900 poffit,
1028 1847 1199 1885 recusare
1226 1847 1452 1885 debeamus.
1501 1847 1561 1885 De
1583 1848 1777 1894 Antonio,
1802 1847 1887 1899 jam

492 1923 605 1953 antea
625 1913 699 1951 tibi
721 1913 865 1965 scripsi,
898 1925 977 1950 non
999 1912 1070 1950 effe
1090 1926 1181 1951 eum
1203 1926 1224 1950 a
1245 1926 1307 1950 me
1328 1922 1584 1951 conventum.
1627 1898 1888 1950 Venit*enim

493 1979 715 2023 Misenum,
745 1991 840 2015 cum
869 1991 943 2029 ego
969 1977 1084 2016 effem
1106 1979 1146 2015 in
1169 1978 1436 2029 Pompeiano:
1470 1977 1560 2015 inde
1581 1986 1669 2015 ante
1689 1976 1886 2030 profectus

491 2044 562 2089 est,
594 2057 714 2096 quam
746 2055 819 2094 ego
850 2055 941 2080 eum
970 2041 1110 2080 venisse
1141 2042 1326 2093 cognovi.
1374 2042 1446 2079 Sed
1467 2041 1570 2087 casu,
1601 2056 1694 2080 cum
1717 2043 1889 2095 legerem

495 2119 580 2147 tuas
611 2109 757 2153 literas,
791 2107 949 2145 Hirtius
980 2116 1060 2145 erat
1089 2107 1192 2159 apud
1223 2120 1286 2144 me
1316 2107 1356 2144 in
1390 2107 1632 2145 Puteolano:
1665 2109 1699 2146 ei
1726 2108 1818 2160 legi,
1849 2117 1889 2146 et

492 2175 585 2226 egi:
628 2173 803 2226 primum
838 2171 944 2224 quod
979 2172 1135 2216 attinet,
1168 2170 1270 2209 nihil
1305 2171 1407 2209 mihi
1441 2172 1708 2210 concedebat:
1748 2173 1889 2210 deinde

494 2240 542 2278 ad
575 2239 784 2282 summam,
815 2237 1009 2276 arbitrum
1039 2251 1102 2276 me
1130 2237 1319 2275 statuebat
1341 2251 1419 2275 non
1442 2238 1561 2275 modo
1582 2237 1700 2290 hujus
1724 2239 1791 2282 rei,
1825 2238 1887 2275 scd

495 2305 619 2343 totius
643 2303 880 2342 Consulatus
903 2303 974 2342 sui.
998 2303 1103 2342 Cum
1122 2303 1299 2341 Antonio
1321 2312 1451 2341 autem
1474 2303 1522 2341 lic
1544 2317 1719 2355 agemuS,
1739 2314 1781 2341 ut
1800 2317 1888 2356 pcr-

495 2370 647 2423 spiciat,
680 2369 704 2407 si
728 2369 767 2406 in
789 2382 835 2406 eo
857 2369 1016 2421 negotio
1038 2369 1152 2407 nobis
1179 2367 1421 2413 satisfecerit,
1454 2378 1582 2407 totum
1615 2383 1678 2407 mc
1707 2367 1888 2407 futurum

496 2435 625 2473 suum.
660 2433 909 2472 Dolabellam
935 2433 1042 2486 spero
1063 2435 1171 2472 domi
1193 2434 1279 2473 effe.
1323 2434 1542 2472 Redeamus
1565 2431 1610 2471 ad
1633 2428 1780 2472 n'ostros
1800 2453 1809 2478 ;
1842 2433 1889 2471 de

494 2500 642 2554 quibus
666 2510 707 2540 tu
740 2500 882 2539 bonam
912 2499 1019 2554 spem
1051 2509 1088 2540 te
1115 2500 1306 2554 significas
1329 2499 1470 2539 habere
1491 2510 1650 2554 propter
1670 2500 1889 2538 edictorum
