2243 3008
529 264 640 306 AD
695 259 1130 304 ATTICUM
1199 265 1345 308 LIB.
1393 268 1494 311 xv,
1626 285 1704 327 431

652 496 897 535 CICERO
939 497 1197 537 ATT1co
1239 498 1371 549 841..

319 627 395 667 VI.
418 623 487 700 C
505 624 612 665 UM
653 624 701 664 ad
731 637 796 663 me
830 625 976 664 Brutus
1010 624 1138 663 noster
1167 625 1370 679 scripfiffet
1401 638 1440 668 et
1470 630 1633 679 Canius,
1664 645 1711 675 ut

519 691 720 737 Hirtium,
751 703 871 744 quem
891 690 1020 729 adhuc
1041 691 1193 730 bonum
1218 691 1331 732 fuiffe
1362 694 1550 743 sciebant,
1581 711 1712 752 neque

315 773 411 800 eum
447 757 702 798 confidebant
738 756 838 803 fore,
886 771 973 796 mea
1010 759 1239 797 auetoritate
1277 760 1484 801 meliorem
1520 763 1708 812 facerem,

320 827 520 880 (Antonio
540 824 594 864 est
613 825 721 863 enim
742 822 896 862 fortaffe
914 824 1064 870 iratior,
1095 825 1216 863 causae
1236 839 1328 865 vero
1347 829 1619 881 amiciffimus)
1647 841 1710 870 ta·

316 906 409 931 men
429 892 476 930 ad
496 904 588 930 eum
608 889 754 943 scripfi,
776 889 892 942 elque
911 890 1146 943 dignitatem
1168 893 1280 930 Bruti
1301 902 1341 931 et
1362 895 1478 933 Caffii
1499 909 1708 936 commen-

315 958 420 996 davi.
466 957 541 996 Ille
560 956 658 1010 quid
678 954 781 994 mihi
801 956 1058 1009 rescripfiffet‚
1089 957 1186 996 scire
1205 967 1244 996 te
1263 959 1372 998 volui
1387 980 1400 1006 5
1432 961 1459 999 fi
1480 960 1582 1005 forte
1602 963 1711 1002 idem

315 1033 376 1069 tu,
407 1023 515 1076 quod
546 1037 635 1076 ego,
664 1023 918 1069 existimares,
948 1023 1039 1062 istos
1070 1025 1190 1063 etiam
1222 1039 1329 1065 nunc
1360 1028 1497 1074 vereri,
1528 1042 1577 1068 ne
1605 1028 1712 1069 forte

315 1088 390 1143 ipfi
409 1089 529 1129 nostri
548 1089 640 1144 plus
659 1088 783 1129 animi
801 1086 988 1135 habeant,
1017 1103 1138 1143 quam
1158 1089 1323 1131 habent.

564 1289 843 1329 H1RT1us
889 1290 1197 1329 CICERONI
1246 1304 1365 1340 suo,
1417 1294 1458 1333 S.

405 1417 531 1456 URE
548 1415 632 1467 jam
651 1415 831 1462 redierim,
862 1415 995 1469 quaeris
1010 1433 1023 1460 ς
1053 1430 1101 1455 an
1120 1431 1196 1470 ego,
1226 1432 1306 1457 cum
1325 1433 1439 1460 omnes
1458 1422 1614 1468 caleant,
1645 1424 1707 1477 tg-

420 1483 570 1522 naviter
588 1482 728 1534 aliquid
727 1482 888 1533 faciam.
935 1481 1065 1521 Etiam
1085 1497 1129 1520 ex
1148 1483 1235 1522 urbe
1238 1485 1326 1536 stim
1338 1488 1525 1540 prcfi’cflus
1540 1506 1552 1533 ³
1583 1490 1708 1529 utilius

315 1550 406 1589 enim
424 1547 549 1600 statui
573 1545 693 1598 abeffi’.
740 1548 824 1585 Has
855 1545 926 1584 tibi
951 1546 1079 1584 literas
1098 1548 1214 1587 exiens
1243 1549 1280 1586 in
1308 1548 1547 1603 Tusculanum
1558 1555 1706 1608 stripst.

315 1615 409 1655 Noli
435 1623 555 1652 autem
574 1626 627 1650 me
644 1620 720 1650 tam
729 1611 918 1665 strenuum
935 1620 1087 1664 putare,
1118 1622 1160 1651 ut
1178 1614 1232 1653 ad
1251 1616 1380 1656 Nonas
1397 1631 1585 1657 recurram
1601 1636 1615 1658 .·
1646 1621 1706 1659 ni-

313 1680 370 1720 hil
396 1679 486 1718 enim
501 1679 583 1730 jam
611 1677 713 1716 video
742 1687 826 1731 opus
851 1676 912 1730 effi’
942 1677 1060 1729 nostra
1091 1692 1209 1725 cur-05
1241 1681 1404 1733 quoniam
1424 1683 1595 1736 praestdia
1608 1687 1709 1739 sunt

314 1747 353 1786 in
383 1755 437 1785 tot
469 1759 578 1784 annos
603 1744 768 1798 provistz.
815 1745 959 1784 Brutus
981 1754 1016 1783 et
1040 1745 1175 1796 Caffius
1193 1748 1345 1794 utinam,
1377 1763 1483 1802 quam
1489 1751 1610 1802 facile
1627 1767 1650 1791 a
1670 1761 1708 1791 te

312 1811 355 1851 de
381 1825 434 1850 me
465 1811 661 1863 impetrare
683 1808 841 1864 poffient‚
871 1810 927 1848 ita
952 1820 1025 1863 per
1056 1820 1092 1849 te
1124 1821 1330 1858 exorentur,
1361 1828 1405 1853 ne
1437 1816 1532 1868 quod
1559 1817 1706 1857 calidius

312 1878 438 1916 ineant
467 1876 656 1928 confilium.
705 1875 876 1915 Cedentes
899 1877 989 1915 enim
1009 1877 1086 1917 haec
1104 1877 1338 1932 aisscripstffe
1352 1895 1366 1918 .·
1397 1895 1462 1933 quo
1477 1882 1498 1920 ἓ
1526 1892 1592 1921 aut
1612 1898 1707 1936 qua-

312 1958 355 1982 re
372 1944 392 1982 ἓ
422 1943 566 1988 Retine‚
597 1942 731 1996 obficro
758 1952 808 1988 te,
841 1943 978 1989 Cicero,
1009 1944 1109 1989 illos;
1140 1954 1176 1983 et
1196 1946 1269 1983 noli
1269 1946 1392 1997 stnere
1412 1947 1488 1986 haec
1507 1949 1622 1987 onmia
1634 1959 1705 2003 pe-

314 2010 404 2055 rire,
435 2024 516 2064 quae
519 2008 698 2062 funditus
717 2009 948 2061 mediusfidius
967 2010 1120 2064 rapinis,
1151 2012 1331 2058 incendiis,
1355 2013 1520 2060 caedibus,
1544 2025 1705 2068 perver-

313 2083 461 2114 tuntur.
484 2075 525 2114 T
517 2085 657 2119 amum,
663 2075 707 2125 st
722 2075 810 2127 quid
825 2076 966 2121 timent,
983 2085 1168 2116 caveant:
1189 2077 1284 2116 nihil
1291 2087 1477 2131 praeterea
1496 2081 1707 2121 moliantur.

313 2143 401 2181 Non
430 2141 664 2192 mediusfidius
695 2142 878 2180 acerrimis
908 2143 1053 2194 corfilit}
1076 2144 1175 2197 plus,
1206 2159 1311 2197 quam
1340 2146 1449 2184 etiam
1479 2146 1704 2197 inertgffimis,

314 2206 398 2246 dum
417 2207 512 2246 modo
530 2206 771 2260 diligentibus,
802 2209 1068 2261 corfi’quentur.
1114 2211 1210 2249 Haec
1236 2211 1339 2255 enim,
1370 2224 1451 2263 quae
1467 2211 1610 2265 fluunt,
1634 2222 1708 2266 per

299 2274 346 2326 ſs
375 2272 550 2312 diuturna
569 2287 637 2312 non
644 2273 739 2326 sunt
752 2291 764 2317 5
796 2274 833 2312 in
853 2276 1074 2314 contentione
1085 2277 1280 2328 praeſs’ntes
1299 2274 1351 2314 ad
1365 2276 1553 2315 nocendum
1572 2277 1708 2318 habent

315 2338 429 2377 vires.
474 2340 575 2392 Qid
575 2342 703 2393 speres
721 2341 763 2380 de
782 2341 865 2387 illis,
895 2342 932 2380 in
955 2340 1192 2395 ‘Tusculanum
1212 2342 1263 2380 ad
1278 2356 1331 2381 me
1336 2342 1474 2394 scribe.

370 2404 505 2443 Habes
527 2406 654 2444 Hirtii
674 2407 877 2459 epistolam
898 2423 906 2446 :
940 2410 1004 2446 cui
1027 2407 1213 2460 rescripfi,
1245 2409 1304 2446 nil
1334 2409 1424 2447 illos
1445 2408 1611 2448 calidius
1632 2424 1704 2449 co-

312 2470 452 2524 gitare,
483 2470 603 2524 idque
623 2472 869 2514 confirmavi.
914 2474 1006 2514 Hoc
1028 2475 1301 2529 qualecunque
1321 2474 1427 2522 effet,
1457 2484 1496 2515 te
1516 2475 1611 2515 scire
1630 2490 1707 2517 vo-
