2243 3008
576 341 684 382 AD
742 339 1174 379 ATTICUM
1242 340 1385 382 LIB.
1436 344 1530 384 xv.
1668 359 1750 401 427

360 441 440 495 ipse
460 440 622 494 quidem
643 439 684 478 id
714 439 798 478 fieri
827 439 930 493 poffe
951 439 1117 478 confidit
1135 455 1144 478 :
1177 441 1310 493 itaque
1329 441 1403 479 alia
1423 442 1584 494 cogitat.
1629 444 1750 496 Qod

360 507 486 559 prima
506 505 719 558 disputatio
739 506 965 544 Tusculana
985 514 1022 544 te
1043 505 1266 551 confirmat,
1297 505 1384 544 sane
1412 507 1590 558 gaudeo;
1622 522 1749 561 neque

359 572 466 613 enim
489 571 618 609 ullum
638 571 692 609 est
711 570 940 624 perfugium
961 580 1027 610 aut
1054 571 1211 616 melius,
1244 581 1310 609 aut
1338 572 1524 623 paratius.
1570 573 1750 610 Flamma

358 637 467 690 quod
489 637 587 675 bene
608 637 801 689 loquitur,
828 650 908 675 non
928 636 1089 674 moleste
1109 635 1206 674 fero.
1239 636 1602 688 Tyndaritanorum
1624 638 1748 681 causa,

359 702 407 740 de
428 716 505 755 qua
534 712 614 741 tam
642 703 807 748 laboras,
839 716 924 755 quae
955 702 1002 740 fit
1033 702 1187 754 ignoro.
1234 702 1323 740 Hos
1355 712 1500 741 tamen.
1547 698 1752 737 nme'mamv

359 782 516 808 movere
536 769 604 807 ista
624 768 822 813 videntur,
854 769 894 806 in
915 769 1054 821 primis
1075 768 1249 820 erogatio
1269 769 1460 821 pecuniae.
1500 769 1562 806 De
1584 767 1750 805 Alexio-

360 848 408 872 ne
429 834 543 873 doleo
561 853 571 879 ;
596 834 672 879 sed,
695 835 882 886 quoniam
903 833 1094 872 inciderat
1115 834 1156 871 in
1178 833 1230 871 ita
1249 847 1407 885 gravem
1428 835 1631 878 morbum,
1653 833 1752 870 bene

361 902 490 938 aetum
511 913 605 938 cum
625 900 696 937 illo
717 899 899 937 arbitror.
943 900 1056 951 Qos
1090 908 1218 938 tamen
1241 898 1430 938 secundos
1450 898 1626 943 heredes,
1658 897 1753 935 scire

359 965 517 1010 vellem,
548 974 587 1003 et
606 964 712 1002 diem
733 964 966 1003 testamenti.

678 1165 944 1204 ,C1cER0
985 1164 1241 1203 A‘rrlco
1283 1164 1415 1203 SAL.

362 1293 439 1331 111.
465 1291 542 1364 U
559 1292 600 1330 N
616 1292 654 1330 D
670 1293 703 1330 E
720 1293 753 1331 C
768 1293 786 1330 1
803 1292 853 1330 M
868 1292 905 1330 O
937 1291 1106 1331 Kalend.
1135 1292 1269 1344 accepi
1294 1291 1336 1330 in
1358 1292 1513 1330 Atinati
1533 1291 1627 1330 duas
1649 1291 1752 1344 epis-

565 1357 662 1395 tolas
685 1366 783 1401 tuas,
816 1357 961 1408 quibus
983 1356 1134 1395 duabus
1156 1358 1253 1396 meis
1275 1357 1519 1410 respondisti.
1564 1359 1654 1395 Una
1674 1366 1754 1396 erat

361 1435 419 1461 xv
442 1424 532 1463 Kal.
556 1422 674 1460 altera
696 1435 763 1460 ΧΠ
788 1422 889 1460 data.
924 1421 988 1459 Ad
1008 1421 1247 1474 superiorem
1268 1422 1392 1474 igitur
1412 1423 1536 1474 prius.
1559 1424 1753 1461 Accurres

359 1488 403 1527 in
424 1488 714 1533 Tusculanum,
746 1496 791 1525 ut
821 1487 987 1525 scribis:
1019 1500 1101 1539 quo
1132 1501 1196 1525 me
1218 1500 1262 1525 vr
1293 1487 1384 1525 Kal.
1408 1496 1620 1526 venturum
1646 1488 1753 1527 arbi-

361 1554 505 1593 trabar.
537 1554 659 1605 Qod
682 1553 819 1591 scribis
839 1552 1057 1605 parendum
1077 1553 1291 1591 victoribus
1310 1567 1319 1591 :
1352 1566 1432 1590 non
1452 1552 1555 1591 mihi
1575 1554 1754 1606 quidem,

361 1620 429 1658 cui
449 1618 539 1658 sunt
560 1618 687 1657 multa
706 1618 873 1671 potiora.
920 1618 1029 1657 Nam
1057 1617 1140 1663 illa,
1172 1630 1259 1670 quae
1288 1617 1499 1656 recordaris
1521 1619 1696 1658 Lentulo
1715 1629 1756 1658 et

361 1684 559 1723 Marcello
589 1683 694 1723 Coss‘.
723 1682 824 1722 fasta
851 1683 894 1721 in
921 1682 1001 1722 aede
1029 1683 1231 1736 Apollinis
1247 1701 1261 1729 ς
1293 1696 1366 1722 nec
1392 1683 1504 1722 causa
1530 1684 1664 1722 eadem
1685 1684 1754 1730 est,

362 1764 436 1789 nec
456 1751 582 1789 firnile
602 1758 786 1802 tempus;
809 1749 1021 1802 praesertim
1042 1762 1135 1787 cum
1156 1749 1397 1787 Marcellum
1418 1749 1560 1788 scribas
1582 1750 1757 1803 aliosque

362 1815 572 1854 discedere.
618 1816 708 1854 Erit
730 1815 853 1867 igitur
873 1815 987 1853 nobis
1007 1827 1139 1853 coram
1160 1814 1421 1858 odorandum,
1451 1823 1491 1852 et
1511 1814 1756 1853 constituen-

363 1881 476 1926 dum,
503 1889 641 1918 tutone
662 1881 802 1918 Romae
821 1879 893 1918 effe
913 1879 1115 1933 poffimus.
1149 1880 1258 1918 Novi
1278 1888 1496 1917 conventus
1516 1878 1756 1918 habitatores

363 1946 451 1985 sane
470 1954 633 1984 movent
650 1960 660 1983 ;
683 1945 723 1983 in
746 1945 900 1998 magnis
920 1945 1028 1983 enim
1049 1944 1245 1983 versamur
1264 1944 1467 1996 angustiis.
1500 1944 1574 1982 Sed
1593 1944 1668 1983 fint
1688 1944 1758 1982 ista

364 2011 472 2064 parvi
491 2026 500 2050 ε
523 2010 622 2063 quin
642 2019 681 2049 et
702 2012 849 2063 majora
869 2010 1180 2049 contemnimus.
1213 2010 1341 2048 Calvae
1362 2009 1638 2048 testamentum
1659 2023 1757 2062 cog-

363 2077 471 2122 novi,
502 2076 679 2115 hominis
700 2077 826 2130 turpis
847 2089 890 2114 ac
911 2075 1071 2115 sordidi.
1117 2075 1275 2115 Tabula
1306 2075 1522 2114 Demonici
1553 2075 1660 2127 quod
1682 2076 1757 2113 tibi

363 2156 467 2181 curae
487 2141 555 2188 est,
585 2151 757 2194 gratum.
804 2143 867 2181 De
894 2142 1027 2181 Mario
1053 2142 1183 2194 scripfi
1210 2143 1292 2195 jam
1312 2141 1466 2193 pridem
1487 2140 1533 2178 ad
1563 2141 1757 2179 Dolabel-

365 2209 445 2247 lam
465 2207 775 2254 accuratiflime;
807 2208 928 2247 modo
948 2207 1107 2247 redditae
1128 2208 1248 2246 literae
1269 2207 1367 2246 fint:
1391 2207 1475 2258 ejus
1495 2206 1606 2244 causa
1625 2216 1663 2244 et
1683 2220 1757 2245 cu-

365 2276 432 2327 pio
452 2283 491 2313 et
510 2274 647 2313 debeo.
677 2275 807 2313 Venio
827 2274 874 2313 ad
893 2275 1134 2328 propiorem.
1167 2273 1349 2326 Cognovi
1371 2272 1418 2310 de
1437 2272 1647 2317 Alexione,
1670 2286 1756 2324 qua:

365 2339 642 2380 defiderabam.
688 2340 848 2380 Hirtius
873 2341 927 2379 est
957 2349 1063 2380 tuus.
1110 2340 1304 2385 Antonio,
1336 2351 1455 2391 quam
1476 2337 1544 2383 est,
1576 2338 1666 2377 volo
1686 2353 1757 2391 pe-

362 2405 429 2457 jus
460 2404 548 2443 effe.
592 2406 657 2445 De
680 2406 838 2458 Qinto
869 2406 954 2445 filio
986 2405 1138 2451 scribis,
1170 2413 1215 2443 ut
1245 2400 1347 2443 ὶλιᾶς.
1395 2404 1457 2442 De
1488 2413 1596 2456 patre
1626 2417 1758 2443 coram

367 2482 545 2522 agemus.
592 2471 761 2508 Brutum
787 2472 900 2510 omni
927 2485 982 2516 re,
1013 2484 1091 2523 qua
1116 2470 1284 2523 possum,
1315 2469 1613 2522 cupiojuvare;
1645 2470 1758 2520 cujus

369 2535 418 2573 de
436 2535 685 2573 oratiuncula
710 2535 816 2574 idem
849 2545 900 2580 te,
932 2537 1039 2588 quod
1072 2550 1149 2581 me,
1181 2536 1321 2574 sentire
1353 2535 1493 2573 video:
1526 2534 1589 2572 sed
1621 2548 1759 2586 parum

370 2601 569 2654 intelligO,
591 2601 689 2654 quid
710 2614 774 2640 me
793 2601 888 2640 velis
910 2601 1090 2646 scribere,
1108 2601 1212 2654 quafi
1233 2614 1253 2638 a
1274 2601 1397 2638 Bruto
1417 2599 1551 2638 habita
1571 2600 1759 2644 oratione,

1246 2666 1290 2704 H
1319 2665 1347 2704 h
1376 2664 1403 2703 h
1435 2678 1457 2704 2
