2243 3008
425 366 532 405 AD
588 364 1022 404 ATT1cUM
1090 366 1378 407 LIB.'X11.
1523 383 1596 422 355

546 600 787 638 C1cnno
828 600 1082 637 ATT1co
1124 599 1255 638 SAL.

212 727 366 768 XLVI.
389 725 497 797 VI
514 727 555 765 N
571 727 736 772 CAM,
764 725 920 779 opinor,
950 726 1144 771 animum,
1175 736 1214 764 et
1238 727 1417 765 Lanuvio
1438 741 1597 780 pergam

485 793 526 830 in
563 791 849 831 Tusculanum.
894 793 981 830 Aut
1011 792 1118 830 enim
1150 791 1252 830 mihi
1285 793 1326 830 in
1362 803 1597 846 perpetuum

210 858 337 897 fundo
357 857 428 896 illo
449 857 660 895 carendum
683 856 764 902 est;
800 858 910 909 (nam
940 855 1052 895 dolor
1083 857 1189 895 idem
1220 858 1410 903 manebit,
1442 866 1602 896 tantum*

211 923 467 973 mediocrius)
491 931 558 961 aut
577 922 706 960 nescio
725 922 823 975 quid
844 921 1009 967 interfit,
1025 930 1159 961 utrum
1180 923 1278 961 illuc
1299 937 1406 961 nunc
1426 925 1595 968 veniam,

212 1002 260 1027 an
290 989 336 1026 ad
363 988 499 1026 decem
525 1001 646 1026 annos
665 1003 674 1025 :
707 1001 834 1040 neque
853 987 960 1025 enim
980 987 1049 1025 ista
1069 988 1193 1040 major
1211 988 1444 1034 admonitio,
1477 1002 1605 1041 quam¹

212 1055 359 1107 quibus
380 1053 520 1092 affidue
541 1053 730 1091 conficior
748 1063 787 1091 et
807 1053 888 1091 dies
909 1061 949 1092 et
967 1054 1117 1094 noctes.
1147 1053 1256 1105 Qid
1277 1056 1395 1106 ergo?
1417 1055 1594 1107 inquies:

211 1119 315 1158 nihil
345 1119 464 1158 literae
484 1121 496 1156 ?
529 1120 575 1157 In
595 1117 668 1157 hac
688 1119 849 1171 quidem
869 1132 925 1163 re,
954 1131 1086 1157 vereor
1105 1132 1154 1157 ne
1173 1121 1291 1158 etiam
1312 1129 1474 1165 contra;
1507 1133 1597 1158 nam

211 1185 327 1222 effem
348 1183 500 1222 fortaffe
520 1183 654 1222 durior
671 1198 680 1223 ε
713 1184 872 1223 exculto
892 1183 1000 1221 enim
1020 1184 1153 1223 animo
1172 1184 1276 1223 nihil
1305 1185 1462 1238 agreste,
1493 1184 1595 1223 nihil

210 1250 476 1288 inhumanum
496 1249 564 1289 est.

551 1449 793 1489 C1CERO
833 1450 1088 1489 ATTico
1130 1451 1260 1489 SAL.

214 1578 389 1618 XLVII.
413 1573 554 1650 TU
583 1575 719 1627 igitur,
751 1584 795 1613 ut
826 1575 1031 1629 scripfisti;
1064 1591 1135 1616 nec
1162 1578 1201 1616 id
1223 1577 1478 1619 incommodo
1498 1589 1567 1620 tuo
1584 1594 1601 1621 t·

520 1641 582 1680 vel
605 1641 704 1678 binae
724 1641 831 1679 enim
851 1651 1037 1694 poterunt
1057 1643 1177 1681 literae
1195 1658 1206 1682 ι
1238 1657 1441 1683 occurram
1461 1647 1599 1691 etiam,-

214 1709 243 1747 fi
262 1706 409 1746 necesse
427 1708 515 1746 erit.
561 1707 669 1758 Ergo
690 1705 730 1744 id
750 1707 925 1758 quidem,
958 1717 1001 1747 ut
1020 1708 1180 1761 poteris.
1227 1709 1290 1747 De
1321 1710 1521 1756 Mustella,
1554 1721 1598 1750 ut

215 1772 352 1811 scribis
368 1791 381 1818 3
412 1772 480 1810 etfi
499 1784 690 1823 magnum
710 1784 809 1824 opus
829 1772 882 1810 est
900 1787 909 1811 :
941 1786 987 1811 eo
1007 1773 1131 1826 magis
1151 1773 1310 1812 delabor
1329 1774 1375 1812 ad
1397 1774 1595 1816 Clodiam.

214 1840 454 1891 Qanquam
486 1838 527 1875 in
559 1846 727 1890 utroque
758 1837 1018 1877 Faberianum
1045 1852 1189 1877 nomen
1209 1839 1495 1892 explorandum
1514 1842 1595 1881 est:

214 1903 264 1942 de
288 1917 384 1957 quo,
414 1901 518 1941 nihil
548 1903 743 1949 nocuerit,
774 1903 801 1941 fi
821 1904 971 1956 aliquid
990 1917 1082 1943 cum
1105 1905 1227 1942 Balbo
1247 1905 1321 1943 eris
1342 1906 1498 1945 locutus
1515 1926 1527 1952 ;
1559 1916 1599 1946 et

214 1969 394 2023 quidem,
423 1978 469 2008 ut
489 1982 547 2007 res
566 1969 634 2014 est,
664 1982 794 2008 emere
811 1982 884 2008 nos
903 1970 1017 2016 velle,
1049 1983 1120 2009 nec
1140 1970 1244 2023 poffe
1263 1971 1342 2009 fine
1369 1971 1442 2010 isto
1462 1975 1597 2011 nomi-

214 2049 280 2082 ne,
310 2049 383 2074 nec
413 2035 551 2074 audere
583 2049 623 2074 re
652 2035 814 2074 incerta.
860 2035 934 2074 Sed
964 2035 1122 2090 quando
1145 2036 1287 2076 Clodia
1307 2038 1446 2076 Romae
1466 2038 1599 2077 futura

216 2100 286 2146 est,
316 2109 356 2139 et
385 2101 480 2153 quia
496 2101 596 2139 tanti
627 2114 709 2140 rem
729 2101 906 2146 aestimas,
937 2114 983 2141 eo
1013 2102 1168 2155 prorsus
1200 2102 1328 2155 specto
1343 2121 1356 2148 ;
1388 2117 1466 2142 non
1499 2105 1597 2156 quin

215 2166 318 2205 illud
348 2165 485 2204 malim
502 2184 514 2212 3
546 2165 609 2205 sed
640 2176 679 2205 et
709 2179 851 2219 magna
869 2180 928 2205 res
948 2167 1016 2213 est,
1046 2177 1086 2206 et
1105 2168 1268 2206 difficile
1287 2177 1482 2207 certamen
1503 2182 1597 2207 cum

216 2231 378 2283 cupido,
398 2244 491 2269 cum
511 2222 723 2285 locuplete,
745 2245 838 2270 cum
857 2230 998 2271 herede
1013 2251 1026 2278 ;
1058 2233 1124 2270 etfi
1146 2233 1193 2270 de
1212 2232 1428 2284 cupiditate
1447 2235 1597 2272 nemini

217 2296 458 2334 concedam:
490 2297 637 2336 caeteris
664 2297 779 2336 rebus
807 2297 1010 2336 inferiores
1040 2298 1188 2335 sumus.
1235 2297 1308 2335 Sed
1338 2297 1421 2336 haec
1448 2313 1595 2338 coram.

218 2360 347 2399 Hirtii
377 2361 541 2406 librum,
572 2371 616 2400 ut
639 2361 751 2408 facis,
782 2363 955 2415 divulga.
1002 2363 1064 2400 De
1084 2361 1304 2401 Philotimo
1333 2363 1438 2402 idem
1466 2375 1505 2403 et
1525 2379 1598 2418 ego

217 2425 443 2463 arbitrabar.
483 2426 662 2465 Domum
682 2435 789 2465 tuam
810 2427 933 2480 pluris
954 2426 1067 2465 video
1086 2426 1261 2466 futuram
1282 2429 1413 2467 vicino
1435 2430 1594 2468 Caesare.

218 2490 490 2529 Tabellarium
510 2503 645 2529 meum
664 2490 782 2530 hodie
801 2495 1063 2545 expectamus.
1110 2493 1196 2531 Nos
1218 2494 1266 2531 de
1286 2493 1387 2532 Pilia
1405 2504 1443 2534 et
1465 2495 1597 2533 Attica

219 2555 401 2594 certiores
422 2553 554 2594 faciet.

1155 2621 1298 2673 sz
