2243 3008
524 277 632 315 AD
690 273 1120 312 ATTICUM
1189 274 1331 314 LIB.
1381 277 1477 317 v11.
1622 291 1690 331 191

307 389 429 431 quam
446 373 679 426 ἀςρὲιτῆγπος,
710 383 754 412 tu
775 387 932 426 quoque
953 373 1226 413 animadvertis
1244 390 1252 413 ε
1284 376 1350 413 cui
1372 390 1419 414 ne
1441 378 1582 416 Picena
1602 379 1693 431 qui-

309 443 400 481 dem
429 450 521 479 nota
551 439 728 478 fuerint:
761 452 881 492 quam
911 448 1043 477 autem
1074 439 1152 478 fine
1183 441 1359 486 confilio,
1391 455 1449 480 res
1472 443 1591 481 testis.
1638 445 1698 482 Ut

307 509 416 546 enim
450 507 524 544 alia
556 507 743 544 omittam
780 505 918 543 decem
955 519 1148 544 annorum
1182 516 1354 559 peccata,
1400 521 1485 560 quae
1520 509 1697 548 conditio

308 587 388 612 non
408 572 503 610 huic
523 571 628 624 fugae
660 571 870 624 praestitit?
901 584 973 609 nec
1005 584 1095 609 vero
1127 585 1232 610 nunc
1265 573 1362 625 quid
1394 574 1557 626 cogitet,
1590 574 1695 613 scio:

307 653 351 677 ac
372 652 452 677 non
473 638 604 676 defino
625 650 693 690 per
712 637 842 675 literas
863 636 1062 675 sciscitari.
1100 637 1219 675 Nihil
1240 637 1312 676 effe
1333 639 1512 677 timidius
1534 640 1697 685 constat,

309 703 412 743 nihil
433 703 714 757 perturbatius.
756 704 893 755 Itaque
913 716 984 740 nec
1005 702 1242 755 praefidium,
1274 705 1386 756 cujus
1408 705 1567 757 parandi
1588 706 1700 743 causa

308 770 357 808 ad
375 770 516 808 urbem
537 777 710 807 retentus
730 767 799 814 est,
830 782 901 807 nec
921 768 1057 806 locum
1077 781 1121 806 ac
1142 769 1270 807 sedern
1290 771 1456 823 praefidii
1476 770 1614 816 ullam,
1637 772 1698 809 vi·-

309 837 410 875 deo:
443 836 526 889 spes
558 836 689 874 omnis
721 835 763 873 in
793 834 944 873 duabus
979 835 1170 873 invidiose
1204 837 1380 882 retentis,
1413 850 1511 889 pene
1545 837 1696 883 alienis,

309 902 551 955 legionibus.
596 902 704 940 Nam
735 900 908 939 delectus
937 900 1065 939 adhuc
1095 901 1259 954 quidem
1286 903 1503 942 invitorum
1524 903 1591 948 est,
1622 912 1660 942 et
1679 917 1702 942 a

309 967 524 1021 pugnando
542 966 840 1005 abhorrentium
859 981 868 1005 z
891 966 1170 1005 conditionum
1189 977 1321 1006 autern
1340 968 1522 1007 amissum
1543 979 1699 1022 tempus

310 1033 364 1070 est
382 1048 391 1070 :
424 1032 521 1085 quid
540 1031 723 1070 futurum
744 1032 803 1077 fit,
834 1045 914 1070 non
934 1031 1062 1070 video.
1110 1033 1374 1071 Commissum
1402 1033 1564 1086 quidem
1584 1048 1604 1072 a
1624 1048 1698 1072 no-

312 1098 371 1135 bis
393 1106 497 1135 certe
517 1096 585 1141 est,
616 1097 692 1134 five
717 1110 739 1134 a
764 1096 894 1135 nostro
914 1096 1027 1142 duce,
1059 1106 1118 1142 ut,
1149 1111 1168 1135 e
1196 1107 1315 1150 portu
1345 1099 1422 1137 fine
1451 1100 1700 1152 gubernacu-

309 1162 360 1201 lis
381 1163 533 1215 egreffi,
561 1161 781 1215 tempestati
802 1175 872 1200 nos
893 1162 1147 1201 traderemus.
1194 1164 1330 1216 Itaque
1362 1164 1408 1202 de
1439 1165 1706 1204 Ciceronibus-

310 1228 450 1267 nostris
472 1228 612 1266 dubito
633 1228 731 1281 quid
750 1241 862 1281 agam
881 1242 890 1266 ε
923 1241 1014 1266 nam
1034 1228 1137 1266 mihi
1166 1229 1366 1268 interdum
1386 1231 1619 1269 amandandi
1639 1232 1700 1269 vi-

311 1295 454 1333 dentur
474 1296 514 1333 in
537 1296 748 1334 Graeciam.
795 1296 859 1333 De
885 1294 1025 1333 Tullia
1042 1304 1174 1333 autem
1194 1304 1233 1333 et
1253 1297 1454 1342 Terentia,
1486 1311 1579 1336 cum
1599 1298 1708 1336 mihi*

312 1361 566 1415 barbarorum
586 1360 775 1399 adventus
796 1360 843 1398 ad
863 1360 1003 1398 urbem
1024 1361 1274 1414 proponitur,
1292 1363 1425 1400 omnia
1441 1363 1585 1402 timeo:
1609 1376 1703 1401 cum

312 1436 443 1465 autem
464 1426 684 1465 Dolabellae
703 1427 813 1465 venit
840 1427 882 1464 in
911 1435 1105 1472 mentem,
1134 1427 1299 1479 paulum
1326 1427 1484 1481 respiro.
1532 1430 1605 1468 Sed
1635 1442 1701 1468 ve*

312 1493 386 1531 lim
397 1493 621 1531 ‘confideres
643 1493 740 1545 quid
767 1492 994 1531 faciendum
1015 1502 1157 1546 putes:
1189 1494 1365 1546 primum
1396 1492 1483 1544 πρὶς
1517 1490 1548 1530 723
1576 1495 1704 1542 ἀσφα-

312 1554 400 1603 λὲς;
435 1558 564 1609 (aliter
595 1558 704 1595 enim
735 1557 837 1595 mihi
869 1557 916 1595 de
947 1557 1029 1596 illis
1061 1571 1104 1596 ac
1137 1558 1184 1596 de
1214 1572 1278 1597 me
1307 1559 1390 1612 ipso
1417 1559 1703 1598 consulendum

313 1623 384 1673 est)
423 1622 564 1660 deinde
594 1622 642 1660 ad
673 1622 895 1675 opiniones,
928 1636 975 1661 ne
1007 1622 1352 1676 reprehendamur,
1383 1624 1490 1677 quod
1522 1638 1582 1663 eas
1615 1626 1701 1663 Ro-

314 1701 388 1727 mae
407 1688 575 1726 velimus
597 1687 669 1726 effe
688 1688 729 1725 in
751 1688 957 1726 communi
979 1688 1176 1726 bonorum
1196 1688 1304 1741 fuga.
1351 1690 1462 1740 Qin
1490 1690 1608 1727 etiam
1629 1691 1704 1728 tibi

314 1761 354 1792 et
374 1753 570 1799 Peduceo,
603 1753 772 1806 (scripsit
792 1754 898 1792 enim
919 1753 966 1791 ad
987 1753 1068 1805 me)
1091 1754 1189 1806 quid
1213 1753 1364 1793 faciatis
1385 1754 1604 1794 videndum>
1619 1755 1700 1794 est:

315 1819 347 1858 is
367 1819 477 1857 enim
505 1818 686 1871 splendor
714 1818 768 1856 est
795 1818 981 1864 vestrum,
1012 1828 1058 1858 ut
1085 1819 1220 1859 eadem
1250 1820 1496 1873 postulentur
1526 1830 1547 1858 a
1575 1821 1702 1866 vobis,

315 1898 402 1938 quae
433 1884 482 1922 ab
512 1884 758 1936 amplissimis
789 1885 959 1924 civibus,
1008 1884 1080 1926 Sed
1112 1885 1159 1923 de
1188 1884 1265 1923 hoc
1286 1895 1328 1924 tu
1358 1886 1525 1931 videbis,
1557 1887 1705 1939 quippe

315 1964 410 1989 cum
441 1950 489 1989 de
518 1950 667 2003 meipso
695 1963 739 1988 ac
769 1949 816 1988 de
846 1951 944 1991 meis
967 1959 1014 1989 ‘te
1046 1951 1285 1990 considerare
1315 1952 1451 1990 velim.
1484 1952 1706 2005 Reliquum

316 2017 371 2055 est
402 2027 446 2056 ut
472 2026 511 2055 et
539 2017 638 2070 quid
669 2024 817 2070 agat'ur,
849 2017 978 2070 quoad
1002 2019 1164 2071 poteris,
1195 2018 1389 2071 explores,
1421 2018 1638 2071 scribasque
1659 2018 1706 2056 ad

315 2097 395 2128 me,
425 2093 473 2122 et·
484 2083 580 2136 quid
601 2083 681 2137 ipse
701 2085 925 2137 conjectura
942 2083 1134 2138 assequare
1153 2099 1161 2123 :
1194 2084 1303 2137 quod
1331 2085 1447 2123 etiam
1477 2099 1498 2122 a
1524 2094 1561 2122 te
1581 2085 1705 2136 magis

316 2152 503 2203 expecto:
536 2163 627 2189 nam
647 2152 728 2188 aeta
747 2151 935 2189 omnibus
955 2151 1248 2196 nuntiantibus,
1278 2164 1300 2189 a
1319 2160 1357 2188 te
1375 2152 1538 2203 expecto
1558 2149 1704 2188 futura.

318 2213 441 2252 Μάντις
472 2207 499 2249 δ’
525 2212 641 2264 ἁὲριςος-
688 2215 940 2268 Loquacitati
970 2215 1161 2268 ignosces,
1192 2229 1278 2268 quae
1307 2225 1346 2253 et
1376 2229 1439 2253 me
1471 2215 1572 2252 levat
1600 2214 1648 2251 ad
1669 2224 1706 2252 te

318 2279 480 2332 quidem
501 2280 753 2326 scribentem,
782 2290 823 2320 et
841 2281 952 2320 elicit
972 2290 1056 2320 tuas
1076 2281 1221 2321 literas.
1267 2281 1456 2333 AEnigma
1481 2280 1707 2333 Oppiorum

320 2359 369 2382 ex
390 2346 503 2384 Velia
532 2347 644 2399 plane
665 2362 744 2387 non
772 2348 979 2394 intellexi;
1011 2348 1066 2387 est
1094 2349 1201 2386 enim
1233 2357 1399 2387 numero
1425 2347 1601 2386 Platonis
1630 2347 1705 2385 ob·-

322 2411 485 2449 scurias.
529 2413 618 2462 Jam
639 2413 818 2453 intellexi
840 2424 970 2453 tuum.
1018 2415 1173 2467 Oppios
1193 2415 1302 2453 enim
1321 2414 1369 2452 de
1389 2413 1503 2452 Velia
1522 2413 1704 2451 succones

323 2477 422 2514 dicis
441 2491 450 2513 :
483 2477 525 2513 in
545 2489 591 2514 eo
611 2477 763 2516 aestuavi
783 2480 851 2518 diu
869 2496 879 2518 ε
911 2495 992 2533 quo
1011 2490 1145 2533 aperto
1165 2480 1317 2532 reliqua
1335 2480 1533 2532 patebant,
1555 2487 1594 2516 et
1614 2490 1707 2515 cum

324 2543 362 2581 T
366 2542 520 2581 erentiae
541 2541 692 2581 summa
713 2545 996 2598 congruebant..
1042 2547 1093 2585 L.
1117 2546 1307 2585 Caesaerem
1326 2545 1407 2584 vidi
1427 2543 1649 2583 Minturnis
1670 2555 1705 2580 a.
