2243 3008
505 272 585 326 476
775 272 1615 322 EPISTOLARUM,&c.

507 377 679 422 gratum,
713 378 758 409 ut
784 371 893 409 nulla
925 385 982 410 res
1013 372 1160 424 gratior
1188 372 1261 411 effe
1290 373 1418 426 poffit.
1472 374 1554 412 Etfi
1570 375 1654 427 jam
1675 372 1889 427 sperabam,

507 448 600 473 cum
622 435 689 474 has
712 436 840 475 literas
862 437 1081 489 accepiffe8‚
1112 436 1211 481 fore,
1232 447 1276 476 ut
1294 452 1351 484 ea,
1373 453 1459 492 quae
1479 440 1742 493 superioribus
1765 440 1890 479 literis

505 513 527 538 a
558 510 595 539 te
628 501 883 554 petiiffemus,
915 503 1122 555 impetrata
1151 502 1297 548 effent;
1329 513 1458 543 tamen
1493 519 1572 544 non
1605 505 1748 544 faciam
1769 506 1892 544 finem

507 566 684 618 rogandi,
728 567 854 619 quoad
894 568 1008 606 nobis
1043 568 1271 606 nuntiatum
1305 568 1393 612 erit,
1436 579 1474 607 te
1510 571 1551 608 id
1582 571 1740 616 fecisse;
1781 570 1890 624 quod

506 644 649 683 magna
677 645 771 670 cum
802 633 866 685 spe
897 635 1160 686 expectamus.
1211 633 1366 672 Deinde
1391 635 1499 672 enim
1525 636 1683 674 confido
1712 635 1810 681 fore,
1844 644 1890 675 ut

505 695 583 735 alio
602 710 741 749 genere
761 698 962 736 literarum
984 707 1169 743 utamur3
1205 699 1359 752 tibique
1379 713 1450 752 pro
1472 709 1542 738 tuo
1564 700 1718 739 summo
1740 701 1889 740 benefi-

505 762 569 799 cio
588 763 730 814 gratias
751 776 923 816 agamus.
955 764 1075 820 Qod
1096 765 1122 802 fi
1143 764 1344 809 acciderit,
1365 765 1485 804 velim
1507 766 1557 804 sic
1577 765 1788 811 existimes,
1809 779 1892 805 non

507 826 582 864 tibi
603 835 681 865 tam
703 829 904 874 Atticum,
936 831 1049 881 cujus
1069 843 1279 883 permagna
1300 844 1358 868 res
1386 832 1530 884 agitur,
1561 845 1680 884 quam
1712 845 1790 878 me,
1820 831 1892 885 qui

505 905 586 930 non
607 893 740 932 minus
763 894 911 940 laboro,
943 909 1063 948 quam
1084 896 1167 942 ille,
1198 896 1421 949 obligatum
1441 897 1539 937 fore.
1571 898 1684 939 Vale.

807 1092 1076 1131 C1cER0
1128 1093 1496 1132 CAPITONI
1548 1094 1586 1132 S.

505 1218 592 1291 N
613 1222 649 1259 O
669 1221 709 1259 N
740 1222 895 1266 dubito,
927 1224 1025 1275 quin
1047 1224 1202 1270 mirere,
1225 1233 1343 1277 atque
1365 1225 1482 1263 etiam
1505 1223 1758 1270 stomachere,
1780 1225 1889 1278 quod

622 1297 756 1326 tecum
778 1288 825 1327 de
845 1289 980 1327 eadem
1001 1303 1040 1328 re
1060 1303 1171 1343 agam
1188 1291 1339 1344 saepius.
1371 1291 1561 1330 Hominis
1583 1290 1887 1336 familiariffimi,

502 1363 542 1393 et
577 1353 677 1392 mihi
709 1355 895 1394 omnibus
925 1356 1041 1394 rebus
1073 1357 1394 1408 conjunfflssimi,
1425 1370 1636 1410 permagna
1670 1369 1727 1394 res
1758 1357 1889 1409 agitur

502 1420 646 1458 Attici.
693 1421 874 1472 Cognovi
895 1434 968 1473 ego
989 1431 1055 1459 tua
1076 1422 1199 1459 studia
1219 1423 1259 1459 in
1281 1423 1443 1467 amicos,
1475 1423 1594 1460 etiam
1615 1423 1655 1460 in
1678 1431 1715 1459 te
1735 1423 1886 1460 arnico-

503 1498 606 1523 rum.
636 1485 818 1523 Multum
841 1496 950 1538 potes
974 1500 1042 1524 nos
1063 1487 1164 1539 apud
1187 1488 1377 1525 Plancum
1394 1489 1545 1539 juvare.
1569 1486 1676 1524 Novi
1697 1486 1886 1525 humani-

502 1560 623 1589 tatem
641 1561 771 1590 tuam:
795 1552 873 1589 scio
894 1566 1011 1604 quam
1033 1552 1079 1590 fis
1100 1553 1236 1591 amicis
1253 1553 1470 1605 jucundus.
1505 1553 1639 1591 Nemo
1660 1565 1729 1590 nos
1750 1554 1792 1590 in
1813 1553 1886 1591 hac

504 1617 615 1655 causa
635 1617 724 1669 plus
739 1618 875 1669 juvare
896 1618 1034 1669 potest,
1057 1631 1175 1671 quam
1199 1627 1255 1656 tu.
1292 1619 1343 1656 Et
1366 1632 1423 1656 res
1445 1619 1499 1656 ita
1518 1618 1570 1655 est
1592 1617 1718 1663 firma,
1750 1628 1794 1657 ut
1815 1618 1885 1657 de-

503 1682 569 1720 bet
590 1682 676 1726 effe,
704 1695 823 1735 quam
845 1683 1022 1720 consules
1045 1683 1091 1720 de
1113 1683 1264 1721 confilii
1287 1683 1474 1721 sententia
1495 1683 1763 1726 decreverunt,
1794 1696 1888 1722 cum

503 1757 540 1786 et
562 1749 645 1801 lege
667 1758 704 1786 et
726 1748 1085 1787 senatus-consulto
1106 1749 1398 1801 cognoscerent.
1440 1750 1593 1786 Tamen
1615 1749 1748 1786 omnia
1768 1749 1890 1801 pofita

502 1824 687 1867 putamus
709 1816 747 1853 in
772 1815 906 1853 Planci
941 1816 999 1853 tui
1031 1816 1292 1860 liberalitate;
1326 1829 1444 1867 quem
1468 1815 1630 1867 quidem
1651 1815 1887 1854 arbitramur

503 1894 596 1918 cum
617 1880 739 1918 officii
762 1881 819 1917 tui
849 1890 885 1918 et
908 1880 1155 1933 Reipublicae
1178 1881 1287 1919 causa
1308 1881 1508 1918 decretum
1530 1879 1749 1917 Consulum
1772 1893 1884 1918 com-

504 1945 777 1997 probaturum,
801 1955 887 1983 tum
910 1947 1078 1984 libenter
1099 1947 1224 1985 nostra
1244 1947 1354 1984 causa
1374 1946 1446 1984 effe
1466 1945 1676 1984 facturum.
1708 1944 1886 1996 Adjuva-

504 2010 564 2047 bis
588 2011 722 2063 igitur,
746 2011 800 2048 mi
823 2012 965 2063 Capito
984 2027 992 2050 z
1016 2012 1121 2064 quod
1144 2022 1186 2051 ut
1207 2012 1339 2056 facias,
1362 2011 1612 2051 vehementer
1632 2011 1749 2051 etiam
1769 2019 1886 2064 atque

504 2075 621 2115 etiam
644 2089 751 2129 rogo.
786 2077 896 2115 Vale.
