2243 3008
511 257 588 307 306
838 256 1524 296 EPISTOLARUM

510 355 557 392 ad
579 355 736 409 teflmifi,
769 355 982 409 perspicere
1001 355 1178 408 potuisti.
1208 354 1307 393 Haec
1329 354 1403 392 tibi
1423 354 1551 393 dolori
1570 353 1642 393 effe
1661 362 1765 393 certe
1786 353 1865 393 scio
1880 369 1894 393 ι

511 433 575 458 me
595 421 757 472 quidem
776 422 1019 465 excruciant,
1049 429 1089 457 et
1113 433 1160 457 eo
1179 420 1321 471 magis,
1349 419 1458 471 quod
1485 419 1588 458 mihi
1616 433 1710 458 cum
1739 420 1821 458 illis
1847 433 1898 458 ne

510 485 701 536 querendi
732 485 893 538 quidem
925 485 1059 523 locum
1092 483 1274 521 futurum
1304 492 1417 535 puto.
1463 485 1526 522 De
1552 484 1751 523 Africanis
1780 484 1895 523 rebus

510 551 631 603 longe
649 551 724 588 alia
742 551 873 596 nobis,
903 564 947 589 ac
968 559 1010 588 tu
1033 549 1249 601 scripseras,
1279 549 1538 588 nuntiantur:
1571 549 1674 588 nihil
1700 551 1807 588 enim
1827 550 1897 588 fir-

513 616 617 653 mius
645 616 717 654 effe
747 616 902 660 dicunt,
934 615 1035 653 nihil
1069 615 1253 667 paratius.
1299 613 1467 651 Accedit
1496 614 1705 667 Hispania,
1732 625 1771 654 et
1801 616 1897 654 alie·

514 690 603 718 nata
622 681 762 726 Italia,
794 681 999 732 legionum
1030 692 1100 717 nec
1131 679 1188 716 vis
1219 677 1370 723 eadem,
1401 691 1472 716 nec
1502 678 1712 724 voluntas;
1743 680 1899 718 urbanae

515 759 574 783 res
598 745 771 798 perditae.
815 744 926 796 Qid
945 744 1013 789 est,
1045 744 1117 782 ubi
1134 743 1392 796 acquiescam,
1423 743 1492 781 nisi
1513 756 1633 796 quam
1653 743 1722 781 diu
1742 753 1826 782 tuas
1846 745 1899 783 li-

516 821 613 849 teras
648 811 768 863 lego?
799 825 885 863 quae
915 810 1034 848 effent
1067 809 1242 863 profecto
1273 810 1502 854 crebriores,
1533 809 1559 847 fi
1591 809 1688 861 quid
1721 809 1902 854 haberes,

515 890 596 928 quo
615 885 770 929 putares
791 889 918 914 meam
939 875 1156 914 molestiam
1176 875 1306 913 minui
1335 875 1454 928 posse.
1500 874 1573 912 Sed
1604 884 1734 913 tamen
1766 885 1804 913 te
1835 889 1902 914 ro-

515 956 582 993 go,
622 955 671 980 ne
703 941 941 979 intermittas
976 941 1142 979 scribere
1174 940 1222 978 ad
1255 954 1336 985 me,
1370 939 1568 994 quidquid
1600 942 1702 986 erit;
1744 941 1909 994 eosque,

515 1007 586 1058 qui
606 1005 709 1044 mihi
729 1016 810 1044 tam
830 1006 1042 1044 crudeliter
1061 1006 1218 1044 inimici
1238 1006 1342 1051 sunt,
1372 1006 1399 1044 fi
1431 1005 1550 1044 odiffe
1578 1019 1657 1044 non
1678 1016 1805 1059 potes,
1834 1019 1904 1044 ac-

515 1071 624 1109 cuses
646 1080 805 1117 tamem
838 1085 916 1109 non
939 1080 982 1109 ut
1007 1070 1157 1124 aliquid
1178 1071 1374 1124 proficias,
1405 1070 1468 1108 sed
1497 1079 1542 1109 ut
1570 1084 1635 1109 me
1664 1071 1739 1109 tibi
1768 1085 1905 1110 carum

515 1136 589 1174 effe
609 1136 790 1175 sentiant.
836 1136 955 1174 Plura
973 1135 1020 1173 ad
1042 1146 1079 1174 te
1100 1135 1282 1181 scribam,
1314 1136 1341 1174 fi
1362 1135 1465 1174 mihi
1484 1136 1531 1174 ad
1551 1149 1612 1174 eas
1632 1135 1778 1182 literas,
1808 1149 1905 1189 quas

518 1202 698 1253 proxime
718 1201 766 1240 ad
786 1211 824 1240 te
843 1201 949 1246 dedi,
979 1200 1232 1253 rescripseris.
1262 1201 1377 1240 Vale.
1407 1213 1478 1239 κη
1499 1201 1589 1239 Kal.
1612 1200 1733 1239 Febr.

853 1402 1096 1440 C1cz1<o
1136 1401 1391 1440 A’r‘r1co
1433 1401 1568 1440 SAL.

523 1529 597 1568 XI.
623 1527 691 1601 C
707 1529 744 1566 O
761 1530 801 1568 N
817 1529 848 1566 F
863 1529 897 1566 E
913 1529 947 1566 C
962 1529 1000 1566 T
1013 1529 1050 1565 U
1067 1529 1089 1565 S
1115 1529 1198 1579 jam
1223 1527 1399 1566 cruciatu
1420 1527 1686 1566 maximorum
1705 1527 1906 1575 dolorum,

724 1608 786 1639 ne,
817 1593 844 1632 fi
871 1593 917 1631 fit
937 1593 1114 1645 quidem,
1146 1591 1252 1646 quod
1273 1591 1320 1630 ad
1341 1602 1379 1631 te
1397 1591 1560 1631 debeam
1580 1592 1760 1638 scribere,
1789 1593 1907 1634 facile

522 1660 562 1699 id
582 1660 723 1711 exequi
744 1659 911 1712 poflim,
942 1657 1020 1696 hoc
1047 1659 1195 1702 minus,
1226 1657 1334 1711 quod
1366 1671 1423 1696 res
1456 1658 1565 1696 nulla
1595 1657 1662 1703 est,
1693 1673 1779 1711 quae
1811 1659 1907 1698 scri-

522 1724 649 1763 benda
669 1725 713 1762 fit
729 1743 742 1770 5
774 1738 866 1762 cum
887 1723 1098 1776 praesertim
1121 1737 1169 1761 ne
1189 1722 1271 1776 spes
1292 1723 1454 1776 quidem
1474 1723 1555 1761 ulla
1574 1723 1796 1762 ostendatur
1823 1723 1907 1763 fore

522 1791 680 1829 melius.
727 1790 786 1828 Ita
811 1791 894 1841 jam
921 1803 968 1827 ne
989 1797 1073 1827 tuas
1105 1789 1268 1841 quidem
1299 1789 1429 1827 literas
1459 1790 1649 1841 expefto:
1681 1802 1908 1842 quanquam

523 1856 674 1908 semper
694 1854 844 1906 aliquid
863 1853 1045 1899 afferunt,
1077 1853 1184 1905 quod
1203 1854 1338 1892 velim.
1370 1855 1500 1906 Qare
1522 1862 1563 1892 tu
1584 1853 1746 1906 quidem
1768 1854 1907 1893 scribi-

524 1931 582 1965 to,
612 1933 705 1958 cum
725 1919 798 1957 erit
818 1919 884 1957 cui
905 1918 985 1957 des.
1018 1921 1106 1971 Ego
1126 1919 1204 1956 tuis
1224 1919 1431 1972 proximis,
1456 1932 1552 1972 quas
1573 1928 1702 1957 tamen
1718 1919 1802 1971 jam
1823 1921 1907 1973 pri-

523 1986 614 2024 dem
638 1985 786 2036 accepi,
818 1983 920 2022 nihil
951 1982 1077 2022 habeo
1109 1983 1214 2035 quod
1246 1984 1482 2022 rescribam:
1514 1984 1635 2036 longo
1654 1985 1762 2023 enim
1783 1985 1907 2024 inter-

524 2051 628 2089 vallo
648 2049 761 2088 video
782 2050 989 2087 immutata
1007 2048 1078 2087 effe
1098 2037 1232 2087 om'nia
1249 2063 1258 2087 ε
1291 2049 1359 2087 illa
1378 2049 1449 2087 effe
1470 2048 1582 2087 firma
1599 2063 1687 2102 quae
1711 2049 1906 2097 debeant,

525 2129 595 2154 nos
628 2115 802 2154 stultitiae
832 2114 966 2152 nostra:
999 2113 1234 2166 gravissimas
1266 2127 1399 2167 poenas
1432 2114 1612 2167 pendere.
1660 2115 1706 2153 Ρ.
1729 2115 1910 2155 Sallustio

523 2180 694 2220 curanda
714 2179 802 2218 sunt
824 2179 916 2217 H·S
940 2192 1046 2218 xxx.
1068 2192 1155 2232 quae
1174 2179 1307 2231 accepi
1326 2193 1347 2217 a
1369 2181 1446 2217 Cn.
1470 2180 1664 2218 Sallustio.
1691 2180 1824 2218 Velim
1845 2182 1907 2219 vi-

523 2246 611 2285 deas
634 2254 676 2283 ut
703 2244 779 2283 fine
811 2258 920 2282 mora
948 2254 1161 2283 curentur:
1194 2244 1241 2282 dc
1269 2257 1312 2282 ea
1341 2258 1380 2282 re
1410 2243 1539 2297 scripsi
1569 2245 1616 2282 ad
1646 2246 1875 2284 Terentiam
1894 2262 1905 2284 ε

523 2321 640 2363 atque
660 2310 736 2348 hoc
758 2309 886 2362 ipsum
902 2311 985 2362 jam
1006 2323 1126 2363 prope
1147 2309 1427 2363 consumptum
1447 2311 1515 2349 cst.
1536 2312 1668 2362 Qare
1690 2310 1729 2348 id
1749 2324 1910 2364 quoque

523 2378 642 2415 velim
663 2389 755 2414 cum
776 2376 843 2414 illa
864 2376 1006 2421 videas,
1037 2386 1081 2414 ut
1102 2377 1146 2415 fit
1167 2376 1236 2429 qui
1265 2387 1434 2415 utamur.
1481 2377 1562 2415 Hic
1591 2375 1744 2415 fortasse
1772 2387 1909 2430 potero

524 2443 686 2487 sumere,
709 2441 734 2480 si
757 2441 873 2479 sciam
895 2443 978 2480 istic
1000 2452 1175 2494 paratum
1198 2441 1304 2481 sore:
1338 2442 1400 2481 sed
1422 2443 1529 2495 prius
1548 2456 1668 2496 quam
1688 2442 1729 2481 id
1750 2442 1905 2489 scirem,

523 2507 624 2547 nihil
647 2507 731 2547 sum
752 2507 863 2546 ausus
884 2508 1047 2547 sumere.
1089 2508 1172 2560 Qi
1199 2509 1244 2547 sit
1271 2509 1452 2548 omnium
1475 2522 1603 2548 rerum
1623 2508 1742 2548 status
1762 2508 1904 2554 noster.
