2243 3008
1042 263 1246 319 [92]

691 519 1600 566 EPISTOLARUM

593 735 782 792 AD
912 734 1717 794 ATTICUM

930 956 1210 995 LIBER
1293 955 1372 994 IV.

799 1155 1040 1194 CICERO
1078 1157 1335 1194 A‘r'r1co
1375 1155 1506 1194 SAL.

458 1282 492 1320 I.
630 1282 732 1320 UM
761 1283 937 1336 primum
967 1283 1140 1322 Romam
1169 1283 1275 1329 veni,
1304 1282 1477 1336 fuitque,
1507 1282 1573 1321 cui
1603 1283 1703 1321 reete
1729 1281 1776 1319 ad
1808 1290 1848 1320 te

655 1347 785 1386 literas
820 1347 966 1393 darem,
1011 1347 1114 1386 nihil
1149 1349 1257 1401 prius
1296 1347 1524 1387 faciendum
1557 1346 1660 1387 mihi
1694 1347 1844 1400 putavi,

458 1426 578 1466 quam
599 1422 643 1451 ut
670 1413 745 1451 tibi
771 1413 922 1451 absenti
947 1413 995 1452 de
1026 1414 1152 1452 reditu
1186 1413 1316 1453 nostro
1346 1414 1572 1466 gratularer.
1620 1414 1846 1466 Cognomm

458 1479 583 1524 enim,
616 1480 679 1531 (ut
698 1492 786 1517 vere
806 1479 991 1530 scribam)
1014 1489 1053 1518 te
1072 1481 1112 1518 in
1134 1480 1305 1518 consiliis
1327 1479 1430 1518 mihi
1449 1479 1585 1518 dandis
1607 1476 1678 1518 nec
1702 1477 1846 1518 fortio-

459 1558 557 1590 rem,
589 1558 660 1583 nec
682 1545 991 1597 prudentiorem,
1013 1559 1132 1598 quam
1154 1559 1218 1585 me
1238 1545 1390 1599 ipsum;
1423 1559 1494 1584 nec
1514 1546 1633 1584 etiam
1655 1558 1727 1599 pro
1746 1559 1846 1598 prae-

459 1610 573 1648 terita
592 1623 677 1648 mea
697 1610 737 1647 in
762 1620 798 1648 te
817 1611 1059 1649 observantia
1079 1612 1250 1649 nimium
1272 1612 1312 1649 in
1329 1611 1503 1649 custodia
1523 1611 1656 1649 salutis
1673 1606 1768 1649 meze
1784 1610 1847 1648 di-

457 1674 647 1727 ligentem
665 1689 673 1713 :
697 1675 945 1728 eundemque
967 1684 1017 1720 te,
1036 1677 1105 1728 qui
1126 1677 1266 1728 primis
1287 1677 1532 1729 temporibus
1552 1677 1691 1714 erroris
1714 1675 1849 1720 nostri,

459 1749 525 1778 aut
557 1740 688 1792 potius
721 1739 879 1784 furoris,
911 1741 1121 1794 particepS,
1151 1750 1190 1779 et
1221 1740 1304 1779 falsi
1338 1742 1492 1779 timoris
1527 1741 1669 1786 socius,
1701 1740 1848 1785 fuisses,

460 1806 698 1844 acerbiffime
732 1805 941 1844 discidium
979 1807 1154 1845 nostrum
1193 1807 1335 1852 tuliffe,
1371 1807 1670 1860 plurimumque
1705 1820 1847 1859 operae,

461 1871 591 1916 studii,
628 1871 858 1924 diligentiae,
895 1871 1053 1916 laboris,
1090 1872 1136 1909 ad
1171 1872 1462 1911 conficiendum
1503 1873 1673 1911 reditum
1713 1886 1849 1910 meum

461 1936 680 1975 contulisse.
721 1937 857 1989 Itaque
878 1935 953 1975 hoc
977 1938 1050 1975 tibi
1072 1952 1157 1976 vere
1178 1938 1345 1983 affirmo,
1377 1939 1416 1976 in
1439 1938 1610 1976 maxima
1630 1938 1779 1982 laetitia,
1810 1948 1849 1977 et

459 2002 744 2054 exoptatissima
777 2002 1053 2054 gratulatione,
1099 2017 1223 2041 unum
1259 2003 1304 2041 ad
1339 2004 1625 2042 cumulandum
1658 2003 1849 2056 gaudium

460 2066 727 2119 conspectum,
745 2077 811 2104 aut
832 2068 962 2119 potius
979 2068 1250 2121 complexum,
1270 2068 1370 2107 mihi
1393 2078 1506 2107 tuum
1523 2068 1704 2112 defuiffe;
1728 2082 1848 2121 quem

463 2133 577 2171 semel
606 2135 738 2170 nastus
767 2147 970 2185 nunquam
1000 2134 1207 2173 dimisero:
1240 2148 1298 2179 ac,
1331 2135 1399 2173 nisi
1429 2136 1548 2173 ctiam
1579 2134 1848 2188 praetermilsos

462 2198 610 2237 fruetus
633 2208 707 2236 tuae
730 2198 924 2237 suavitatis
947 2202 1130 2253 praeteriti
1157 2202 1343 2255 temporis
1375 2215 1510 2240 omnes
1543 2215 1721 2254 exegero,
1755 2215 1846 2254 pro-

462 2263 563 2302 fedlo
584 2263 655 2302 hac
678 2264 919 2303 restitutione
941 2265 1107 2305 fortuna:
1128 2280 1192 2305 me
1213 2266 1292 2320 ipse
1314 2281 1391 2305 non
1421 2267 1507 2305 satis
1541 2268 1706 2320 dignum
1735 2267 1847 2319 judi-

460 2330 571 2368 cabo.
620 2331 705 2368 Nos
738 2330 864 2369 adhuc
891 2332 930 2369 in
954 2333 1081 2371 nostro
1102 2333 1214 2378 statu,
1246 2333 1353 2385 quod
1374 2333 1609 2372 difficillime
1632 2333 1848 2386 recuperari

462 2396 562 2448 poffc
583 2396 757 2434 arbitrati
792 2396 938 2442 sumus,
972 2398 1215 2451 splendorem
1238 2400 1411 2438 nostrum
1434 2399 1548 2438 illum
1572 2399 1778 2444 forensem,
1809 2409 1847 2437 ct

462 2463 498 2499 in
524 2462 664 2500 Senatu
685 2463 970 2508 audioritatcm,
1002 2474 1039 2502 et
1072 2466 1173 2517 apud
1206 2466 1308 2504 viros
1342 2466 1465 2503 bonos
1494 2467 1674 2518 gratiam,
1706 2466 1845 2518 magis,

459 2540 577 2579 quam
599 2537 836 2580 optaramus,
858 2528 1058 2567 consecuti
1082 2531 1234 2569 sumus:
1268 2531 1308 2569 in
1331 2545 1369 2569 rc
1390 2541 1518 2570 antem
1542 2531 1740 2576 familiari,
1762 2543 1848 2584 qua:
