<?xml version="1.0" encoding="UTF-8"?>
<!DOCTYPE html PUBLIC "-//W3C//DTD XHTML 1.0 Transitional//EN"
    "http://www.w3.org/TR/xhtml1/DTD/xhtml1-transitional.dtd">
<html xmlns="http://www.w3.org/1999/xhtml" xml:lang="en" lang="en">
 <head>
  <title>
</title>
<meta http-equiv="Content-Type" content="text/html;charset=utf-8" />
  <meta name='ocr-system' content='tesseract 3.04.00' />
  <meta name='ocr-capabilities' content='ocr_page ocr_carea ocr_par ocr_line ocrx_word'/>
</head>
<body>
  <div class='ocr_page' id='page_1' title='image "./operacumindicibu08ciceuoft_0258.png"; bbox 0 0 2243 3008; ppageno 0'>
   <div class='ocr_carea' id='block_1_1' title="bbox 536 255 1552 316">
    <p class='ocr_par' dir='ltr' id='par_1_1' title="bbox 536 255 1552 316">
     <span class='ocr_line' id='line_1_1' title="bbox 536 255 1552 316; baseline -0.007 -14"><span class='ocrx_word' id='word_1_1' title='bbox 536 276 614 316; x_wconf 85' lang='lat'>250</span> <span class='ocrx_word' id='word_1_2' title='bbox 863 255 1552 299; x_wconf 82' lang='lat' dir='ltr'><strong>EPISTOLARUM</strong></span> 
     </span>
    </p>
   </div>
   <div class='ocr_carea' id='block_1_2' title="bbox 534 354 1919 465">
    <p class='ocr_par' dir='ltr' id='par_1_2' title="bbox 534 354 1919 465">
     <span class='ocr_line' id='line_1_2' title="bbox 534 354 1919 412; baseline -0.003 -12"><span class='ocrx_word' id='word_1_3' title='bbox 534 361 701 400; x_wconf 85' lang='lat' dir='ltr'>vastitati</span> <span class='ocrx_word' id='word_1_4' title='bbox 721 359 918 399; x_wconf 86' lang='lat' dir='ltr'>videntur.</span> <span class='ocrx_word' id='word_1_5' title='bbox 949 357 1151 412; x_wconf 87' lang='lat' dir='ltr'>Respondi</span> <span class='ocrx_word' id='word_1_6' title='bbox 1170 355 1343 410; x_wconf 90' lang='lat' dir='ltr'>epistolis</span> <span class='ocrx_word' id='word_1_7' title='bbox 1365 356 1514 395; x_wconf 86' lang='lat' dir='ltr'>tribus:</span> <span class='ocrx_word' id='word_1_8' title='bbox 1537 354 1601 396; x_wconf 85' lang='lat' dir='ltr'>sed</span> <span class='ocrx_word' id='word_1_9' title='bbox 1621 356 1784 409; x_wconf 68' lang='lat' dir='ltr'>expecto</span> <span class='ocrx_word' id='word_1_10' title='bbox 1803 354 1919 396; x_wconf 84' lang='lat' dir='ltr'>alias:</span> 
     </span>
     <span class='ocr_line' id='line_1_3' title="bbox 535 421 1824 465; baseline -0.005 1"><span class='ocrx_word' id='word_1_11' title='bbox 535 441 626 465; x_wconf 88' lang='lat' dir='ltr'>nam</span> <span class='ocrx_word' id='word_1_12' title='bbox 646 440 710 465; x_wconf 89' lang='lat' dir='ltr'>me</span> <span class='ocrx_word' id='word_1_13' title='bbox 729 425 858 465; x_wconf 90' lang='lat' dir='ltr'>adhuc</span> <span class='ocrx_word' id='word_1_14' title='bbox 878 434 955 464; x_wconf 87' lang='lat' dir='ltr'>tuae</span> <span class='ocrx_word' id='word_1_15' title='bbox 974 425 1096 463; x_wconf 87' lang='lat' dir='ltr'>literae</span> <span class='ocrx_word' id='word_1_16' title='bbox 1117 423 1392 462; x_wconf 85' lang='lat' dir='ltr'>sustentarunt.</span> <span class='ocrx_word' id='word_1_17' title='bbox 1435 422 1539 461; x_wconf 86' lang='lat' dir='ltr'>Data</span> <span class='ocrx_word' id='word_1_18' title='bbox 1559 421 1824 460; x_wconf 81' lang='lat' dir='ltr'>Liberalibus,</span> 
     </span>
    </p>
   </div>
   <div class='ocr_carea' id='block_1_3' title="bbox 876 620 1592 662">
    <p class='ocr_par' dir='ltr' id='par_1_3' title="bbox 876 620 1592 662">
     <span class='ocr_line' id='line_1_4' title="bbox 876 620 1592 662; baseline -0.001 0"><span class='ocrx_word' id='word_1_19' title='bbox 876 624 1119 662; x_wconf 71' lang='lat' dir='ltr'>Cxcnno</span> <span class='ocrx_word' id='word_1_20' title='bbox 1161 620 1417 659; x_wconf 81' lang='lat' dir='ltr'>ATT1c0</span> <span class='ocrx_word' id='word_1_21' title='bbox 1459 621 1592 661; x_wconf 74' lang='lat' dir='ltr'><strong>SAL.</strong></span> 
     </span>
    </p>
   </div>
   <div class='ocr_carea' id='block_1_4' title="bbox 531 747 1926 2567">
    <p class='ocr_par' dir='ltr' id='par_1_4' title="bbox 535 747 1925 826">
     <span class='ocr_line' id='line_1_5' title="bbox 535 747 1925 826; baseline -0.004 -32"><span class='ocrx_word' id='word_1_22' title='bbox 535 755 589 795; x_wconf 86' lang='lat' dir='ltr'>X.</span> <span class='ocrx_word' id='word_1_23' title='bbox 613 752 699 826; x_wconf 86' lang='lat' dir='ltr'>N</span> <span class='ocrx_word' id='word_1_24' title='bbox 716 755 734 792; x_wconf 93' lang='lat'>1</span> <span class='ocrx_word' id='word_1_25' title='bbox 751 753 793 790; x_wconf 87' lang='grc' dir='ltr'><strong>Η</strong></span> <span class='ocrx_word' id='word_1_26' title='bbox 810 753 828 790; x_wconf 94' lang='grc' dir='ltr'>Ι</span> <span class='ocrx_word' id='word_1_27' title='bbox 845 752 879 789; x_wconf 95' lang='lat' dir='ltr'>L</span> <span class='ocrx_word' id='word_1_28' title='bbox 909 747 1119 794; x_wconf 89' lang='lat' dir='ltr'>habebam,</span> <span class='ocrx_word' id='word_1_29' title='bbox 1149 748 1257 801; x_wconf 92' lang='lat' dir='ltr'>quod</span> <span class='ocrx_word' id='word_1_30' title='bbox 1288 747 1498 787; x_wconf 89' lang='lat' dir='ltr'>scriberem</span> <span class='ocrx_word' id='word_1_31' title='bbox 1515 763 1524 786; x_wconf 91' lang='lat'><strong>:</strong></span> <span class='ocrx_word' id='word_1_32' title='bbox 1557 761 1685 800; x_wconf 90' lang='lat' dir='ltr'>neque</span> <span class='ocrx_word' id='word_1_33' title='bbox 1703 748 1811 788; x_wconf 88' lang='lat' dir='ltr'>enim</span> <span class='ocrx_word' id='word_1_34' title='bbox 1832 750 1925 788; x_wconf 88' lang='lat' dir='ltr'>novi</span> 
     </span>
    </p>

    <p class='ocr_par' dir='ltr' id='par_1_5' title="bbox 531 813 1926 2567">
     <span class='ocr_line' id='line_1_6' title="bbox 730 813 1924 871; baseline -0.001 -16"><span class='ocrx_word' id='word_1_35' title='bbox 730 817 949 871; x_wconf 86' lang='lat' dir='ltr'>quidquam</span> <span class='ocrx_word' id='word_1_36' title='bbox 983 815 1195 860; x_wconf 88' lang='lat' dir='ltr'>audieram,</span> <span class='ocrx_word' id='word_1_37' title='bbox 1230 823 1269 852; x_wconf 91' lang='lat' dir='ltr'>et</span> <span class='ocrx_word' id='word_1_38' title='bbox 1297 814 1345 852; x_wconf 84' lang='lat' dir='ltr'>ad</span> <span class='ocrx_word' id='word_1_39' title='bbox 1377 823 1460 852; x_wconf 86' lang='lat' dir='ltr'>tuas</span> <span class='ocrx_word' id='word_1_40' title='bbox 1490 827 1626 852; x_wconf 88' lang='lat' dir='ltr'>omnes</span> <span class='ocrx_word' id='word_1_41' title='bbox 1656 813 1924 866; x_wconf 85' lang='lat' dir='ltr'>rescripseram</span> 
     </span>
     <span class='ocr_line' id='line_1_7' title="bbox 536 879 1926 938; baseline -0.004 -14"><span class='ocrx_word' id='word_1_42' title='bbox 536 885 678 938; x_wconf 82' lang='lat' dir='ltr'><strong>pridie.</strong></span> <span class='ocrx_word' id='word_1_43' title='bbox 723 882 795 920; x_wconf 89' lang='lat' dir='ltr'>Sed</span> <span class='ocrx_word' id='word_1_44' title='bbox 820 894 912 919; x_wconf 91' lang='lat' dir='ltr'>cum</span> <span class='ocrx_word' id='word_1_45' title='bbox 940 893 1003 918; x_wconf 91' lang='lat' dir='ltr'>me</span> <span class='ocrx_word' id='word_1_46' title='bbox 1024 879 1214 933; x_wconf 85' lang='lat' dir='ltr'>aegritudo</span> <span class='ocrx_word' id='word_1_47' title='bbox 1237 893 1317 917; x_wconf 88' lang='lat' dir='ltr'>non</span> <span class='ocrx_word' id='word_1_48' title='bbox 1337 879 1465 917; x_wconf 86' lang='lat' dir='ltr'>solum</span> <span class='ocrx_word' id='word_1_49' title='bbox 1485 879 1622 917; x_wconf 89' lang='lat' dir='ltr'>somno</span> <span class='ocrx_word' id='word_1_50' title='bbox 1642 879 1824 931; x_wconf 84' lang='lat' dir='ltr'>privaret,</span> <span class='ocrx_word' id='word_1_51' title='bbox 1854 893 1926 918; x_wconf 86' lang='lat' dir='ltr'>ve-</span> 
     </span>
     <span class='ocr_line' id='line_1_8' title="bbox 536 944 1926 999; baseline -0.004 -9"><span class='ocrx_word' id='word_1_52' title='bbox 536 965 624 990; x_wconf 89' lang='lat' dir='ltr'>rum</span> <span class='ocrx_word' id='word_1_53' title='bbox 646 963 693 987; x_wconf 89' lang='lat' dir='ltr'>ne</span> <span class='ocrx_word' id='word_1_54' title='bbox 713 947 874 999; x_wconf 86' lang='lat' dir='ltr'>vigilare</span> <span class='ocrx_word' id='word_1_55' title='bbox 900 945 1062 999; x_wconf 87' lang='lat' dir='ltr'>quidem</span> <span class='ocrx_word' id='word_1_56' title='bbox 1092 945 1171 982; x_wconf 89' lang='lat' dir='ltr'>fine</span> <span class='ocrx_word' id='word_1_57' title='bbox 1200 944 1356 983; x_wconf 88' lang='lat' dir='ltr'>summo</span> <span class='ocrx_word' id='word_1_58' title='bbox 1385 944 1520 982; x_wconf 86' lang='lat' dir='ltr'>dolore</span> <span class='ocrx_word' id='word_1_59' title='bbox 1548 953 1758 997; x_wconf 88' lang='lat' dir='ltr'>pateretur,</span> <span class='ocrx_word' id='word_1_60' title='bbox 1790 954 1926 984; x_wconf 86' lang='lat' dir='ltr'>tecum</span> 
     </span>
     <span class='ocr_line' id='line_1_9' title="bbox 535 1007 1926 1068; baseline -0.004 -14"><span class='ocrx_word' id='word_1_61' title='bbox 535 1025 580 1054; x_wconf 87' lang='lat' dir='ltr'>ut</span> <span class='ocrx_word' id='word_1_62' title='bbox 599 1014 703 1068; x_wconf 87' lang='lat' dir='ltr'>quafi</span> <span class='ocrx_word' id='word_1_63' title='bbox 729 1013 922 1065; x_wconf 86' lang='lat' dir='ltr'>loquerer,</span> <span class='ocrx_word' id='word_1_64' title='bbox 941 1011 981 1048; x_wconf 89' lang='lat' dir='ltr'>in</span> <span class='ocrx_word' id='word_1_65' title='bbox 1003 1024 1083 1063; x_wconf 92' lang='lat' dir='ltr'>quo</span> <span class='ocrx_word' id='word_1_66' title='bbox 1104 1023 1184 1048; x_wconf 89' lang='lat' dir='ltr'>uno</span> <span class='ocrx_word' id='word_1_67' title='bbox 1203 1009 1422 1062; x_wconf 88' lang='lat' dir='ltr'>acquiesco,</span> <span class='ocrx_word' id='word_1_68' title='bbox 1439 1007 1516 1047; x_wconf 90' lang='lat' dir='ltr'>hoc</span> <span class='ocrx_word' id='word_1_69' title='bbox 1538 1009 1667 1048; x_wconf 89' lang='lat' dir='ltr'>nescio</span> <span class='ocrx_word' id='word_1_70' title='bbox 1683 1009 1795 1062; x_wconf 86' lang='lat' dir='ltr'>quid,</span> <span class='ocrx_word' id='word_1_71' title='bbox 1813 1009 1926 1048; x_wconf 88' lang='lat' dir='ltr'>nullo</span> 
     </span>
     <span class='ocr_line' id='line_1_10' title="bbox 534 1073 1925 1132; baseline -0.005 -13"><span class='ocrx_word' id='word_1_72' title='bbox 534 1087 766 1132; x_wconf 84' lang='lat' dir='ltr'>argumento</span> <span class='ocrx_word' id='word_1_73' title='bbox 786 1076 998 1130; x_wconf 74' lang='lat' dir='ltr'>proposito,</span> <span class='ocrx_word' id='word_1_74' title='bbox 1029 1075 1195 1113; x_wconf 88' lang='lat' dir='ltr'>scribere</span> <span class='ocrx_word' id='word_1_75' title='bbox 1224 1074 1390 1113; x_wconf 89' lang='lat' dir='ltr'>institui.</span> <span class='ocrx_word' id='word_1_76' title='bbox 1436 1075 1588 1113; x_wconf 90' lang='lat' dir='ltr'>Amens</span> <span class='ocrx_word' id='word_1_77' title='bbox 1608 1073 1710 1112; x_wconf 91' lang='lat' dir='ltr'>mihi</span> <span class='ocrx_word' id='word_1_78' title='bbox 1729 1073 1842 1112; x_wconf 80' lang='lat' dir='ltr'>fuiffe</span> <span class='ocrx_word' id='word_1_79' title='bbox 1861 1074 1925 1112; x_wconf 85' lang='lat' dir='ltr'>vi·-</span> 
     </span>
     <span class='ocr_line' id='line_1_11' title="bbox 534 1139 1925 1197; baseline -0.004 -14"><span class='ocrx_word' id='word_1_80' title='bbox 534 1145 627 1183; x_wconf 88' lang='lat' dir='ltr'>deor</span> <span class='ocrx_word' id='word_1_81' title='bbox 647 1158 668 1182; x_wconf 94' lang='lat' dir='ltr'>a</span> <span class='ocrx_word' id='word_1_82' title='bbox 686 1142 898 1197; x_wconf 89' lang='lat' dir='ltr'>principio,</span> <span class='ocrx_word' id='word_1_83' title='bbox 930 1151 969 1180; x_wconf 91' lang='lat' dir='ltr'>et</span> <span class='ocrx_word' id='word_1_84' title='bbox 989 1154 1052 1179; x_wconf 90' lang='lat' dir='ltr'>me</span> <span class='ocrx_word' id='word_1_85' title='bbox 1074 1154 1150 1179; x_wconf 88' lang='lat' dir='ltr'>una</span> <span class='ocrx_word' id='word_1_86' title='bbox 1169 1139 1252 1179; x_wconf 81' lang='lat' dir='ltr'>haec</span> <span class='ocrx_word' id='word_1_87' title='bbox 1272 1154 1330 1178; x_wconf 88' lang='lat' dir='ltr'>res</span> <span class='ocrx_word' id='word_1_88' title='bbox 1352 1149 1524 1191; x_wconf 88' lang='lat' dir='ltr'>torquet,</span> <span class='ocrx_word' id='word_1_89' title='bbox 1555 1140 1663 1192; x_wconf 90' lang='lat' dir='ltr'>quod</span> <span class='ocrx_word' id='word_1_90' title='bbox 1684 1153 1762 1178; x_wconf 88' lang='lat' dir='ltr'>non</span> <span class='ocrx_word' id='word_1_91' title='bbox 1788 1141 1925 1179; x_wconf 85' lang='lat' dir='ltr'>omni-</span> 
     </span>
     <span class='ocr_line' id='line_1_12' title="bbox 536 1205 1923 1259; baseline -0.004 -11"><span class='ocrx_word' id='word_1_92' title='bbox 536 1211 609 1249; x_wconf 90' lang='lat' dir='ltr'>bus</span> <span class='ocrx_word' id='word_1_93' title='bbox 639 1210 680 1248; x_wconf 91' lang='lat' dir='ltr'>in</span> <span class='ocrx_word' id='word_1_94' title='bbox 710 1208 826 1246; x_wconf 89' lang='lat' dir='ltr'>rebus</span> <span class='ocrx_word' id='word_1_95' title='bbox 856 1207 1069 1251; x_wconf 90' lang='lat' dir='ltr'>labentem,</span> <span class='ocrx_word' id='word_1_96' title='bbox 1105 1205 1167 1244; x_wconf 88' lang='lat' dir='ltr'>vel</span> <span class='ocrx_word' id='word_1_97' title='bbox 1194 1205 1327 1259; x_wconf 89' lang='lat' dir='ltr'>potius</span> <span class='ocrx_word' id='word_1_98' title='bbox 1348 1214 1542 1250; x_wconf 88' lang='lat' dir='ltr'>ruentem,</span> <span class='ocrx_word' id='word_1_99' title='bbox 1574 1205 1812 1258; x_wconf 88' lang='lat' dir='ltr'>Pompeium</span> <span class='ocrx_word' id='word_1_100' title='bbox 1834 1213 1923 1243; x_wconf 83' lang='lat' dir='ltr'>tan-</span> 
     </span>
     <span class='ocr_line' id='line_1_13' title="bbox 533 1269 1921 1330; baseline -0.003 -16"><span class='ocrx_word' id='word_1_101' title='bbox 533 1289 652 1330; x_wconf 88' lang='lat' dir='ltr'>quam</span> <span class='ocrx_word' id='word_1_102' title='bbox 674 1287 775 1312; x_wconf 90' lang='lat' dir='ltr'>unus</span> <span class='ocrx_word' id='word_1_103' title='bbox 796 1272 1051 1325; x_wconf 82' lang='lat' dir='ltr'>manipularis</span> <span class='ocrx_word' id='word_1_104' title='bbox 1072 1271 1226 1309; x_wconf 90' lang='lat' dir='ltr'>secutus</span> <span class='ocrx_word' id='word_1_105' title='bbox 1247 1271 1332 1310; x_wconf 84' lang='lat' dir='ltr'>sun.</span> <span class='ocrx_word' id='word_1_106' title='bbox 1373 1271 1469 1308; x_wconf 90' lang='lat' dir='ltr'>Vidi</span> <span class='ocrx_word' id='word_1_107' title='bbox 1500 1269 1706 1309; x_wconf 89' lang='lat' dir='ltr'>hominem</span> <span class='ocrx_word' id='word_1_108' title='bbox 1729 1284 1806 1308; x_wconf 76' lang='lat' dir='ltr'>xiv</span> <span class='ocrx_word' id='word_1_109' title='bbox 1830 1271 1921 1310; x_wconf 88' lang='lat' dir='ltr'>Kal.</span> 
     </span>
     <span class='ocr_line' id='line_1_14' title="bbox 537 1335 1923 1392; baseline -0.004 -13"><span class='ocrx_word' id='word_1_110' title='bbox 537 1340 655 1379; x_wconf 89' lang='lat' dir='ltr'>Febr.</span> <span class='ocrx_word' id='word_1_111' title='bbox 677 1339 842 1392; x_wconf 88' lang='lat' dir='ltr'>plenum</span> <span class='ocrx_word' id='word_1_112' title='bbox 862 1337 1108 1376; x_wconf 82' lang='lat' dir='ltr'>formidinis:</span> <span class='ocrx_word' id='word_1_113' title='bbox 1132 1337 1204 1375; x_wconf 91' lang='lat' dir='ltr'>illo</span> <span class='ocrx_word' id='word_1_114' title='bbox 1223 1336 1307 1390; x_wconf 90' lang='lat' dir='ltr'>ipso</span> <span class='ocrx_word' id='word_1_115' title='bbox 1327 1336 1389 1374; x_wconf 87' lang='lat' dir='ltr'>die</span> <span class='ocrx_word' id='word_1_116' title='bbox 1410 1335 1502 1373; x_wconf 74' lang='lat' dir='ltr'>sensi</span> <span class='ocrx_word' id='word_1_117' title='bbox 1524 1336 1622 1388; x_wconf 86' lang='lat' dir='ltr'>quid</span> <span class='ocrx_word' id='word_1_118' title='bbox 1640 1345 1792 1388; x_wconf 86' lang='lat' dir='ltr'>ageret:</span> <span class='ocrx_word' id='word_1_119' title='bbox 1816 1350 1923 1374; x_wconf 88' lang='lat' dir='ltr'>nun-</span> 
     </span>
     <span class='ocr_line' id='line_1_15' title="bbox 533 1400 1924 1459; baseline -0.004 -16"><span class='ocrx_word' id='word_1_120' title='bbox 533 1418 654 1459; x_wconf 85' lang='lat' dir='ltr'>quam</span> <span class='ocrx_word' id='word_1_121' title='bbox 673 1403 775 1442; x_wconf 85' lang='lat' dir='ltr'>mihi</span> <span class='ocrx_word' id='word_1_122' title='bbox 797 1402 924 1456; x_wconf 88' lang='lat' dir='ltr'>postea</span> <span class='ocrx_word' id='word_1_123' title='bbox 942 1402 1120 1455; x_wconf 78' lang='lat' dir='ltr'>placuit3</span> <span class='ocrx_word' id='word_1_124' title='bbox 1152 1415 1223 1440; x_wconf 90' lang='lat' dir='ltr'>nec</span> <span class='ocrx_word' id='word_1_125' title='bbox 1251 1414 1426 1454; x_wconf 87' lang='lat' dir='ltr'>unquam</span> <span class='ocrx_word' id='word_1_126' title='bbox 1453 1400 1560 1438; x_wconf 88' lang='lat' dir='ltr'>aliud</span> <span class='ocrx_word' id='word_1_127' title='bbox 1586 1401 1629 1438; x_wconf 89' lang='lat' dir='ltr'>in</span> <span class='ocrx_word' id='word_1_128' title='bbox 1657 1400 1734 1438; x_wconf 85' lang='lat' dir='ltr'>alio</span> <span class='ocrx_word' id='word_1_129' title='bbox 1762 1413 1924 1453; x_wconf 85' lang='lat' dir='ltr'>peccare</span> 
     </span>
     <span class='ocr_line' id='line_1_16' title="bbox 534 1465 1922 1518; baseline -0.005 -9"><span class='ocrx_word' id='word_1_130' title='bbox 534 1469 697 1509; x_wconf 82' lang='lat' dir='ltr'>destitit.</span> <span class='ocrx_word' id='word_1_131' title='bbox 742 1467 863 1508; x_wconf 88' lang='lat' dir='ltr'>Nihil</span> <span class='ocrx_word' id='word_1_132' title='bbox 892 1468 1052 1506; x_wconf 89' lang='lat' dir='ltr'>interim</span> <span class='ocrx_word' id='word_1_133' title='bbox 1073 1467 1120 1505; x_wconf 91' lang='lat' dir='ltr'>ad</span> <span class='ocrx_word' id='word_1_134' title='bbox 1140 1482 1204 1506; x_wconf 89' lang='lat' dir='ltr'>me</span> <span class='ocrx_word' id='word_1_135' title='bbox 1225 1467 1405 1511; x_wconf 89' lang='lat' dir='ltr'>scribere,</span> <span class='ocrx_word' id='word_1_136' title='bbox 1437 1465 1541 1503; x_wconf 85' lang='lat' dir='ltr'>nihil</span> <span class='ocrx_word' id='word_1_137' title='bbox 1561 1466 1632 1503; x_wconf 75' lang='lat' dir='ltr'>nisi</span> <span class='ocrx_word' id='word_1_138' title='bbox 1651 1465 1789 1517; x_wconf 85' lang='lat' dir='ltr'>fugam</span> <span class='ocrx_word' id='word_1_139' title='bbox 1809 1466 1922 1518; x_wconf 84' lang='lat' dir='ltr'>cogi-</span> 
     </span>
     <span class='ocr_line' id='line_1_17' title="bbox 534 1527 1923 1587; baseline -0.004 -12"><span class='ocrx_word' id='word_1_140' title='bbox 534 1545 628 1575; x_wconf 85' lang='lat' dir='ltr'>tare.</span> <span class='ocrx_word' id='word_1_141' title='bbox 666 1534 776 1587; x_wconf 85' lang='lat' dir='ltr'>Qid</span> <span class='ocrx_word' id='word_1_142' title='bbox 797 1535 937 1587; x_wconf 86' lang='lat' dir='ltr'>quaeris</span> <span class='ocrx_word' id='word_1_143' title='bbox 956 1549 974 1583; x_wconf 64' lang='grc' dir='ltr'>;Δ</span> <span class='ocrx_word' id='word_1_144' title='bbox 998 1534 1096 1571; x_wconf 77' lang='lat' dir='ltr'>sicut</span> <span class='ocrx_word' id='word_1_145' title='bbox 1115 1530 1142 1568; x_wconf 77' lang='grc' dir='ltr'>ἐν</span> <span class='ocrx_word' id='word_1_146' title='bbox 1160 1532 1222 1570; x_wconf 75' lang='grc' dir='ltr'><strong><em>τοῖς</em></strong></span> <span class='ocrx_word' id='word_1_147' title='bbox 1240 1527 1385 1582; x_wconf 67' lang='grc' dir='ltr'><strong><em>ὲρωῖικοῖς</em></strong></span> <span class='ocrx_word' id='word_1_148' title='bbox 1403 1531 1575 1569; x_wconf 86' lang='lat' dir='ltr'>alienant</span> <span class='ocrx_word' id='word_1_149' title='bbox 1594 1531 1826 1576; x_wconf 87' lang='lat' dir='ltr'>immundae,</span> <span class='ocrx_word' id='word_1_150' title='bbox 1857 1532 1923 1569; x_wconf 89' lang='lat' dir='ltr'>in-</span> 
     </span>
     <span class='ocr_line' id='line_1_18' title="bbox 535 1595 1926 1650; baseline -0.004 -9"><span class='ocrx_word' id='word_1_151' title='bbox 535 1602 655 1647; x_wconf 87' lang='lat' dir='ltr'>sulsae,</span> <span class='ocrx_word' id='word_1_152' title='bbox 686 1601 878 1639; x_wconf 83' lang='lat' dir='ltr'>indecorae</span> <span class='ocrx_word' id='word_1_153' title='bbox 894 1619 906 1645; x_wconf 69' lang='lat'>3</span> <span class='ocrx_word' id='word_1_154' title='bbox 938 1599 989 1637; x_wconf 90' lang='lat' dir='ltr'>fic</span> <span class='ocrx_word' id='word_1_155' title='bbox 1010 1612 1073 1637; x_wconf 88' lang='lat' dir='ltr'>me</span> <span class='ocrx_word' id='word_1_156' title='bbox 1094 1598 1202 1637; x_wconf 88' lang='lat' dir='ltr'>illius</span> <span class='ocrx_word' id='word_1_157' title='bbox 1222 1596 1326 1648; x_wconf 87' lang='lat' dir='ltr'>fugae</span> <span class='ocrx_word' id='word_1_158' title='bbox 1346 1597 1675 1650; x_wconf 69' lang='lat' dir='ltr'>negligentiaeque</span> <span class='ocrx_word' id='word_1_159' title='bbox 1695 1595 1926 1636; x_wconf 87' lang='lat' dir='ltr'>deformitas</span> 
     </span>
     <span class='ocr_line' id='line_1_19' title="bbox 533 1661 1923 1715; baseline -0.004 -9"><span class='ocrx_word' id='word_1_160' title='bbox 533 1667 671 1706; x_wconf 87' lang='lat' dir='ltr'>avertit</span> <span class='ocrx_word' id='word_1_161' title='bbox 691 1666 738 1704; x_wconf 88' lang='lat' dir='ltr'>ab</span> <span class='ocrx_word' id='word_1_162' title='bbox 759 1679 911 1704; x_wconf 88' lang='lat' dir='ltr'>amore:</span> <span class='ocrx_word' id='word_1_163' title='bbox 936 1663 1036 1702; x_wconf 87' lang='lat' dir='ltr'>nihil</span> <span class='ocrx_word' id='word_1_164' title='bbox 1059 1664 1166 1702; x_wconf 89' lang='lat' dir='ltr'>enirn</span> <span class='ocrx_word' id='word_1_165' title='bbox 1187 1662 1354 1714; x_wconf 88' lang='lat' dir='ltr'>dignum</span> <span class='ocrx_word' id='word_1_166' title='bbox 1375 1661 1558 1707; x_wconf 85' lang='lat' dir='ltr'>faciebat,</span> <span class='ocrx_word' id='word_1_167' title='bbox 1576 1675 1694 1715; x_wconf 91' lang='lat' dir='ltr'>quare</span> <span class='ocrx_word' id='word_1_168' title='bbox 1714 1663 1796 1714; x_wconf 86' lang='lat' dir='ltr'>ejus</span> <span class='ocrx_word' id='word_1_169' title='bbox 1818 1661 1923 1715; x_wconf 78' lang='lat' dir='ltr'>fugae</span> 
     </span>
     <span class='ocr_line' id='line_1_20' title="bbox 534 1727 1921 1782; baseline -0.002 -12"><span class='ocrx_word' id='word_1_170' title='bbox 534 1733 724 1771; x_wconf 89' lang='lat' dir='ltr'>comitem</span> <span class='ocrx_word' id='word_1_171' title='bbox 744 1744 808 1769; x_wconf 88' lang='lat' dir='ltr'>me</span> <span class='ocrx_word' id='word_1_172' title='bbox 828 1730 1095 1782; x_wconf 88' lang='lat' dir='ltr'>adjungerem.</span> <span class='ocrx_word' id='word_1_173' title='bbox 1141 1728 1264 1767; x_wconf 88' lang='lat' dir='ltr'>Nunc</span> <span class='ocrx_word' id='word_1_174' title='bbox 1285 1728 1451 1780; x_wconf 90' lang='lat' dir='ltr'>emergit</span> <span class='ocrx_word' id='word_1_175' title='bbox 1477 1741 1613 1772; x_wconf 88' lang='lat' dir='ltr'>amor;</span> <span class='ocrx_word' id='word_1_176' title='bbox 1646 1741 1752 1766; x_wconf 89' lang='lat' dir='ltr'>nunc</span> <span class='ocrx_word' id='word_1_177' title='bbox 1772 1727 1921 1767; x_wconf 85' lang='lat' dir='ltr'>defide-</span> 
     </span>
     <span class='ocr_line' id='line_1_21' title="bbox 535 1791 1921 1848; baseline -0.003 -12"><span class='ocrx_word' id='word_1_178' title='bbox 535 1798 638 1836; x_wconf 89' lang='lat' dir='ltr'>rium</span> <span class='ocrx_word' id='word_1_179' title='bbox 660 1796 759 1835; x_wconf 89' lang='lat' dir='ltr'>ferre</span> <span class='ocrx_word' id='word_1_180' title='bbox 781 1809 859 1834; x_wconf 87' lang='lat' dir='ltr'>non</span> <span class='ocrx_word' id='word_1_181' title='bbox 889 1795 1070 1848; x_wconf 74' lang='lat' dir='ltr'>poffum5</span> <span class='ocrx_word' id='word_1_182' title='bbox 1103 1808 1210 1832; x_wconf 90' lang='lat' dir='ltr'>nunc</span> <span class='ocrx_word' id='word_1_183' title='bbox 1242 1792 1346 1831; x_wconf 90' lang='lat' dir='ltr'>mihi</span> <span class='ocrx_word' id='word_1_184' title='bbox 1376 1791 1479 1831; x_wconf 87' lang='lat' dir='ltr'>nihil</span> <span class='ocrx_word' id='word_1_185' title='bbox 1509 1793 1616 1837; x_wconf 85' lang='lat' dir='ltr'>libri,</span> <span class='ocrx_word' id='word_1_186' title='bbox 1649 1792 1750 1831; x_wconf 88' lang='lat' dir='ltr'>nihil</span> <span class='ocrx_word' id='word_1_187' title='bbox 1784 1793 1921 1839; x_wconf 76' lang='lat' dir='ltr'>literae,</span> 
     </span>
     <span class='ocr_line' id='line_1_22' title="bbox 534 1859 1923 1913; baseline -0.004 -11"><span class='ocrx_word' id='word_1_188' title='bbox 534 1863 636 1902; x_wconf 88' lang='lat' dir='ltr'>nihil</span> <span class='ocrx_word' id='word_1_189' title='bbox 668 1862 844 1900; x_wconf 71' lang='lat' dir='ltr'>do&amp;rina</span> <span class='ocrx_word' id='word_1_190' title='bbox 874 1860 1054 1913; x_wconf 86' lang='lat' dir='ltr'>prodest:</span> <span class='ocrx_word' id='word_1_191' title='bbox 1088 1860 1143 1898; x_wconf 89' lang='lat' dir='ltr'>ita</span> <span class='ocrx_word' id='word_1_192' title='bbox 1175 1860 1257 1898; x_wconf 88' lang='lat' dir='ltr'>dies</span> <span class='ocrx_word' id='word_1_193' title='bbox 1288 1867 1327 1897; x_wconf 88' lang='lat' dir='ltr'>et</span> <span class='ocrx_word' id='word_1_194' title='bbox 1359 1860 1492 1896; x_wconf 69' lang='lat' dir='ltr'>noctes</span> <span class='ocrx_word' id='word_1_195' title='bbox 1524 1867 1709 1910; x_wconf 81' lang='lat' dir='ltr'>tanquam</span> <span class='ocrx_word' id='word_1_196' title='bbox 1741 1859 1821 1897; x_wconf 90' lang='lat' dir='ltr'>avis</span> <span class='ocrx_word' id='word_1_197' title='bbox 1854 1860 1923 1897; x_wconf 85' lang='lat' dir='ltr'>illa</span> 
     </span>
     <span class='ocr_line' id='line_1_23' title="bbox 536 1924 1922 1981; baseline -0.002 -14"><span class='ocrx_word' id='word_1_198' title='bbox 536 1942 639 1967; x_wconf 89' lang='lat' dir='ltr'>mare</span> <span class='ocrx_word' id='word_1_199' title='bbox 674 1927 876 1981; x_wconf 70' lang='lat' dir='ltr'>prospecto</span> <span class='ocrx_word' id='word_1_200' title='bbox 893 1945 904 1970; x_wconf 87' lang='lat'>;</span> <span class='ocrx_word' id='word_1_201' title='bbox 946 1926 1096 1965; x_wconf 88' lang='lat' dir='ltr'>evolare</span> <span class='ocrx_word' id='word_1_202' title='bbox 1130 1925 1264 1978; x_wconf 90' lang='lat' dir='ltr'>cupio.</span> <span class='ocrx_word' id='word_1_203' title='bbox 1315 1925 1395 1969; x_wconf 92' lang='lat' dir='ltr'>Do,</span> <span class='ocrx_word' id='word_1_204' title='bbox 1436 1924 1486 1962; x_wconf 93' lang='lat' dir='ltr'>do</span> <span class='ocrx_word' id='word_1_205' title='bbox 1520 1938 1654 1977; x_wconf 84' lang='lat' dir='ltr'>poenas</span> <span class='ocrx_word' id='word_1_206' title='bbox 1689 1925 1922 1964; x_wconf 84' lang='lat' dir='ltr'>temeritatis</span> 
     </span>
     <span class='ocr_line' id='line_1_24' title="bbox 535 1989 1921 2045; baseline -0.003 -12"><span class='ocrx_word' id='word_1_207' title='bbox 535 2008 654 2033; x_wconf 83' lang='lat' dir='ltr'>meae:</span> <span class='ocrx_word' id='word_1_208' title='bbox 677 1993 743 2031; x_wconf 75' lang='lat' dir='ltr'>etsi</span> <span class='ocrx_word' id='word_1_209' title='bbox 765 2006 852 2045; x_wconf 81' lang='lat' dir='ltr'>quae</span> <span class='ocrx_word' id='word_1_210' title='bbox 872 1991 951 2030; x_wconf 85' lang='lat' dir='ltr'>fuit</span> <span class='ocrx_word' id='word_1_211' title='bbox 971 1991 1039 2029; x_wconf 91' lang='lat' dir='ltr'>illa</span> <span class='ocrx_word' id='word_1_212' title='bbox 1060 1992 1255 2029; x_wconf 83' lang='lat' dir='ltr'>temeritas</span> <span class='ocrx_word' id='word_1_213' title='bbox 1273 1992 1286 2027; x_wconf 91' lang='lat'>?</span> <span class='ocrx_word' id='word_1_214' title='bbox 1308 1991 1405 2042; x_wconf 89' lang='lat' dir='ltr'>quid</span> <span class='ocrx_word' id='word_1_215' title='bbox 1426 1989 1503 2028; x_wconf 88' lang='lat' dir='ltr'>feci</span> <span class='ocrx_word' id='word_1_216' title='bbox 1525 2003 1602 2028; x_wconf 85' lang='lat' dir='ltr'>non</span> <span class='ocrx_word' id='word_1_217' title='bbox 1624 1990 1921 2029; x_wconf 65' lang='lat' dir='ltr'>confuderatiffi-</span> 
     </span>
     <span class='ocr_line' id='line_1_25' title="bbox 536 2055 1921 2109; baseline -0.002 -11"><span class='ocrx_word' id='word_1_218' title='bbox 536 2061 631 2098; x_wconf 85' lang='lat' dir='ltr'>me?</span> <span class='ocrx_word' id='word_1_219' title='bbox 663 2059 702 2096; x_wconf 88' lang='lat' dir='ltr'>Si</span> <span class='ocrx_word' id='word_1_220' title='bbox 722 2058 829 2096; x_wconf 89' lang='lat' dir='ltr'>enim</span> <span class='ocrx_word' id='word_1_221' title='bbox 852 2056 952 2095; x_wconf 89' lang='lat' dir='ltr'>nihil</span> <span class='ocrx_word' id='word_1_222' title='bbox 974 2066 1111 2109; x_wconf 83' lang='lat' dir='ltr'>praeter</span> <span class='ocrx_word' id='word_1_223' title='bbox 1137 2055 1273 2108; x_wconf 79' lang='lat' dir='ltr'>fugam</span> <span class='ocrx_word' id='word_1_224' title='bbox 1294 2065 1544 2108; x_wconf 84' lang='lat' dir='ltr'>quaereretur,</span> <span class='ocrx_word' id='word_1_225' title='bbox 1580 2055 1762 2107; x_wconf 79' lang='lat' dir='ltr'>fugiffem</span> <span class='ocrx_word' id='word_1_226' title='bbox 1789 2057 1921 2095; x_wconf 90' lang='lat' dir='ltr'>liben-</span> 
     </span>
     <span class='ocr_line' id='line_1_26' title="bbox 535 2120 1923 2174; baseline -0.002 -11"><span class='ocrx_word' id='word_1_227' title='bbox 535 2124 675 2163; x_wconf 83' lang='lat' dir='ltr'>tissime</span> <span class='ocrx_word' id='word_1_228' title='bbox 694 2138 702 2161; x_wconf 94' lang='lat'>:</span> <span class='ocrx_word' id='word_1_229' title='bbox 736 2121 798 2161; x_wconf 89' lang='lat' dir='ltr'>sed</span> <span class='ocrx_word' id='word_1_230' title='bbox 819 2134 943 2174; x_wconf 86' lang='lat' dir='ltr'>genus</span> <span class='ocrx_word' id='word_1_231' title='bbox 964 2121 1059 2160; x_wconf 88' lang='lat' dir='ltr'>belli</span> <span class='ocrx_word' id='word_1_232' title='bbox 1080 2120 1333 2159; x_wconf 85' lang='lat' dir='ltr'>crudeliflimi</span> <span class='ocrx_word' id='word_1_233' title='bbox 1352 2129 1391 2159; x_wconf 88' lang='lat' dir='ltr'>et</span> <span class='ocrx_word' id='word_1_234' title='bbox 1412 2121 1592 2165; x_wconf 85' lang='lat' dir='ltr'>maximi,</span> <span class='ocrx_word' id='word_1_235' title='bbox 1614 2120 1722 2173; x_wconf 87' lang='lat' dir='ltr'>quod</span> <span class='ocrx_word' id='word_1_236' title='bbox 1743 2121 1923 2161; x_wconf 88' lang='lat' dir='ltr'>nondum</span> 
     </span>
     <span class='ocr_line' id='line_1_27' title="bbox 534 2185 1920 2240; baseline -0.001 -13"><span class='ocrx_word' id='word_1_237' title='bbox 534 2189 666 2228; x_wconf 89' lang='lat' dir='ltr'>vident</span> <span class='ocrx_word' id='word_1_238' title='bbox 687 2187 869 2226; x_wconf 86' lang='lat' dir='ltr'>homines</span> <span class='ocrx_word' id='word_1_239' title='bbox 889 2187 1004 2240; x_wconf 88' lang='lat' dir='ltr'>quale</span> <span class='ocrx_word' id='word_1_240' title='bbox 1024 2186 1204 2225; x_wconf 87' lang='lat' dir='ltr'>futurum</span> <span class='ocrx_word' id='word_1_241' title='bbox 1227 2186 1284 2231; x_wconf 74' lang='lat' dir='ltr'>sit,</span> <span class='ocrx_word' id='word_1_242' title='bbox 1317 2185 1538 2239; x_wconf 85' lang='lat' dir='ltr'>perhorrui.</span> <span class='ocrx_word' id='word_1_243' title='bbox 1570 2188 1668 2238; x_wconf 76' lang='lat' dir='ltr'>Qae</span> <span class='ocrx_word' id='word_1_244' title='bbox 1690 2187 1806 2225; x_wconf 79' lang='lat' dir='ltr'>mina:</span> <span class='ocrx_word' id='word_1_245' title='bbox 1828 2201 1920 2225; x_wconf 89' lang='lat' dir='ltr'>mu-</span> 
     </span>
     <span class='ocr_line' id='line_1_28' title="bbox 533 2251 1919 2307; baseline -0.001 -15"><span class='ocrx_word' id='word_1_246' title='bbox 533 2254 693 2307; x_wconf 87' lang='lat' dir='ltr'>nicipiis</span> <span class='ocrx_word' id='word_1_247' title='bbox 712 2254 725 2291; x_wconf 91' lang='lat'>?</span> <span class='ocrx_word' id='word_1_248' title='bbox 757 2266 844 2305; x_wconf 83' lang='lat' dir='ltr'>quae</span> <span class='ocrx_word' id='word_1_249' title='bbox 866 2252 1101 2290; x_wconf 86' lang='lat' dir='ltr'>nominatim</span> <span class='ocrx_word' id='word_1_250' title='bbox 1123 2251 1214 2289; x_wconf 89' lang='lat' dir='ltr'>viris</span> <span class='ocrx_word' id='word_1_251' title='bbox 1237 2251 1350 2288; x_wconf 85' lang='lat' dir='ltr'>bonis</span> <span class='ocrx_word' id='word_1_252' title='bbox 1371 2251 1383 2288; x_wconf 93' lang='lat'>?</span> <span class='ocrx_word' id='word_1_253' title='bbox 1415 2265 1501 2303; x_wconf 81' lang='lat' dir='ltr'>quae</span> <span class='ocrx_word' id='word_1_254' title='bbox 1523 2251 1691 2304; x_wconf 84' lang='lat' dir='ltr'>denique</span> <span class='ocrx_word' id='word_1_255' title='bbox 1715 2251 1919 2298; x_wconf 85' lang='lat' dir='ltr'>omnibus,</span> 
     </span>
     <span class='ocr_line' id='line_1_29' title="bbox 532 2316 1919 2373; baseline -0.001 -16"><span class='ocrx_word' id='word_1_256' title='bbox 532 2320 602 2373; x_wconf 87' lang='lat' dir='ltr'>qui</span> <span class='ocrx_word' id='word_1_257' title='bbox 625 2319 883 2358; x_wconf 74' lang='lat' dir='ltr'>remansissent</span> <span class='ocrx_word' id='word_1_258' title='bbox 903 2319 915 2356; x_wconf 91' lang='lat'>?</span> <span class='ocrx_word' id='word_1_259' title='bbox 946 2332 1065 2371; x_wconf 85' lang='lat' dir='ltr'>quam</span> <span class='ocrx_word' id='word_1_260' title='bbox 1086 2318 1223 2356; x_wconf 90' lang='lat' dir='ltr'>crebro</span> <span class='ocrx_word' id='word_1_261' title='bbox 1250 2316 1347 2355; x_wconf 87' lang='lat' dir='ltr'>illud</span> <span class='ocrx_word' id='word_1_262' title='bbox 1368 2332 1375 2355; x_wconf 93' lang='lat'>:</span> <span class='ocrx_word' id='word_1_263' title='bbox 1411 2317 1505 2369; x_wconf 70' lang='lat' dir='ltr'><em>Sylla</em></span> <span class='ocrx_word' id='word_1_264' title='bbox 1522 2317 1655 2369; x_wconf 81' lang='lat' dir='ltr'>potuit,</span> <span class='ocrx_word' id='word_1_265' title='bbox 1687 2331 1747 2369; x_wconf 81' lang='lat' dir='ltr'>ego</span> <span class='ocrx_word' id='word_1_266' title='bbox 1768 2332 1834 2355; x_wconf 82' lang='lat' dir='ltr'>non</span> <span class='ocrx_word' id='word_1_267' title='bbox 1848 2327 1919 2371; x_wconf 83' lang='lat' dir='ltr'>po-</span> 
     </span>
     <span class='ocr_line' id='line_1_30' title="bbox 533 2382 1919 2435; baseline 0 -13"><span class='ocrx_word' id='word_1_268' title='bbox 533 2394 610 2423; x_wconf 78' lang='lat' dir='ltr'>ttro</span> <span class='ocrx_word' id='word_1_269' title='bbox 626 2384 646 2422; x_wconf 68' lang='grc' dir='ltr'><strong><em>ἒ</em></strong></span> <span class='ocrx_word' id='word_1_270' title='bbox 678 2383 785 2422; x_wconf 82' lang='lat' dir='ltr'>Mihi</span> <span class='ocrx_word' id='word_1_271' title='bbox 807 2393 937 2422; x_wconf 83' lang='lat' dir='ltr'>autem</span> <span class='ocrx_word' id='word_1_272' title='bbox 959 2383 1150 2422; x_wconf 79' lang='lat' dir='ltr'>haeserunt</span> <span class='ocrx_word' id='word_1_273' title='bbox 1174 2383 1263 2421; x_wconf 83' lang='lat' dir='ltr'>illa:</span> <span class='ocrx_word' id='word_1_274' title='bbox 1288 2382 1386 2420; x_wconf 71' lang='lat' dir='ltr'>male</span> <span class='ocrx_word' id='word_1_275' title='bbox 1408 2383 1667 2435; x_wconf 65' lang='lat' dir='ltr'>Tarquinius,</span> <span class='ocrx_word' id='word_1_276' title='bbox 1690 2383 1758 2435; x_wconf 86' lang='lat' dir='ltr'>qui</span> <span class='ocrx_word' id='word_1_277' title='bbox 1784 2383 1919 2422; x_wconf 89' lang='lat' dir='ltr'>Porse-</span> 
     </span>
     <span class='ocr_line' id='line_1_31' title="bbox 534 2449 1918 2501; baseline -0.001 -14"><span class='ocrx_word' id='word_1_278' title='bbox 534 2463 638 2494; x_wconf 86' lang='lat' dir='ltr'>nam,</span> <span class='ocrx_word' id='word_1_279' title='bbox 661 2449 730 2501; x_wconf 87' lang='lat' dir='ltr'>qui</span> <span class='ocrx_word' id='word_1_280' title='bbox 754 2449 963 2486; x_wconf 68' lang='lat' dir='ltr'>Octavium</span> <span class='ocrx_word' id='word_1_281' title='bbox 987 2449 1234 2492; x_wconf 79' lang='lat' dir='ltr'>Mamilium,</span> <span class='ocrx_word' id='word_1_282' title='bbox 1256 2458 1391 2485; x_wconf 76' lang='lat' dir='ltr'>contr-1</span> <span class='ocrx_word' id='word_1_283' title='bbox 1413 2449 1599 2499; x_wconf 80' lang='lat' dir='ltr'>p.1tri.un;</span> <span class='ocrx_word' id='word_1_284' title='bbox 1634 2449 1754 2500; x_wconf 82' lang='lat' dir='ltr'>impie</span> <span class='ocrx_word' id='word_1_285' title='bbox 1775 2449 1918 2486; x_wconf 85' lang='lat' dir='ltr'>Corio-</span> 
     </span>
     <span class='ocr_line' id='line_1_32' title="bbox 531 2512 1917 2567; baseline -0.002 -13"><span class='ocrx_word' id='word_1_286' title='bbox 531 2517 657 2561; x_wconf 75' lang='lat' dir='ltr'>lanus,</span> <span class='ocrx_word' id='word_1_287' title='bbox 689 2514 758 2567; x_wconf 88' lang='lat' dir='ltr'>qui</span> <span class='ocrx_word' id='word_1_288' title='bbox 788 2514 980 2553; x_wconf 76' lang='lat' dir='ltr'>auxilium</span> <span class='ocrx_word' id='word_1_289' title='bbox 1002 2514 1117 2567; x_wconf 74' lang='lat' dir='ltr'>petiit</span> <span class='ocrx_word' id='word_1_290' title='bbox 1137 2527 1157 2551; x_wconf 79' lang='lat' dir='ltr'>a</span> <span class='ocrx_word' id='word_1_291' title='bbox 1179 2514 1329 2553; x_wconf 73' lang='lat' dir='ltr'>Volscis</span> <span class='ocrx_word' id='word_1_292' title='bbox 1350 2532 1359 2558; x_wconf 86' lang='lat'>;</span> <span class='ocrx_word' id='word_1_293' title='bbox 1393 2516 1492 2552; x_wconf 63' lang='lat' dir='ltr'>redte</span> <span class='ocrx_word' id='word_1_294' title='bbox 1513 2512 1818 2559; x_wconf 79' lang='lat' dir='ltr'>Themistocles,</span> <span class='ocrx_word' id='word_1_295' title='bbox 1848 2513 1917 2566; x_wconf 86' lang='lat' dir='ltr'>qui</span> 
     </span>
    </p>
   </div>
  </div>
 </body>
</html>
