2243 3008
528 271 634 310 AD
694 268 1123 307 ATTICUM
1190 269 1331 307 LIB.
1384 269 1455 307 IV.
1611 284 1682 323 113

301 386 379 411 non
415 371 580 424 quiescis
599 372 613 407 ?
648 370 824 422 Ignosce,
855 370 921 406 vix
955 368 1122 421 poffum.
1170 369 1434 406 Veruntamen
1471 368 1566 420 quid
1604 378 1683 405 tam

300 437 546 475 ridiculum?
579 436 738 473 Senatus
760 434 993 478 decreverat,
1025 447 1073 471 ne
1105 433 1211 485 prIus
1242 434 1403 471 comitia
1431 433 1681 477 haberentur,

300 515 417 553 quam
438 502 501 539 lex
523 501 599 538 lata
617 500 707 538 esset
726 517 733 538 2
768 500 792 537 si
814 499 884 552 qui
904 498 1179 542 interceffiss‘et,
1212 512 1268 536 res
1291 499 1440 550 integra
1461 497 1681 535 referretur.

300 568 442 619 Coepta
460 565 553 604 ferri
573 566 709 603 leviter
727 581 735 603 ε
761 564 1006 603 intercessum
1028 577 1105 601 non
1128 564 1263 601 invitis
1283 579 1291 601 :
1324 577 1382 601 res
1403 563 1449 600 ad
1470 564 1680 600 Senatum:

299 631 347 669 de
366 645 409 669 ea
428 645 467 669 re
488 631 541 669 ita
560 631 807 675 censuerunt,
839 629 1001 667 comitia
1020 629 1149 681 primo
1169 642 1326 681 quoque
1348 638 1523 680 tempore
1550 627 1684 665 haberi

300 697 372 734 effe
392 709 486 735 e‘re.
533 697 712 741 Scaurus,
744 697 812 748 qui
832 705 912 734 erat
929 695 1065 747 paucis
1086 694 1223 732 diebus
1246 694 1325 732 illis
1346 694 1560 738 absolutus,
1591 706 1685 731 cum

298 776 371 814 ego
391 772 540 815 partem
561 763 643 814 ejus
665 762 900 800 ornatiffime
920 759 1187 804 defendissem,
1219 759 1589 798 obnuntiationibus
1617 772 1684 810 per

302 828 512 866 Scaevolam
546 828 797 880 interpositis,
841 826 1001 878 lingulis
1037 825 1174 863 diebus
1207 825 1327 877 usque
1358 825 1404 862 ad
1435 825 1560 876 pridie
1593 824 1682 862 Kal.

303 893 449 931 octob.
487 907 566 945 quo
598 906 672 944 ego
706 892 788 930 haec
823 892 885 930 die
920 891 1064 943 scripsi,
1106 890 1281 936 sublatis,
1321 891 1470 942 populo
1503 890 1687 928 tributim

302 957 411 995 domi
433 957 506 995 suae
526 956 784 1002 satisfecerat,
809 956 870 994 sed
892 967 1036 1000 tamen,
1054 956 1120 993 etsi
1143 955 1298 993 uberior
1319 955 1529 993 liberalitas
1550 954 1683 1006 hujus,

302 1023 448 1075 gratior
474 1023 545 1061 effe
567 1023 771 1060 videbatur
791 1035 943 1066 eorum,
975 1022 1044 1074 qui
1073 1031 1324 1073 occuparant.
1372 1022 1567 1073 Cuperem
1595 1020 1686 1057 vul-

302 1097 390 1125 tum
411 1087 539 1125 videre
559 1096 689 1131 tuum,
721 1100 814 1125 cum
845 1086 927 1124 haec
961 1086 1133 1138 legeres:
1166 1098 1256 1123 nam
1291 1085 1464 1137 profecto
1496 1099 1577 1123 rem
1608 1098 1687 1122 non

302 1151 422 1190 habes
444 1152 610 1196 nullam,
640 1150 722 1190 haec
755 1152 912 1203 negotia
938 1151 1153 1189 multarum
1185 1151 1451 1188 nundinarum
1472 1150 1568 1189 fore.
1615 1150 1689 1188 Sed

304 1218 466 1255 Senatus
499 1216 619 1255 hodie
652 1216 778 1255 fuerat
811 1215 984 1261 futurus,
1024 1215 1065 1253 id
1096 1215 1149 1253 est
1180 1216 1270 1255 Kal.
1307 1216 1575 1254 octobribus:
1603 1217 1688 1267 jam

303 1284 412 1322 enirn
432 1283 615 1322 luciscit:
647 1283 705 1321 ibi
726 1283 924 1335 loquetur,
954 1291 1093 1335 praeter
1113 1282 1283 1319 Antium
1302 1291 1342 1320 et
1369 1283 1603 1327 Favonium,
1635 1283 1687 1320 li-

305 1349 395 1388 bere
416 1362 557 1387 nemo:
590 1362 682 1387 nam
702 1349 802 1387 Cato
823 1357 996 1400 aegrotat.
1029 1348 1091 1386 De
1112 1361 1174 1385 me
1195 1345 1298 1385 nihil
1319 1347 1522 1385 timueris:
1546 1347 1610 1385 sed
1629 1356 1690 1386 ta-

305 1427 397 1454 men
418 1416 609 1468 promitto
630 1413 747 1453 nihil.
780 1414 890 1466 Qid
911 1414 1052 1467 quaeris
1072 1413 1208 1452 aliud?
1225 1413 1389 1465 judicia,
1411 1413 1542 1452 credo.
1579 1414 1689 1451 Dru-

306 1480 384 1526 sus,
416 1482 579 1518 Scaurus
601 1493 680 1518 non
700 1479 830 1518 feciffe
850 1479 1047 1518 videntur.
1090 1480 1189 1517 Tres
1219 1477 1415 1516 candidati
1435 1477 1519 1517 fore
1540 1478 1594 1516 rei
1614 1491 1692 1530 pu-

307 1546 504 1591 tabantur,
527 1546 732 1584 Domitius
753 1560 775 1583 a
794 1546 1007 1590 Memmio,
1039 1544 1218 1582 Meffalla
1236 1557 1258 1582 a
1277 1545 1343 1596 Q
1356 1544 1545 1597 Pompeio
1566 1543 1691 1589 Rufo,

309 1612 474 1650 Scaurus
495 1625 516 1649 a
536 1611 706 1656 Triario,
724 1620 790 1649 aut
810 1624 831 1648 a
851 1612 900 1649 L.
924 1610 1084 1649 Caesare.
1117 1609 1227 1661 Qid
1248 1610 1408 1662 poteris,
1431 1610 1600 1662 inquies,
1622 1623 1695 1662 pro

309 1676 357 1714 iis
379 1676 537 1720 dicere?
570 1676 634 1714 Ne
665 1676 808 1720 vivam,
840 1676 866 1713 fi
898 1675 991 1713 seio.
1038 1676 1083 1713 In
1117 1675 1196 1712 illis
1226 1674 1387 1726 quidem
1417 1674 1542 1712 tribus
1564 1674 1691 1718 libris,

308 1755 408 1793 quos
431 1751 474 1779 tu
499 1741 686 1786 dilaudas,
718 1740 820 1779 nihil
853 1741 1015 1793 reperio.
1063 1741 1185 1778 Nunc
1218 1749 1262 1777 ut
1292 1740 1521 1792 opinionem
1553 1738 1693 1778 habeas

310 1821 455 1852 rerum,
484 1806 690 1844 ferendum
711 1806 778 1846 est.
811 1807 964 1858 Qaeris
986 1820 1058 1859 ego
1079 1819 1141 1843 me
1163 1815 1205 1843 ut
1225 1805 1431 1858 gesserim?
1464 1805 1696 1844 Constanter

309 1882 350 1911 et
379 1873 514 1910 libere.
561 1871 671 1924 Qid
700 1872 782 1917 ille,
814 1872 984 1923 inquies,
1017 1881 1060 1909 ut
1080 1870 1259 1908 ferebat?
1290 1871 1546 1916 Humaniter,
1577 1883 1694 1908 meae-

309 1952 388 1991 que
408 1938 627 1990 dignitatis,
644 1937 772 1990 quoad
793 1936 894 1975 mihi
915 1935 1154 1974 satisfaCtum
1175 1935 1279 1980 effet,
1302 1934 1521 1973 habendam
1542 1935 1612 1973 s1bi
1633 1948 1695 1973 ra-

313 2004 463 2042 tionem
484 2003 658 2056 putabat.
705 2004 798 2055 Qo
830 2002 949 2040 modo
977 2015 1070 2054 ergo
1094 2001 1326 2039 absolutus?
1360 2001 1540 2039 Omnino
1570 1996 1698 2053 μξγεῖα.

310 2065 425 2117 wara.
456 2068 740 2107 Accusatorum
762 2067 1005 2106 incredibilis
1026 2066 1206 2112 infantia,
1237 2066 1277 2104 id
1297 2066 1350 2104 est
1370 2067 1420 2105 L.
1443 2066 1620 2110 Lentuli,
1644 2066 1694 2104 L.

312 2134 401 2180 filii,
446 2148 564 2187 quem
598 2133 775 2173 fremunt
808 2147 944 2172 omnes
979 2134 1270 2186 praevaricatum
1289 2151 1300 2177 ;
1344 2131 1483 2170 deinde
1518 2130 1698 2182 Pompeii

313 2201 413 2238 mira
431 2200 649 2244 contentio,
675 2199 859 2252 judicum
881 2198 1022 2237 sordes.
1069 2200 1257 2237 Attamen
1290 2210 1422 2235 xxxn
1456 2196 1696 2234 condemna-

314 2274 421 2310 runt,
454 2278 637 2303 xxxvxu
660 2264 922 2302 absolverunt.
959 2263 1115 2314 Judicia
1135 2263 1284 2315 reliqua
1303 2261 1534 2313 impendent
1553 2275 1562 2299 :
1595 2274 1697 2298 non-

316 2329 413 2366 dum
433 2329 485 2367 est
505 2330 619 2382 plane
638 2329 858 2382 expeditus.
892 2328 1027 2373 Dices,
1051 2329 1116 2365 Tu
1138 2341 1230 2380 ergo
1249 2326 1332 2364 haec
1353 2339 1432 2377 quo
1452 2324 1571 2363 modo
1591 2324 1696 2363 fers?

317 2394 424 2432 Belle
445 2394 683 2440 mehercule,
705 2405 744 2433 et
763 2396 804 2433 in
825 2408 871 2432 eo
891 2408 955 2432 rne
975 2393 1084 2432 valde
1105 2406 1207 2431 amo.
1241 2391 1472 2436 Amifimus,
1495 2391 1551 2429 mi
1574 2392 1696 2429 Pom-

318 2461 428 2514 poni,
459 2473 619 2498 omnem
639 2474 717 2499 non
739 2460 858 2499 modo
879 2460 1040 2499 succum
1060 2473 1102 2498 ac
1123 2459 1367 2512 sanguinem,
1399 2457 1461 2496 sed
1489 2457 1606 2495 etiam
1631 2470 1700 2494 co·-

320 2526 445 2563 lorem
476 2533 515 2562 et
550 2524 717 2576 speciem
749 2525 966 2577 pristinam,
997 2525 1194 2565 civitatis:
1228 2524 1337 2563 nulla
1363 2522 1417 2561 est
1449 2521 1699 2574 Respublica,

403 2591 471 2628 To
485 2602 536 2629 M.
570 2589 686 2628 VIII.
1374 2588 1403 2625 P
