2243 3008
487 310 570 348 454
849 285 1542 329 EPISTOLARUM

490 390 705 445 eclogarii3
737 401 836 442 quos
867 387 1032 432 Salvius,
1064 387 1189 425 bonos
1220 385 1416 424 auditores
1449 386 1598 431 nactus,
1630 385 1671 424 in
1703 385 1886 425 convivio

492 458 696 503 duntaxat,
728 456 847 508 legat.
880 452 991 492 Mihi
1011 452 1122 491 valde
1141 451 1326 505 placent:
1357 451 1519 491 mallem
1541 452 1630 491 tibi.
1668 452 1803 492 Etiam
1822 461 1883 491 at-

491 537 568 576 que
587 523 707 562 etiam
727 521 825 560 vale.

833 722 1078 759 Επεὶ-,κο
1118 718 1376 756 ΑΤτιοο
1418 716 1549 756 SAL.

493 853 571 892 111.
598 848 683 924 T
697 851 737 889 U
767 861 860 887 vero
883 847 1075 901 sapienter
1097 847 1224 900 (nunc
1243 845 1406 884 demum
1426 845 1533 884 enim
1554 844 1724 884 rescribo
1743 843 1806 885 his
1831 846 1885 886 li-

706 916 814 961 teris,
845 926 940 967 quas
973 912 1075 952 mihi
1104 910 1258 961 mifisti)
1291 920 1489 950 convento
1509 912 1689 950 Antonio
1709 911 1886 953 Tiburi:

491 983 683 1036 sapienter
703 981 840 1034 igitur,
862 978 970 1032 quod
991 991 1130 1017 manus
1150 976 1304 1022 dedisti,
1325 977 1513 1030 quodque
1531 978 1651 1016 etiam
1672 977 1778 1017 ultro
1796 992 1888 1031 gra-

492 1050 564 1087 tias
585 1047 698 1101 egisti
716 1061 725 1085 :
757 1055 862 1084 certe
882 1045 1005 1090 enim,
1037 1053 1082 1082 ut
1102 1042 1255 1089 scribis,
1285 1042 1506 1082 deseremur
1524 1044 1657 1096 potius
1678 1058 1699 1081 a
1718 1044 1888 1097 Repub-

491 1114 582 1159 lica,
614 1125 733 1166 quam
754 1125 775 1149 a
795 1124 834 1149 re
854 1109 1056 1148 familiari.
1089 1108 1211 1161 Qod
1231 1121 1322 1146 vero
1342 1107 1478 1146 scribis
1501 1117 1538 1147 te
1558 1109 1683 1161 magis
1703 1118 1742 1147 et
1762 1109 1894 1163 magis‘

490 1179 688 1225 delectari,
721 1179 755 1216 Ο
777 1174 874 1222 Tite,
888 1176 933 1227 st
947 1174 1037 1229 quid
1051 1189 1128 1228 ego,
1161 1173 1270 1212 addis
1291 1173 1394 1212 mihi
1414 1174 1611 1213 scribendi
1630 1175 1887 1216 alacritatem.

491 1245 614 1298 Qod
649 1246 813 1284 Erotem
847 1256 928 1282 non
962 1242 1043 1281 fine
1075 1240 1314 1280 munusculo
1344 1243 1547 1294 expectare
1578 1241 1677 1280 dicis
1693 1260 1706 1287 ς
1737 1242 1889 1294 gaudeo

491 1325 573 1350 non
591 1309 774 1350 fefellisse
793 1322 880 1347 eam
899 1321 982 1346 rem
1003 1307 1236 1361 opinionem
1257 1316 1366 1345 tuam
1384 1321 1393 1344 :
1426 1306 1491 1345 sed
1518 1317 1648 1346 tamen
1677 1307 1784 1346 idem
1809 1303 1887 1342 σόν.

491 1390 619 1425 ταγμαι
638 1375 724 1414 misi
744 1375 792 1414 ad
813 1384 851 1413 te
871 1373 1130 1418 retraetatius,
1160 1381 1200 1410 et
1220 1372 1383 1424 quidem
1407 1369 1590 1422 ἀρχέτυπον
1619 1373 1765 1425 ipsum,
1800 1387 1887 1412 cre-

492 1441 573 1480 bris
596 1442 694 1481 locis
715 1440 961 1481 inculcatum
983 1448 1022 1478 et
1042 1437 1249 1477 refectum.
1296 1438 1421 1476 Hunc
1442 1446 1486 1475 tu
1511 1437 1696 1476 tralatum
1727 1439 1768 1478 in
1801 1453 1888 1478 ma-

490 1509 697 1547 crocolum
729 1507 816 1559 lege
847 1519 987 1544 arcano
1018 1505 1196 1543 convivis
1230 1505 1337 1541 tuis:
1370 1503 1450 1547 sed,
1481 1503 1508 1540 fi
1540 1516 1604 1541 me
1632 1517 1753 1549 amas,
1783 1504 1889 1543 hila-

491 1575 544 1612 ris
575 1583 614 1612 et
644 1573 744 1611 bene
777 1571 948 1624 acceptis
963 1589 978 1616 3
1011 1584 1060 1608 ne
1091 1570 1133 1608 in
1165 1583 1230 1607 me
1261 1568 1510 1607 stomachum
1541 1579 1766 1623 erumpant,
1797 1584 1891 1611 curn

492 1640 568 1680 s1nt
590 1640 664 1679 tibi
684 1639 789 1678 irati.
834 1639 897 1677 De
920 1638 1113 1676 Cicerone
1133 1636 1254 1674 velim
1276 1636 1330 1674 ita
1349 1635 1394 1674 fit
1417 1645 1460 1673 ut
1480 1635 1678 1676 audimus.
1723 1638 1786 1676 De
1807 1638 1891 1676 Xe-

492 1719 596 1745 none
615 1719 748 1744 coram
769 1704 1005 1757 cognoscam
1023 1718 1032 1742 :
1065 1715 1293 1756 quanquam
1315 1701 1418 1740 nihil
1439 1701 1488 1739 ab
1507 1715 1554 1740 eo
1574 1702 1742 1741 arbitror
1762 1717 1892 1757 neque

492 1772 764 1824 indiligenter,
795 1784 922 1823 neque
943 1769 1205 1808 illiberaliter.
1252 1769 1315 1807 De
1345 1768 1507 1806 Herode
1535 1767 1678 1807 faciam
1699 1779 1742 1806 ut
1775 1783 1889 1807 man-

492 1838 587 1883 das;
619 1846 658 1876 et
678 1851 735 1882 ea,
767 1850 854 1890 quae
876 1836 1029 1881 scribis,
1060 1849 1107 1874 ex
1130 1834 1300 1880 Saufeio,
1330 1843 1370 1872 et
1399 1848 1419 1872 e
1452 1834 1616 1873 Xenone
1636 1835 1887 1887 cognoscam.

493 1905 557 1943 De
584 1905 742 1956 Qinto
771 1903 871 1949 filio,
902 1903 1054 1956 gaudeo
1089 1902 1177 1940 tibi·
1198 1915 1301 1940 meas
1337 1901 1467 1939 literas
1497 1902 1606 1954 prius
1636 1915 1657 1939 a
1688 1902 1889 1941 tabellario

493 1983 599 2015 meo,
630 1983 750 2022 quam
771 1969 819 2007 ab
841 1968 939 2021 ipso,
972 1967 1168 2007 redditas:
1201 1981 1429 2019 quanquam
1462 1976 1500 2004 te
1532 1966 1634 2005 nihil
1662 1966 1888 2007 fefellisset:

492 2043 765 2073 veruntamen.
812 2033 884 2071 Sed
906 2035 1084 2085 expecto,
1116 2032 1214 2084 quid
1241 2032 1309 2070 ille
1331 2042 1479 2076 tecum,
1510 2032 1607 2084 quid
1630 2042 1670 2070 tu
1694 2033 1888 2079 viciffim5

494 2114 566 2140 nec
587 2100 744 2145 dubito,
775 2099 873 2151 quin
904 2099 973 2137 suo
1002 2111 1110 2137 more
1142 2107 1319 2150 uterque.
1367 2097 1440 2135 Sed
1472 2111 1533 2136 eas
1565 2098 1693 2137 literas
1720 2100 1893 2139 Curium

493 2165 597 2206 mihi
618 2166 728 2219 spero
748 2165 996 2203 redditurum
1015 2179 1024 2203 :
1057 2164 1127 2217 qui
1147 2165 1326 2217 quidem,
1348 2164 1415 2202 etfi
1437 2178 1506 2216 per
1527 2163 1562 2202 se
1581 2164 1634 2202 est
1655 2166 1851 2211 amabilis,
1873 2179 1894 2204 a

495 2245 639 2283 meque
659 2230 870 2283 diligitur3
904 2239 1033 2268 tamen
1054 2229 1206 2267 accedit
1227 2243 1392 2281 magnus
1420 2229 1605 2267 cumulus
1633 2230 1891 2268 commenda-

496 2297 616 2335 tionis
638 2306 729 2335 tuae.
763 2295 909 2334 Literis
932 2295 1010 2334 tuis
1032 2294 1120 2333 satis
1142 2294 1367 2348 responsum
1389 2295 1456 2333 est.
1491 2294 1612 2332 Nunc
1634 2295 1739 2340 audi,
1766 2296 1889 2348 quod,

495 2362 563 2400 etsi
585 2361 769 2413 intelligo
791 2361 907 2398 scribi
930 2360 1076 2399 neceffe
1098 2374 1175 2399 non
1197 2360 1284 2405 effe,
1317 2360 1444 2398 scribo
1472 2369 1616 2398 tamen.
1665 2361 1800 2399 Multa
1829 2376 1892 2400 rne

497 2435 659 2466 movent
688 2427 729 2464 in
750 2425 927 2470 disceffu,
960 2426 998 2464 in
1022 2426 1159 2478 primis
1181 2425 1421 2471 mehercule,
1453 2425 1560 2478 quod
1590 2425 1776 2479 dijungor
1796 2440 1817 2464 a
1837 2437 1890 2466 te.

497 2492 639 2532 Movet
660 2492 778 2529 etiam
810 2491 1070 2544 navigationis
1102 2491 1226 2536 labor,
1257 2491 1406 2529 alicnus
1438 2505 1515 2529 non
1548 2491 1595 2529 ab
1625 2501 1735 2530 aetate
1764 2491 1892 2531 solum

497 2559 639 2604 nostra,
671 2571 808 2597 verum
838 2558 957 2597 etiam
987 2571 1008 2596 a
1037 2557 1258 2610 dignitate;
1291 2557 1525 2612 tempusque
1545 2557 1725 2597 discess‘us
1748 2557 1890 2597 subab-
