2243 3008
457 259 532 298 268
802 255 1488 300 EPISTOALARUM

457 358 575 396 etiam
596 358 688 402 mei,
719 357 848 408 legem
869 354 1082 408 negligam,
1114 354 1182 407 qui
1204 353 1331 407 capite
1352 353 1491 398 sanxit,
1524 353 1548 391 s1
1571 353 1639 406 qui
1669 353 1709 391 in
1741 352 1840 391 sedi-

459 424 566 460 tione
587 435 665 459 non
686 421 844 459 alterius
866 421 991 458 utrius
1013 419 1130 472 partis
1152 417 1310 463 fuisset;
1344 418 1412 456 nisi
1435 427 1478 455 tu
1498 417 1609 456 aliter
1629 417 1774 462 censes,
1805 427 1843 455 et

459 487 555 525 hinc
576 488 705 532 abero,
736 496 775 524 et
796 486 884 524 filii.
929 485 1001 522 Sed
1022 484 1189 521 alterum
1209 482 1311 521 mihi
1330 483 1384 520 est
1404 483 1548 522 certius
1567 498 1576 522 :
1609 496 1680 521 nec
1708 483 1841 535 praeri—

460 554 567 606 piam
597 563 756 597 tamen,
787 551 999 604 expectabo
1032 559 1146 587 tuum
1176 547 1399 593 confilium,
1430 557 1469 586 et
1502 562 1562 586 eas
1597 549 1742 594 literas,
1774 548 1845 586 nisi

461 619 552 657 alias
568 620 651 671 jam
673 617 824 662 dedisti,
856 629 950 669 quas
972 615 1101 667 scripfi
1124 623 1166 652 ut
1188 612 1425 667 Cephalioni
1445 613 1567 652 dares.
1608 613 1729 665 Qod
1749 613 1843 652 scri-

462 685 539 729 bis,
571 698 649 722 non
679 697 759 736 quo
789 681 969 720 alicunde
998 679 1180 724 audieris,
1211 679 1275 717 sed
1304 687 1341 716 te
1370 678 1500 731 ipsum
1520 687 1670 731 putare,
1701 692 1766 716 me
1785 688 1846 717 at-

463 752 630 788 tractum
662 750 724 794 iri,
756 749 781 787 si
814 748 861 785 de
894 761 987 800 pace
1020 743 1317 798 agaturrmihi
1351 745 1516 782 omnino
1551 757 1629 782 non
1663 745 1772 782 venit
1805 745 1847 782 in

464 824 653 859 mentem,
685 828 771 866 quae
801 813 915 866 poffit
943 812 1043 850 actio
1071 811 1143 849 effe
1173 810 1220 848 de
1249 823 1356 863 pace,
1388 823 1480 848 cum
1511 809 1572 847 illi
1592 809 1848 847 certiffimum

465 881 525 925 fit,
557 880 582 918 s1
613 879 740 931 poffit,
771 878 984 930 exspoliare
1003 876 1178 914 exercitu
1198 883 1237 912 et
1257 875 1458 927 provincia
1482 875 1746 926 Pompeium:
1779 874 1850 912 nisi

466 945 566 983 forte
597 944 663 981 iste
694 943 926 981 summarius
960 943 996 980 ei
1029 940 1154 993 potest
1188 939 1427 993 persuadere,
1460 949 1518 985 ut,
1549 939 1647 978 dum
1680 948 1849 978 oratores

465 1020 553 1048 eant
574 1019 611 1048 et
632 1008 802 1052 redeant,
833 1007 1018 1059 quiescat.
1061 1005 1180 1044 Nihil
1200 1005 1313 1044 video
1333 1005 1441 1058 quod
1462 1005 1625 1058 sperem,
1656 1014 1723 1043 aut
1743 1005 1850 1057 quod

462 1077 545 1126 jam
580 1083 717 1126 putem
752 1073 835 1111 fieri
870 1072 1001 1125 poffe;
1033 1071 1096 1109 sed
1131 1080 1260 1109 tamen
1290 1069 1367 1109 hoc
1397 1070 1526 1123 ipsum
1555 1070 1608 1109 est
1638 1084 1764 1108 unum
1792 1066 1852 1105 τῶν

466 1135 732 1173 πολιτικωτάτων
761 1134 978 1185 σκεμμάτων,
1011 1135 1268 1174 Veniendumne
1279 1135 1336 1186 stt
1365 1135 1403 1173 in
1430 1135 1604 1185 cotfilium
1635 1134 1797 1187 tyranni,
1812 1134 1856 1184 fi

465 1205 495 1242 is
523 1204 644 1257 aliqua
671 1202 713 1241 de
740 1217 780 1241 re
808 1201 898 1241 bona
925 1201 1186 1241 deliberaturus
1197 1200 1271 1250 fit.
1320 1201 1451 1252 Qare
1481 1200 1508 1238 fi
1537 1199 1634 1252 quid
1660 1199 1852 1252 ejusmodi

468 1269 640 1308 evenerit
660 1278 704 1307 ut
723 1268 978 1312 arceffamur3
1013 1265 1139 1319 (quod
1158 1264 1342 1317 equidem
1363 1262 1442 1303 non
1464 1277 1560 1303 curo
1578 1280 1587 1303 ε
1619 1264 1717 1318 quid
1745 1265 1854 1304 enim

467 1334 583 1373 ess‘em
603 1334 650 1372 de
670 1347 764 1386 pace
783 1333 973 1378 dicturus,
1004 1332 1116 1377 dixi;
1147 1331 1228 1383 ipse
1248 1330 1357 1368 valde
1378 1329 1614 1383 repudiavit)
1638 1329 1701 1368 sed
1723 1339 1853 1368 tamen

470 1401 495 1439 sn
517 1399 613 1452 quid
633 1399 833 1445 acciderit,
855 1399 952 1451 quid
972 1397 1122 1436 censeas
1143 1396 1245 1435 mihi
1265 1395 1490 1434 faciendum
1511 1397 1648 1448 utique
1669 1395 1850 1434 scribito:

471 1465 573 1503 nihil
604 1465 710 1502 enim
740 1463 842 1503 mihi
875 1463 1003 1502 adhuc
1037 1462 1195 1507 accidit,
1227 1461 1334 1513 quod
1367 1462 1525 1512 majoris
1560 1460 1712 1499 confilii
1747 1460 1852 1499 effet.

470 1530 664 1575 Trebatii,
696 1529 792 1567 boni
812 1529 885 1568 viri
904 1538 943 1567 et
963 1528 1075 1572 civis,
1096 1527 1224 1566 verbis
1247 1536 1283 1563 te
1303 1525 1453 1578 gaudeo
1474 1525 1732 1570 delectatum5
1766 1534 1853 1563 tua-

470 1609 546 1649 que
567 1595 635 1633 ista
655 1594 788 1633 crebra
806 1591 1003 1640 ὸκφώνητις,
1032 1593 1154 1642 ὑπέρευ,
1182 1605 1246 1630 me
1273 1591 1351 1629 sola
1370 1590 1498 1629 adhuc
1519 1590 1738 1629 delectavit.
1783 1591 1855 1630 Li-

472 1671 568 1699 teras
591 1670 673 1698 tuas
694 1659 946 1697 vehementer
971 1659 1149 1710 expecto,
1180 1670 1274 1709 quas
1305 1656 1467 1709 quidem
1496 1656 1612 1694 credo
1636 1657 1721 1708 jam
1750 1655 1855 1694 datas

470 1727 555 1765 effe.
602 1728 669 1764 Tu
699 1739 793 1763 cum
823 1725 940 1763 Sexto
970 1723 1120 1761 servasti
1146 1723 1376 1775 gravitatem
1396 1721 1573 1766 eandem,
1604 1735 1724 1774 quam
1753 1721 1857 1758 mihi

473 1791 664 1845 praecipiS.
698 1791 813 1829 Celer
834 1799 924 1827 tuus
945 1788 1108 1826 disertus
1130 1788 1254 1840 magis
1274 1787 1341 1832 est,
1372 1800 1491 1839 quam
1513 1786 1675 1838 sapiens.
1709 1786 1770 1824 De
1786 1787 1855 1837 ju-

473 1857 637 1895 venibus
658 1870 743 1908 quae
770 1869 817 1893 ex
839 1855 976 1893 Tullia
1005 1854 1158 1898 audisti,
1189 1866 1275 1891 vera
1305 1852 1406 1890 sunt.
1454 1852 1517 1890 M.
1542 1852 1707 1889 Antonii
1739 1850 1853 1895 istud,

473 1922 580 1973 quod
602 1921 752 1965 scribis,
785 1933 862 1957 non
894 1917 995 1956 mihi
1024 1919 1178 1957 videtur
1205 1927 1284 1956 tam
1306 1931 1344 1955 re
1364 1916 1435 1955 esse
1457 1916 1561 1954 triste
1581 1929 1700 1968 quarn
1721 1916 1855 1955 verbo.

475 1989 572 2026 Haec
607 1986 661 2024 est
694 1983 762 2027 εἴση,
794 1985 833 2022 in
868 1997 945 2036 qua
980 1997 1084 2021 nunc
1120 1984 1267 2027 sumus,
1301 1983 1438 2020 mortis
1475 1981 1617 2019 instar:
1650 1992 1715 2019 aut
1750 1983 1857 2020 enim

475 2052 575 2090 mihi
597 2051 717 2089 libere
738 2051 839 2088 inter
867 2048 989 2086 malos
1020 2043 1207 2086 πολῖΙευτέον
1238 2047 1330 2092 fuit,
1361 2057 1427 2086 aut
1448 2047 1507 2085 vel
1529 2047 1744 2100 periculose
1764 2061 1859 2085 cum

476 2119 603 2156 bonis.
650 2119 733 2155 Aut
766 2130 834 2154 nos
867 2115 1127 2153 temeritatem
1160 2114 1355 2152 bonorum
1387 2114 1620 2166 sequamur;
1652 2122 1718 2151 aut
1738 2113 1856 2151 auda—

476 2186 576 2222 ciam
598 2182 871 2235 improborum
899 2181 1131 2219 insectemur
1149 2195 1157 2217 :
1192 2189 1404 2232 utrumque
1425 2179 1688 2232 periculosum
1708 2178 1760 2216 est
1779 2193 1788 2217 t
1820 2188 1859 2217 at

476 2250 550 2287 hoc
573 2248 677 2300 quod
704 2248 872 2299 agimus,
904 2260 975 2284 nec
1006 2254 1134 2298 turpe,
1166 2259 1236 2283 nec
1265 2255 1394 2283 tamen
1426 2253 1573 2282 tutum.
1621 2243 1758 2287 Istum,
1789 2244 1859 2295 qui

477 2315 604 2352 silium
629 2312 889 2350 Brundusium
909 2311 1027 2355 misit,
1049 2311 1096 2349 de
1118 2324 1210 2363 pace
1233 2310 1356 2363 (idem
1377 2309 1500 2348 sentio
1519 2308 1625 2361 quod
1648 2318 1713 2353 tu;
1738 2309 1858 2347 simu-

476 2380 664 2418 lationem
685 2378 756 2416 esse
777 2387 962 2430 apertam,
995 2377 1116 2429 parari
1148 2386 1278 2415 autem
1310 2375 1460 2414 bellum
1490 2375 1693 2423 acerrime)
1718 2388 1780 2413 me
1802 2375 1858 2413 le-

477 2456 613 2497 gatum
635 2444 681 2482 iri
703 2457 780 2482 non
803 2443 995 2487 arbitror;
1027 2444 1140 2494 cujus
1161 2441 1302 2486 adhuc,
1335 2450 1377 2479 ut
1405 2441 1551 2493 optavi,
1584 2441 1734 2479 mentio
1763 2439 1862 2480 faeta
