2243 3008
652 265 758 304 AD
817 262 1246 302 ATTICUM
1312 263 1453 301 LIB.
1505 264 1537 302 1.
1735 277 1782 305 21

409 364 633 419 pleniffima·
643 363 856 416 gravitatis,
888 372 975 401 tum
1004 361 1252 400 altercatione
1278 360 1484 412 ejusmodi,
1515 375 1563 399 ex
1592 374 1668 413 qua
1694 360 1789 399 licet

409 444 531 484 pauca
561 429 764 481 degustes:
797 442 887 466 nam
916 438 1052 466 caetera
1081 441 1159 465 non
1186 427 1342 479 poffunt
1370 427 1511 465 habere
1538 441 1663 479 neque
1688 427 1787 472 vim,

408 509 536 548 neque
573 494 826 539 venustatem,
877 503 1028 531 remoto
1065 493 1136 531 illo
1175 492 1301 530 studio
1339 494 1619 538 contentionis,
1670 506 1789 544 quem

408 557 525 607 ἀγῶνα.
555 573 622 598 vos
647 560 866 612 appellatis.
913 560 1034 604 Nam,
1066 567 1111 596 ut
1143 558 1246 596 Idib.
1278 558 1381 596 Maii
1412 558 1451 595 in
1484 557 1658 596 senatum
1690 572 1788 596 con-

408 626 603 670 venimus,
621 634 776 677 rogatus
798 638 870 676 ego
891 624 1121 662 sententiam
1142 623 1268 661 multa
1287 623 1369 661 dixi
1390 623 1436 660 de
1457 622 1606 660 summa
1623 624 1789 675 Repub-

407 691 497 736 lica,
530 700 646 743 atque
676 691 745 729 ille
779 691 888 728 locus
923 689 1105 727 indu&us
1136 703 1158 726 a
1188 702 1251 726 me
1284 689 1337 727 est
1370 688 1587 734 divinitus;
1620 703 1682 734 ne,
1714 703 1791 727 una

408 757 522 809 plaga
554 766 726 808 accepta,
766 765 891 808 patres
926 755 1138 807 conscripti
1172 755 1438 799 conciderent,
1469 768 1518 792 ne
1550 754 1789 794 deficerent:

407 822 550 860 vulnus
571 821 643 860 effe
662 821 870 873 ejusmodi,
901 821 1008 872 quod
1028 819 1128 858 mihi
1149 834 1220 858 nec
1242 820 1576 865 diffimulandum‚
1608 834 1678 858 nec
1698 834 1788 873 per-

408 886 708 932 fflnescendum,
731 886 925 924 videretur
943 901 952 924 :
984 899 1033 924 ne
1053 895 1119 923 aut
1138 885 1350 924 metuendo
1370 885 1618 937 ignaviffimi,
1639 895 1705 923 aut
1726 887 1789 938 ig-

410 951 582 989 norando
602 951 827 995 stultissimi,
853 950 1135 1002 judicaremur.
1182 951 1247 988 Bis
1279 950 1502 988 absolutum
1533 950 1604 988 effe
1636 952 1790 990 Lentu-

409 1017 511 1061 lum,
543 1017 601 1054 bis
635 1016 876 1065 Catilinam:
915 1015 1022 1054 hunc
1057 1016 1219 1053 tertium
1245 1017 1329 1067 jam
1360 1015 1432 1053 effe
1462 1029 1483 1053 a
1510 1015 1714 1067 judicibus
1748 1018 1792 1055 in

408 1082 718 1133 Rempublicam
750 1081 980 1119 immissum.
1028 1081 1158 1126 Erras,
1191 1081 1325 1126 Clodi,
1356 1095 1435 1119 non
1458 1081 1662 1133 tejudices
1685 1083 1790 1128 urbi,

407 1146 471 1184 sed
491 1147 648 1191 carceri,
671 1146 933 1191 reservarunt,
958 1159 1084 1198 neque
1100 1156 1136 1183 te
1156 1146 1320 1183 retinere
1340 1147 1382 1184 in
1403 1147 1573 1192 civitate,
1593 1147 1654 1184 sed
1670 1148 1791 1185 exilio

408 1212 571 1264 privare,
588 1211 811 1249 voluerunt.
845 1210 1130 1262 Qamobrem‚
1150 1211 1280 1248 Patres
1301 1211 1529 1263 conscripti,
1548 1212 1684 1263 erigite
1704 1213 1790 1249 ani-

409 1289 509 1321 mos,
542 1277 706 1314 retinete
739 1276 902 1314 vestram
936 1276 1198 1327 dignitatem:
1231 1286 1363 1314 manet
1395 1276 1461 1314 illa
1495 1277 1536 1314 in
1571 1277 1793 1329 Republica

409 1341 605 1380 bonorum
625 1341 822 1380 consenfio
840 1356 852 1380 ε
882 1340 994 1379 dolor
1013 1341 1165 1380 acceffit
1185 1341 1298 1380 bonis
1320 1342 1410 1380 viris
1427 1361 1440 1388 5
1473 1342 1595 1381 virtus
1628 1355 1706 1380 non
1738 1342 1792 1380 est

408 1408 644 1446 imminuta:
668 1407 771 1446 nihil
791 1407 844 1445 est
864 1407 998 1445 damni
1017 1406 1166 1446 factum
1187 1408 1301 1453 novi3
1325 1408 1388 1446 sed
1408 1408 1514 1460 quod
1535 1418 1628 1453 erat,
1650 1408 1791 1446 inven-

408 1483 496 1511 tum
511 1468 647 1513 estz'in
670 1476 786 1513 unius
806 1473 980 1512 hominis
1001 1474 1145 1527 perditi
1159 1474 1314 1527 judicio
1333 1475 1463 1527 plures
1485 1475 1628 1513 slmiles
1649 1476 1793 1527 reperti

408 1539 511 1578 sunt.
545 1540 618 1578 Sed
638 1540 735 1592 quid
755 1542 854 1592 ago?
876 1553 975 1592 pene
995 1540 1212 1578 orationem
1233 1540 1272 1578 in
1293 1540 1453 1593 epistola
1473 1540 1625 1579 inclufi.
1658 1541 1794 1578 Redeo

409 1604 456 1642 ad
475 1605 782 1643 altercationem.
817 1606 948 1658 Surgit
968 1605 1192 1658 pulchellus
1214 1620 1310 1659 puer
1328 1621 1336 1644 ε
1369 1607 1509 1658 objicit
1530 1605 1648 1651 mihi,
1676 1620 1727 1644 me
1745 1604 1799 1644 ad

409 1669 599 1720 Baiasfut'
622 1683 651 1707 e.
685 1670 843 1708 Falsum
861 1684 870 1708 :
894 1670 956 1708 sed
978 1679 1106 1708 tamen
1127 1671 1224 1722 quid
1244 1670 1320 1709 hoc
1339 1672 1352 1709 ?
1378 1671 1503 1709 fimile
1522 1671 1591 1716 est,
1612 1672 1792 1723 inquam,

409 1734 514 1787 quafi
535 1734 639 1772 dicas
661 1736 700 1772 in
723 1745 860 1787 operto
880 1735 1004 1773 fuiffe.
1050 1734 1156 1786 Qud,
1188 1736 1334 1788 inquit,
1366 1736 1499 1774 homini
1515 1735 1699 1788 Arpinati
1714 1750 1794 1774 cum

408 1799 511 1852 aquis
529 1799 637 1838 caldis
654 1799 673 1837 ,ἒ
705 1801 842 1845 Narra,
866 1801 1044 1853 inquam,
1064 1810 1230 1853 patrono
1253 1811 1334 1846 tuo,
1357 1802 1426 1854 qui
1447 1803 1654 1853 Arpinates
1675 1815 1793 1854 aquas

409 1866 665 1918 concupivit:
699 1867 798 1904 nosti
831 1867 938 1904 enim
973 1867 1154 1905 marinas.
1205 1867 1401 1919 Qousque,
1433 1868 1580 1919 inquit,
1610 1867 1704 1905 hunc
1731 1881 1792 1906 re-

404 1945 485 1982 gem
501 1931 703 1981 feremus?
735 1932 885 1984 Regem
916 1931 1101 1984 appellas,
1133 1932 1311 1984 inquam,
1342 1945 1435 1970 cum
1468 1933 1555 1970 Rex
1589 1933 1648 1970 tui
1679 1946 1792 1971 men-

411 1997 560 2035 tionem
582 1997 732 2035 nullam
754 1997 890 2035 fecerit
910 1999 922 2035 ?
955 1998 1027 2035 Ille
1048 2008 1179 2036 autem
1200 1998 1321 2050 Regis
1342 1997 1598 2036 hereditatem
1628 1998 1692 2051 spe
1723 1999 1793 2037 de-

410 2071 573 2100 vorarat.
605 2063 777 2107 Domum,
809 2063 955 2116 inquit,
987 2062 1105 2114 emssi.
1138 2064 1271 2108 Putes,
1303 2064 1480 2116 inquam,
1512 2065 1654 2109 dicere,
1679 2064 1791 2116 judi-

409 2141 472 2166 ces
493 2128 634 2166 emisti.
666 2129 844 2181 Jurcmti,
866 2129 1012 2180 inquit,
1035 2128 1104 2166 tibi
1119 2143 1186 2167 non
1205 2128 1445 2167 crediderunt.
1477 2129 1586 2167 Mihi
1607 2143 1710 2174 vero,
1727 2129 1791 2167 in-

411 2206 544 2244 quam,
570 2206 656 2230 xxv
674 2193 828 2245 judices
849 2193 1119 2236 crediderunt:
1146 2207 1274 2239 xxx1,
1291 2195 1478 2246 quoniam
1501 2207 1684 2232 nummos
1705 2203 1794 2232 ante

411 2268 658 2310 acceperunt,
691 2259 765 2297 tibi
787 2258 889 2297 nihil
911 2259 1173 2298 crediderunt.
1220 2260 1380 2312 Magnis
1408 2260 1645 2298 clamoribus
1666 2259 1793 2297 afflic-

412 2333 475 2360 tus
495 2325 705 2369 conticuit,
735 2334 774 2362 et
795 2324 984 2363 concidit.
1029 2325 1171 2363 Noster
1190 2335 1319 2363 autem
1341 2325 1456 2363 status
1477 2325 1529 2363 est
1548 2324 1629 2363 hic.
1673 2324 1800 2377 Apud

414 2386 537 2424 bonos
558 2389 677 2426 iidem
699 2389 846 2435 sumus,
877 2403 975 2441 quos
997 2389 1210 2441 reliquisti;
1243 2390 1344 2443 apud
1365 2389 1514 2428 sordem
1536 2390 1643 2428 urbis
1663 2399 1702 2427 et
1721 2389 1792 2427 fae-

414 2465 500 2490 cem
521 2453 649 2491 multo
669 2456 810 2494 melius
832 2469 952 2500 nune,
984 2469 1100 2508 quam
1124 2456 1342 2508 reliquisti,
1375 2470 1464 2494 nam
1485 2465 1524 2494 et
1552 2455 1652 2493 illud
1679 2454 1791 2493 nobis

414 2531 493 2556 non
525 2517 645 2564 obest,
676 2519 798 2558 videri
829 2520 1004 2560 nostrum
1036 2520 1305 2561 testimonium
1334 2534 1413 2560 non
1445 2520 1626 2560 valuiffe:
1660 2518 1802 2558 miffus.
