2243 3008
590 293 697 332 AD
757 290 1188 330 ATTICUM
1255 293 1396 332 LIB.
1448 295 1539 333 XV.
1682 307 1755 346 441

372 392 500 431 Narro
521 390 622 437 tibi;
654 390 738 429 haec
769 389 854 428 loca
882 388 1039 428 venusta
1069 389 1171 433 sunt,
1203 389 1335 427 abdita
1363 401 1492 435 certe;
1524 401 1576 437 et,
1610 392 1634 430 si
1657 393 1753 445 quid

370 456 535 494 scribere
567 455 677 500 velis,
708 455 755 492 ab
788 454 943 492 arbitris
976 454 1123 492 libera:
1157 454 1220 491 sed
1252 455 1382 493 nescio
1414 470 1494 507 quo
1525 457 1644 495 modo
1674 454 1755 495 οἶκος

368 517 480 567 φίλος.
527 521 664 572 Itaque
696 533 759 558 me
791 517 965 556 referunt
995 518 1111 571 pedes
1139 519 1180 556 in
1208 518 1495 558 Tusculanum.
1543 522 1596 558 Et
1624 531 1754 560 tamen

369 583 453 622 haec
490 581 709 634 ῥωπογροιφίαι
743 583 880 637 ripulae
915 583 1069 621 videtur
1102 583 1284 621 habitura
1317 584 1483 622 celerem
1523 584 1752 624 satietatem.

369 649 568 701 Equidem
590 649 708 687 etiam
729 648 880 702 pluvias
901 657 1050 694 metuo,
1073 648 1099 686 fi
1120 648 1367 701 prognostica
1387 649 1511 687 nostra
1533 663 1619 687 vera
1640 650 1750 693 sunt:

369 728 468 753 ranae
497 715 603 753 enirn
632 712 827 767 ῥητοξεόεσιν.
870 715 952 759 Tu,
983 714 1125 766 quaesO,
1156 713 1217 752 fac
1245 714 1362 753 sciam
1383 715 1452 753 ubi
1474 717 1642 754 Brutum
1663 715 1752 753 nos-

369 789 490 825 trum,
521 789 559 820 et
580 791 659 832 quo
680 778 756 823 die,
788 778 918 817 videre
941 779 1094 832 poffim.

701 981 943 1022 CicERo
986 984 1242 1022 ATTxco
1285 984 1414 1022 SAL.

369 1109 505 1148 XVII.
531 1109 608 1182 D
623 1111 710 1148 UA
728 1111 750 1148 S
781 1111 912 1164 accepi
935 1110 1118 1164 postridie
1139 1111 1247 1156 Idus,
1279 1111 1438 1149 alteram
1458 1125 1506 1150 eo
1526 1111 1588 1149 die
1609 1111 1752 1156 datam,

640 1176 798 1213 alteram
822 1176 957 1214 Idibus
977 1191 986 1214 :
1019 1177 1125 1228 prius
1148 1177 1270 1228 igitur
1291 1176 1492 1228 superiori.
1532 1178 1593 1215 De
1616 1177 1753 1220 Bruto,

368 1253 462 1279 cum
483 1241 592 1280 scies.
626 1241 688 1278 De
710 1241 930 1279 Consulum
952 1242 1043 1279 fisto
1065 1242 1205 1279 timore
1225 1255 1509 1294 cognoveram:
1544 1242 1629 1280 Sica
1648 1241 1754 1279 enim

367 1302 574 1354 φιλοςέργως
603 1306 670 1344 ille
700 1306 876 1358 quidem,
909 1306 971 1344 sed
1002 1307 1296 1352 tumultuosius,
1328 1307 1374 1345 ad
1404 1321 1468 1346 me
1497 1307 1615 1345 etiam
1645 1306 1756 1344 illam

367 1368 627 1421 suspicionem
648 1371 827 1422 pertulit.
861 1371 971 1422 Qid
992 1380 1035 1409 tu
1055 1380 1185 1409 autem
1205 1373 1217 1408 ?
1249 1368 1294 1406 τᾶι
1310 1363 1370 1418 μέν
1388 1365 1535 1420 διδόμεναι
1553 1373 1566 1409 ?
1598 1371 1757 1409 nullum

367 1434 476 1471 enim
495 1435 661 1473 verbum
681 1448 702 1473 a
722 1435 899 1488 Siregio:
932 1448 1010 1474 non
1032 1436 1175 1489 placet.
1222 1437 1284 1474 De
1317 1435 1500 1473 Plaetorio
1528 1436 1660 1475 vicino
1689 1445 1759 1474 tuo

368 1499 598 1550 permoleste
619 1500 709 1544 tuli,
740 1514 980 1552 quemquam
1001 1502 1109 1553 prius
1130 1500 1286 1546 audisse,
1318 1513 1435 1551 quam
1457 1514 1534 1540 me.
1579 1502 1642 1540 De
1663 1501 1758 1552 Syro

369 1564 594 1616 prudenter.
630 1566 679 1603 L.
702 1566 928 1603 Antonium
948 1579 1016 1618 per
1037 1567 1100 1604 M.
1125 1565 1298 1611 fratrem,
1332 1575 1375 1603 ut
1395 1566 1576 1611 arbitror,
1607 1566 1756 1604 facilli-

369 1642 434 1667 me
459 1629 684 1668 deterrebis.
731 1631 903 1668 Antroni
924 1631 1058 1675 vetui;
1092 1631 1155 1668 sed
1177 1631 1353 1668 nondum
1374 1643 1573 1683 acceperas
1595 1631 1753 1677 literas3

369 1707 441 1732 nec
462 1695 663 1748 cuiquam,
690 1695 759 1733 nifi
781 1696 830 1734 L.
855 1695 978 1733 Fadio
1000 1696 1121 1734 AEdili
1141 1711 1150 1734 :
1184 1696 1296 1733 aliter
1314 1695 1420 1733 enim
1443 1709 1514 1734 nec
1533 1705 1660 1741 caute,
1684 1709 1755 1734 nec

363 1761 468 1812 jure,
499 1759 583 1797 fieri
613 1760 752 1812 potest.
799 1759 918 1811 Qod
949 1760 1083 1799 scribis
1113 1760 1186 1798 tibi
1208 1760 1327 1798 deesse
1349 1761 1441 1798 H-S
1466 1773 1505 1799 c.
1528 1775 1614 1813 quae
1636 1761 1755 1799 Cice-

368 1825 455 1863 roni
485 1834 617 1863 curata
646 1825 748 1871 fint;
780 1826 900 1863 velim
930 1825 978 1863 ab
1008 1827 1129 1864 Erote
1159 1839 1321 1879 quaeras,
1352 1825 1420 1863 ubi
1450 1826 1494 1863 fit
1522 1839 1668 1864 merces
1690 1827 1754 1864 in-

370 1890 556 1928 sularum.
599 1891 791 1929 Arabioni
813 1891 859 1928 de
881 1891 978 1929 Sitio
1000 1891 1101 1929 nihil
1123 1891 1277 1930 irascor.
1324 1892 1411 1943 Ego
1433 1891 1479 1929 de
1500 1891 1653 1936 itinere,
1686 1891 1756 1929 nisi

369 1955 566 2008 explicato
586 1962 628 2001 Λ,
661 1955 762 1994 nihil
784 1957 944 2009 cogito:
978 1957 1082 2008 quod
1115 1957 1220 1995 idem
1254 1957 1327 1995 tibi
1356 1956 1480 1994 videri
1510 1965 1622 2009 puto.
1669 1957 1756 1994 Ha-

370 2020 436 2058 bes
457 2019 504 2057 ad
531 2019 795 2072 superiorem:
830 2034 935 2058 nunc
962 2021 1052 2059 audi
1073 2022 1119 2059 ad
1140 2022 1315 2060 alteram.
1360 2023 1426 2059 Tu
1448 2034 1538 2059 vero
1569 2020 1680 2066 facis,
1713 2030 1758 2059 ut

369 2084 516 2129 omnia,
547 2084 653 2136 quod
675 2086 843 2123 Serviliae
865 2099 943 2123 non
965 2086 1069 2131 dees,
1100 2087 1140 2124 id
1161 2085 1228 2131 est,
1252 2087 1388 2124 Bruto.
1422 2086 1485 2124 De
1505 2086 1637 2138 regina
1656 2099 1755 2138 gau-

369 2149 441 2187 deo
462 2158 499 2187 te
521 2163 599 2187 non
629 2150 830 2196 laborare3
863 2159 966 2190 certe
996 2153 1114 2190 etiam
1145 2152 1219 2190 tibi
1251 2152 1421 2204 probari.
1469 2151 1601 2188 Erotis
1634 2151 1755 2188 ratio-

370 2228 436 2253 nes
470 2224 509 2253 et
542 2229 590 2253 ex
625 2216 775 2254 Tirone
809 2217 993 2269 cognovi,
1033 2227 1072 2256 ct
1106 2217 1239 2255 vocavi
1274 2216 1417 2268 ipsum.
1465 2215 1754 2261 Gratissimum,

369 2280 475 2332 quod
507 2281 705 2332 polliceris
739 2282 921 2320 Ciceroni
956 2282 1054 2321 nihil
1090 2282 1347 2320 defuturum:
1381 2280 1427 2318 de
1454 2294 1534 2332 quo
1561 2281 1757 2319 mirabilia

371 2345 575 2391 Meffalla3
607 2347 691 2398 qui,
722 2348 902 2386 Lanuvio
924 2348 1073 2386 rediens
1095 2349 1142 2385 ab
1163 2347 1259 2391 illis,
1291 2346 1397 2384 venit
1417 2345 1462 2383 ad
1484 2360 1546 2384 me
1566 2362 1573 2384 :
1606 2355 1644 2385 et
1669 2360 1755 2384 me-

369 2409 530 2448 hercule
550 2410 667 2462 ipfius
689 2412 809 2449 literae
831 2412 881 2450 sic
902 2421 940 2449 et
965 2409 1170 2460 φιλεςίργως
1199 2420 1237 2448 et
1267 2406 1394 2448 εὐπινῶς
1424 2410 1589 2464 scriptae‚
1622 2420 1665 2449 ut
1694 2425 1755 2449 eas

372 2474 430 2511 vel
468 2474 507 2511 in
543 2475 681 2512 acroafi
716 2477 877 2514 audeam
912 2477 1065 2528 legere:
1099 2489 1179 2528 quo
1213 2475 1336 2527 magis
1372 2475 1432 2513 illi
1468 2475 1755 2528 indulgendum

372 2549 485 2593 puto.
531 2540 592 2577 De
614 2541 819 2580 Buciliano
840 2543 1018 2580 Sextium
1040 2551 1137 2594 puto
1158 2555 1237 2580 non
1259 2540 1418 2579 moleste
1439 2540 1552 2579 ferre.
1599 2542 1700 2593 Ego,
1733 2542 1758 2580 fi

462 2608 592 2644 Tom.
628 2607 742 2645 VIII.
1312 2607 1348 2643 K
1379 2605 1404 2643 k
1435 2605 1461 2643 k
