2243 3008
501 275 608 315 AD
665 273 1093 313 ATTICUM
1162 274 1450 317 LIB.X11.
1593 292 1669 332 333

294 382 441 420 movet,
463 388 580 427 quam
600 374 676 413 hoc
696 374 900 426 exiguum,
917 373 1023 426 quod
1044 371 1145 411 mihi
1165 382 1296 411 tamen
1317 374 1487 413 nimium
1507 376 1673 429 longum

294 441 461 480 videtur.
508 441 648 479 Habeo
677 441 784 478 enim
814 439 932 485 nihil,
962 439 1119 478 tentatis
1150 439 1264 477 rebus
1293 440 1494 485 omnibus,
1525 443 1565 479 in
1593 456 1673 495 quo

295 505 564 558 acquiescam:
597 519 702 550 narn,
735 505 830 543 dum
851 504 951 542 illud
973 504 1196 549 tractabam,
1228 504 1275 542 de
1303 518 1382 556 quo
1406 514 1516 542 antea
1544 507 1672 558 scripsi

294 571 342 608 ad
365 580 417 616 te,
448 571 553 623 quafi
574 570 756 609 fovebam
776 571 927 609 dolores
948 583 1071 608 meos.
1112 570 1234 608 Nunc
1255 571 1388 607 omnia
1407 570 1571 623 respuo;
1604 585 1674 608 nec

295 637 509 689 quicquam
530 636 654 675 habeo
675 637 933 681 tolerabilius,
963 649 1081 689 quam
1102 635 1380 681 solitudinem;
1413 649 1547 688 quam,
1570 637 1677 689 quod

295 716 400 740 eram
421 703 580 748 veritus,
613 716 691 742 non
711 703 937 741 obturbavit
958 701 1167 754 Philippus
1187 717 1196 740 :
1228 715 1333 747 nam,
1365 711 1408 739 ut
1429 701 1512 739 heri
1533 715 1596 740 me
1618 703 1674 740 sa-

296 768 451 813 lutavit,
492 768 620 806 statim
655 770 825 807 Romam
860 766 1056 821 profedms
1090 767 1156 806 est.
1203 767 1434 820 Epistol-am,
1478 781 1596 820 quam
1630 768 1676 805 ad

296 835 481 879 Brutum,
514 844 557 873 ut
589 835 663 874 tibi
694 836 905 888 placuerat,
936 833 1079 886 scripfi,
1110 833 1196 872 mifi
1227 833 1274 871 ad
1304 843 1368 872 te:
1401 834 1554 872 curabis
1584 847 1677 872 cum

296 910 363 938 tua
383 899 666 953 perferendam.
699 902 795 952 Ejus
818 910 946 938 tamen
966 900 1051 938 mifi
1072 899 1117 937 ad
1140 909 1177 937 te
1196 899 1439 952 exemplum,
1469 909 1527 945 ut,
1549 900 1575 938 fi
1597 900 1675 937 mi-

297 979 371 1004 nus
392 966 576 1019 placeret,
599 980 646 1004 ne
666 966 856 1005 mitteres.
888 965 1114 1004 Domestica
1131 965 1238 1018 quod
1258 967 1311 1003 ais
1332 965 1467 1003 ordine
1488 965 1675 1003 adminis-

297 1033 403 1076 trari,
436 1031 577 1070 scribes
599 1046 684 1084 quae
705 1032 777 1070 fint
797 1046 853 1070 ea.
885 1031 1076 1083 Qaedam
1096 1032 1273 1084 expedio.
1309 1031 1501 1069 Cocceius
1521 1031 1609 1069 vide
1630 1045 1677 1069 ne

296 1095 527 1135 frustretur:
561 1111 651 1135 nam
684 1098 788 1136 Libo
818 1097 925 1149 quod
956 1097 1182 1149 pollicetur,
1213 1106 1257 1135 ut
1287 1098 1385 1135 Eros
1415 1097 1564 1141 scribit,
1596 1110 1675 1134 non

297 1163 494 1201 incertum
516 1172 628 1215 puto.
659 1164 721 1200 De
742 1163 840 1201 sorte
861 1176 946 1201 mea
967 1163 1142 1215 Sulpicio
1162 1162 1332 1207 confido,
1350 1172 1388 1200 et
1409 1163 1579 1214 Egnatio
1601 1162 1674 1200 sci-

295 1228 405 1266 licet.
439 1229 500 1266 De
521 1228 692 1280 Apuleio
712 1228 809 1279 quid
829 1228 882 1266 est
901 1228 1007 1280 quod
1027 1229 1194 1273 labores,
1223 1241 1315 1266 cum
1336 1228 1382 1265 fit
1401 1228 1596 1266 excusatio
1617 1226 1676 1264 fa-

297 1292 385 1331 cilis
404 1293 417 1331 3
449 1292 547 1331 Tibi
568 1292 614 1330 ad
635 1306 698 1330 me
717 1286 865 1338 venire,
894 1302 937 1331 ut
957 1292 1140 1338 ostendis,
1166 1293 1268 1338 vide,
1299 1306 1346 1330 ne
1367 1306 1444 1330 non
1467 1292 1512 1330 fit
1532 1291 1647 1330 facile
1665 1307 1675 1331 z

297 1359 351 1397 est
371 1360 478 1397 enirn
497 1359 664 1411 longum
693 1359 785 1404 iter,
812 1358 1153 1412 discedentemque
1180 1368 1233 1404 te,
1263 1359 1369 1410 quod
1399 1358 1574 1396 celeriter
1603 1358 1679 1396 tibi

298 1424 372 1462 erit
391 1423 543 1462 fortaffe
563 1423 804 1469 faciendum,
834 1437 915 1462 non
935 1423 1011 1462 fine
1032 1437 1175 1476 magno
1195 1423 1328 1461 dolore
1348 1422 1561 1461 dimittam.
1607 1415 1679 1460 Sed

299 1490 447 1534 omnia,
478 1498 521 1527 ut
554 1489 688 1527 voles:
719 1503 792 1541 ego
812 1490 935 1534 enim,
965 1489 1161 1542 quidquid
1181 1488 1334 1534 feceris,
1365 1489 1405 1526 id
1439 1502 1531 1526 cum
1562 1490 1677 1532 rec‘te,

300 1563 388 1592 tum
407 1555 526 1592 etiam
546 1567 634 1592 mea
651 1555 777 1599 causa,
805 1554 952 1592 factum
982 1555 1144 1606 putabo.
1187 1555 1287 1592 Heri
1317 1568 1409 1591 cum
1435 1568 1483 1592 ex
1512 1554 1680 1591 aliorum

299 1621 423 1659 literis
453 1620 715 1673 cognoviffem
741 1621 787 1659 de
808 1620 976 1659 Antonii
1004 1620 1186 1665 adventu,
1217 1620 1428 1658 admiratus
1460 1620 1544 1658 sum
1576 1619 1679 1658 nihil

300 1687 371 1725 effe
392 1688 432 1725 in
454 1688 530 1725 tuis
548 1702 556 1724 :
589 1686 652 1724 sed
672 1696 777 1725 erant
798 1686 923 1739 pridie
943 1685 1094 1725 fortaffe
1115 1687 1278 1739 scriptae,
1310 1700 1427 1738 quam
1449 1686 1558 1724 datae.
1592 1687 1678 1724 Ne-

300 1766 376 1805 que
398 1752 465 1790 ista
484 1752 646 1805 quidem
666 1765 787 1791 curo:
819 1752 882 1790 sed
914 1762 1042 1790 tamen
1073 1753 1212 1804 opinor
1242 1762 1399 1804 propter
1426 1752 1570 1803 prandes
1592 1751 1678 1789 suos

300 1818 566 1857 accucurriffe.
611 1819 730 1871 Qod
762 1818 897 1856 scribis
927 1819 1155 1856 Terentiam
1185 1817 1231 1855 de
1261 1818 1571 1869 oblignatoribus
1602 1818 1680 1855 mei

301 1885 519 1922 testamenti
551 1885 676 1937 loqui,
707 1884 882 1937 primum
904 1884 977 1921 tibi
998 1883 1194 1936 persuade,
1227 1897 1289 1920 me
1310 1882 1410 1920 istaec
1432 1897 1508 1920 non
1531 1896 1678 1927 curare,

301 1964 428 2003 neque
447 1950 519 1988 effe
539 1950 757 2003 quidquam
777 1959 843 1988 aut
863 1963 986 2002 parvae
1014 1963 1115 1986 curae
1145 1958 1210 1986 aut
1240 1962 1346 1986 novae
1377 1948 1469 1985 loci.
1517 1947 1588 1985 Sed
1621 1957 1678 1985 ta-

302 2030 391 2054 men
413 2016 508 2068 quid
528 2016 681 2054 fimile?
711 2015 780 2053 illa
798 2029 862 2054 eos
883 2028 960 2053 non
981 2013 1178 2059 adhibuit,
1200 2027 1298 2066 quos
1320 2013 1553 2051 existimavit
1573 2027 1680 2064 qum-

304 2081 455 2126 fituros,
487 2081 557 2119 nist
578 2081 742 2127 scissent,
773 2079 869 2133 quid
889 2080 1006 2119 esset:
1039 2093 1136 2118 num
1166 2079 1206 2117 id
1236 2079 1354 2116 etiam
1384 2079 1484 2116 mihi
1516 2078 1681 2129 periculi

304 2146 413 2185 fuit?
447 2146 517 2185 Sed
549 2156 676 2185 tamen
697 2146 813 2185 faciat
843 2146 910 2184 illa
930 2145 1036 2199 quod
1056 2159 1156 2198 ego:
1189 2145 1289 2182 dabo
1319 2159 1451 2181 meum
1474 2143 1678 2180 testamen-

305 2222 390 2250 tum
412 2212 620 2265 legendum
641 2213 705 2250 cui
726 2212 919 2250 voluerit:
953 2210 1164 2263 intelliget,
1196 2223 1273 2247 non
1295 2208 1459 2261 potuisse
1488 2207 1679 2245 honorifi-

305 2278 456 2316 centius
477 2292 498 2316 a
518 2292 579 2316 me
600 2278 682 2316 fieri
703 2278 749 2316 de
771 2287 925 2330 nepote,
955 2290 1074 2328 quam
1104 2274 1280 2312 fecerim.
1326 2274 1432 2311 Nam
1463 2273 1570 2325 quod
1602 2287 1683 2312 non

306 2342 486 2380 advocavi
516 2343 562 2380 ad
591 2343 902 2396 obfignandum5
935 2342 1108 2394 primum
1137 2338 1239 2378 mihi
1267 2353 1344 2376 non
1365 2340 1471 2377 venit
1502 2339 1540 2376 in
1567 2352 1679 2376 men-

307 2419 416 2452 tem,
448 2407 585 2445 deinde
614 2422 657 2446 ea
686 2422 724 2446 re
753 2422 832 2446 non
859 2408 981 2452 venit,
1012 2407 1104 2459 quia
1124 2405 1225 2443 nihil
1247 2405 1420 2443 attinuit.
1466 2406 1571 2442 Tute
1593 2403 1678 2448 scie,

311 2474 353 2523 (ἡ
386 2472 503 2511 modo
533 2473 762 2523 meministi)
795 2487 857 2511 me
887 2474 961 2511 tibi
992 2482 1078 2511 tum
1107 2471 1256 2516 dixiss‘e,
1289 2481 1331 2508 ut
1359 2471 1405 2508 de
1433 2471 1508 2507 tuis
1530 2469 1680 2520 aliquos

308 2539 527 2577 adduceres.
572 2537 680 2590 Qid
702 2539 808 2577 enim
827 2552 926 2592 opus
947 2549 1026 2578 erat
1046 2538 1183 2577 multis
1204 2539 1217 2574 ?
1248 2537 1429 2589 equidem
1452 2533 1683 2573 domesticos
