2243 3008
545 270 1140 311 AD‘ATTICUM
1205 271 1347 312 LIB.
1398 276 1470 314 IV.
1627 288 1699 330 υς

319 372 420 425 lege,
450 370 517 410 suo
538 371 712 424 sumptu,
743 371 785 408 in
806 370 993 408 Ciliciam
1013 371 1175 424 cogitat.
1225 371 1421 412 Paccianae
1449 374 1618 427 epistolae
1639 389 1699 413 re-

316 437 474 490 spondi:
498 436 688 489 cognosce
703 445 853 474 caetera.
886 436 948 474 Ex
964 435 1094 474 fratris
1116 436 1240 475 literis
1260 437 1506 477 incredibilia
1522 441 1699 492 quaedam

315 503 363 541 de
385 501 543 541 Caesaris
573 502 614 539 in
647 507 710 539 me
739 514 869 539 amore
900 501 1097 553 cognovi;
1128 515 1247 553 eaque
1274 502 1363 541 sunt
1394 504 1511 556 ipsius
1541 506 1698 544 Caesaris

316 569 525 606 uberrimis
545 568 669 606 literis
698 567 942 606 confirmata.
989 568 1205 606 Britannici
1235 568 1330 606 belli
1357 570 1485 608 exitus
1517 574 1695 624 expe&a-

315 642 393 671 tur.
441 632 601 671 Constat
632 632 740 670 enim
770 632 897 670 aditus
925 632 1059 671 insulae
1087 632 1159 671 effe
1179 634 1355 672 munitos
1376 635 1554 673 mirificis
1577 638 1695 675 moli—

314 699 416 737 bus:
448 699 566 736 etiam
587 697 687 736 illud
702 699 784 750 jam
815 697 1022 750 cognitum
1048 697 1115 742 est,
1147 712 1273 750 neque
1299 702 1450 752 argenti
1481 701 1698 754 scripulum

311 764 386 803 effe
413 764 544 803 ullum
572 765 614 802 in
643 763 712 802 illa
740 763 878 808 insula,
910 776 1037 816 neque
1066 764 1188 802 ullam
1223 765 1331 817 spem
1363 766 1514 818 praedae,
1546 768 1616 806 nifi
1650 782 1698 807 ex

313 829 522 882 mancipiis
538 848 550 875 5
581 843 630 867 ex
650 828 795 881 quibus
816 828 947 867 nullos
968 838 1066 882 puto
1087 838 1125 867 te
1145 829 1268 868 literis
1289 840 1356 869 aut
1384 831 1541 870 muficis
1563 833 1696 871 erudi-

313 904 375 933 tos
394 896 610 947 expetitare.
641 895 785 932 Paulus
806 894 847 932 in
868 894 1000 932 medio
1020 894 1106 933 foro
1128 895 1324 934 bafilicam
1339 897 1422 948 jam
1443 910 1542 949 pene
1572 900 1698 937 texuit

313 960 451 999 iisdem
480 961 652 1013 antiquis
682 961 908 999 columnis:
940 961 1051 999 illam
1085 970 1231 1006 autem,
1262 975 1381 1013 quam
1412 962 1570 1009 locavit,
1602 964 1698 1003 facit

313 1027 750 1080 magnificentiffimam.
797 1027 908 1078 Qid
937 1027 1110 1079 quaeris?
1142 1026 1244 1065 nihil
1273 1029 1420 1080 gratius
1450 1029 1522 1067 illo
1551 1043 1696 1069 monu-

313 1102 464 1136 mento,
498 1090 600 1129 nihil
634 1091 853 1143 gloriosius.
901 1092 1038 1144 Itaque
1073 1092 1230 1130 Caesaris
1265 1093 1383 1131 amici
1420 1095 1502 1145 (me
1535 1094 1624 1132 dico
1659 1105 1697 1133 et

311 1157 522 1209 Oppium:
555 1156 806 1208 disrumparis
828 1156 939 1205 licet)
963 1157 1003 1193 in
1034 1167 1340 1195 monumentum
1372 1158 1487 1204 illud,
1519 1160 1625 1211 quod
1655 1170 1699 1199 tu

311 1222 449 1261 tollere
482 1221 664 1260 laudibus
699 1222 861 1266 solebas,
906 1230 950 1260 ut
984 1221 1117 1260 forum
1151 1222 1383 1267 laxaremus,
1423 1234 1462 1261 et
1496 1225 1616 1277 usque
1650 1226 1697 1264 ad

309 1289 453 1326 atrium
502 1287 716 1325 Libertatis
764 1288 1071 1340 explicaremus,
1120 1288 1427 1340 contempsimus
1484 1289 1696 1329 sexcenties

311 1354 405 1392 H-S
423 1368 432 1392 ε
464 1367 558 1391 cum
577 1354 738 1406 privatis
759 1367 838 1391 non
860 1362 1011 1406 poterat
1032 1353 1189 1405 tranfigi
1208 1354 1361 1392 minore
1380 1356 1560 1407 pecunia.
1594 1357 1695 1394 Effi-

308 1420 460 1458 ciemus
481 1432 564 1458 rem
582 1419 893 1472 gloriosiffimam
912 1434 921 1457 ι
954 1432 1046 1457 nam
1074 1419 1115 1457 in
1137 1432 1277 1472 campo
1298 1420 1448 1458 Martio
1474 1420 1579 1473 septa
1599 1422 1695 1460 Tri-

312 1486 418 1524 butis
447 1486 621 1524 comitiis
651 1499 867 1523 marmorea
892 1485 1025 1523 sumus
1058 1494 1098 1523 et
1129 1486 1229 1523 testa
1255 1484 1395 1523 fadturi
1411 1504 1423 1531 ;
1455 1499 1576 1539 eaque
1606 1487 1695 1525 cin-

310 1564 449 1603 gemus
474 1550 626 1589 excelsa
652 1551 837 1603 porticu;
869 1559 913 1588 ut
942 1550 1054 1588 mille
1083 1550 1260 1603 paffuum
1288 1550 1547 1591 conficiatur:
1580 1552 1696 1591 fimul

309 1615 546 1668 adjungetur
565 1614 660 1653 huic
680 1616 788 1668 operi
817 1615 912 1653 villa
939 1615 1059 1654 etiam
1088 1615 1262 1668 publica.
1309 1617 1445 1661 Dices,
1476 1617 1572 1668 quid
1592 1617 1695 1656 mihi

309 1680 387 1719 hoc
415 1689 721 1719 monumentum
750 1680 955 1734 proderit?
987 1680 1128 1733 Qid?
1160 1681 1295 1719 celabo
1327 1689 1364 1719 te
1384 1695 1442 1720 res
1464 1682 1659 1721 Romanas
1679 1684 1693 1720 ?

311 1747 407 1785 Non
437 1746 544 1784 enim
576 1755 613 1784 te
642 1755 740 1798 puto
769 1745 818 1784 de
845 1745 979 1790 lustro,
1011 1745 1118 1798 quod
1141 1747 1224 1798 jam
1255 1745 1499 1799 desperatum
1529 1747 1596 1793 est,
1628 1758 1695 1786 aut

309 1811 356 1850 de
371 1811 550 1863 judiciis,
581 1824 668 1863 quae
698 1811 784 1863 lege
813 1812 951 1849 Coctia
979 1811 1088 1856 fiant,
1120 1824 1303 1863 quaerere.
1350 1812 1472 1850 Nunc
1498 1821 1535 1850 te
1554 1813 1691 1865 objur—

308 1879 389 1930 gari
420 1887 564 1930 patere,
595 1877 621 1914 fi
645 1878 747 1929 jure.
795 1876 940 1914 Scribis
970 1876 1077 1914 enim
1107 1876 1146 1913 in
1177 1876 1350 1929 epistola,
1382 1891 1501 1929 quam
1534 1879 1582 1916 C.
1608 1880 1691 1916 De-

308 1942 452 1980 cimius
474 1940 576 1979 mihi
606 1941 776 1979 reddidit
806 1940 1001 1979 Buthroto
1031 1940 1174 1985 datam,
1207 1941 1246 1978 in
1270 1941 1399 1978 Asiam
1423 1941 1496 1979 tibi
1517 1943 1693 1981 eundum

307 2008 381 2046 effe
402 2017 439 2046 te
458 2007 662 2046 arbitrari:
695 2006 796 2045 mihi
826 2007 1051 2045 mehercule
1081 2006 1183 2044 nihil
1213 2007 1418 2046 videbatur
1446 2007 1517 2046 effe
1548 2008 1587 2046 in
1614 2023 1693 2062 quo

307 2073 507 2112 tantulum
529 2072 736 2118 intereffet,
765 2082 900 2111 utrum
920 2086 988 2126 per
1008 2081 1275 2125 procuratores
1297 2085 1441 2125 ageres,
1471 2087 1518 2111 an
1540 2087 1608 2125 per
1627 2075 1691 2126 ip-

308 2139 422 2185 sum3
454 2148 499 2178 ut
518 2139 600 2177 abis
622 2139 752 2184 toties,
783 2149 821 2177 et
842 2149 921 2177 tam
943 2138 1060 2190 longe
1079 2139 1183 2177 abes.
1231 2139 1303 2177 Sed
1332 2138 1416 2177 haec
1446 2139 1605 2177 mallem
1627 2140 1688 2178 in-

307 2215 415 2257 tegra
434 2217 474 2243 re
495 2214 628 2243 tecum
656 2205 797 2257 egiffe:
832 2203 1006 2257 profecto
1035 2205 1141 2242 enim
1171 2203 1320 2256 aliquid
1349 2203 1520 2256 egissem.
1568 2205 1690 2242 Nunc

307 2270 516 2323 reprimam
537 2270 751 2324 susceptam
772 2270 1087 2322 objurgationem
1107 2285 1115 2307 :
1149 2271 1300 2307 utinam
1329 2270 1451 2307 valeat
1480 2269 1526 2307 ad
1550 2270 1689 2308 celeri-

308 2344 429 2373 tatem
463 2336 609 2375 reditus
641 2336 713 2374 tui.
761 2336 848 2388 Ego
877 2336 923 2373 ad
954 2345 991 2374 te
1026 2344 1227 2388 propterea
1256 2336 1387 2372 minus
1424 2335 1517 2387 saepe
1547 2335 1687 2380 scribo,

309 2400 416 2452 quod
436 2410 587 2440 certum
609 2415 686 2440 non
708 2401 833 2439 habeo
849 2403 922 2454 *ubi
944 2401 1004 2445 fis,
1036 2411 1101 2438 aut
1131 2401 1199 2438 ubi
1230 2400 1385 2438 futurus
1408 2401 1453 2438 sis
1473 2417 1480 2439 :
1515 2400 1608 2439 huic
1631 2413 1687 2439 ta—

308 2479 399 2504 men
421 2465 549 2503 nescio
578 2468 657 2511 cui,
689 2467 795 2519 quod
816 2468 1020 2505 videbatur
1040 2467 1071 2504 is
1095 2476 1130 2504 te
1151 2467 1300 2505 visurus
1321 2467 1406 2511 effe,
1439 2467 1571 2519 putavi
1594 2467 1689 2503 dan-

307 2531 374 2569 das
395 2529 467 2569 effe
488 2531 630 2569 literas.
673 2533 755 2576 Tu,
786 2533 974 2583 quoniam
996 2534 1143 2570 iturum
1166 2543 1202 2570 te
1231 2534 1269 2570 in
1302 2532 1430 2570 Asiam
1461 2531 1531 2569 effe
1561 2541 1687 2583 putas,

1308 2597 1335 2633 P
1367 2610 1388 2634 2
