2243 3008
542 280 1139 321 ADATTICUM
1207 281 1349 319 LIB‘·
1402 282 1452 319 v.
1619 285 1692 333 127

308 382 508 436 equidem,
540 391 584 419 ut
616 381 704 427 scis,
735 381 873 426 dilexi,
913 381 977 419 sed
1011 379 1190 432 quotidie
1224 380 1349 432 pluris
1384 380 1502 426 facio,
1542 391 1580 420 et
1610 395 1695 419 me-

308 448 468 486 hercule
495 448 536 485 in
566 448 706 499 primis
739 447 846 499 quod
879 457 915 485 te
949 455 1067 491 amat,
1099 459 1170 483 nec
1205 446 1265 483 tui
1294 446 1540 484 mentionem
1573 448 1696 484 inter-

310 513 420 551 mitti
440 512 544 550 finit.

646 714 888 751 CICERO
929 712 1188 749 ATTICO
1231 712 1363 749 SAL.

312 842 366 880 X.
393 840 467 913 U
484 842 522 879 T
554 840 730 879 Athenas
751 854 785 879 a.
808 840 847 878 d.
868 853 934 878 vn
959 839 1049 878 Kal.
1068 839 1213 890 Qint.
1231 852 1428 883 veneram,
1450 841 1703 892 expectabam

490 906 548 944 ibi
563 907 647 958 jam
667 915 853 958 quartum
873 905 979 942 diem
1001 904 1264 949 Pontinium;
1297 917 1424 955 neque
1454 904 1500 941 de
1521 907 1604 956 ejus
1631 906 1701 943 ad-

312 983 432 1012 ventu
454 973 551 1010 certi
572 973 787 1025 quicquam
808 971 1002 1009 habebam
1020 985 1029 1008 ε
1062 983 1167 1008 eram
1187 978 1318 1008 autem
1339 979 1461 1014 totus,
1488 970 1600 1008 crede
1621 972 1700 1008 mi-

311 1038 371 1084 hi,
403 1049 565 1083 tecum;
596 1047 635 1075 et
666 1051 893 1090 quanquam
923 1037 1001 1075 fine
1029 1035 1092 1074 his
1122 1049 1190 1088 per
1216 1049 1279 1073 me
1300 1035 1395 1087 ipse,
1426 1045 1556 1073 tamen
1577 1037 1703 1075 acrius

311 1104 483 1156 vestigiis
515 1103 592 1141 tuis
622 1103 814 1147 monitus,
846 1102 894 1140 de
925 1113 963 1140 te
993 1102 1231 1153 cogitabam.
1278 1101 1388 1152 Qid
1419 1103 1592 1153 quaeris?
1624 1115 1703 1140 non

312 1168 541 1207 mehercule
560 1168 660 1205 alius
681 1167 786 1205 ullus
813 1166 938 1205 sermo
969 1167 1040 1204 nifi
1073 1166 1119 1204 de
1147 1176 1199 1204 te.
1247 1166 1319 1202 Sed
1340 1176 1383 1203 tu
1405 1166 1553 1218 aliquid
1574 1167 1620 1204 de
1641 1181 1705 1205 me

312 1234 407 1272 scire
428 1232 581 1272 fortaffe
602 1233 724 1271 mavis
742 1251 754 1277 3
786 1231 869 1271 haec
891 1232 995 1270 sunt.
1033 1230 1180 1269 Adhuc
1201 1231 1379 1283 sumptus
1401 1245 1473 1269 nec
1494 1232 1534 1268 in
1556 1246 1619 1270 me
1639 1243 1706 1270 aut

311 1299 488 1353 publice,
519 1308 586 1336 aut
623 1298 824 1351 privatim,
863 1311 934 1336 nec
973 1298 1015 1335 in
1053 1310 1294 1349 quemquam
1333 1297 1528 1334 comitum
1552 1312 1560 1335 :
1603 1297 1706 1335 nihil

312 1366 506 1418 accipitur
532 1364 618 1417 lege
638 1363 760 1415 Julian,
793 1362 894 1403 nihil
915 1364 963 1402 ab
989 1362 1170 1415 hospite:
1202 1362 1424 1415 persuasum
1446 1362 1499 1400 est
1519 1364 1706 1401 omnibus

314 1431 428 1476 meis,
455 1429 700 1468 serviendum
722 1428 794 1467 effe
814 1428 928 1468 famae
948 1442 1043 1466 meae
1062 1443 1070 1466 :
1105 1427 1209 1466 belle
1228 1426 1370 1465 adhuc.
1415 1428 1507 1465 Hoc
1529 1429 1706 1466 animad-

313 1495 482 1541 versum,
515 1496 748 1533 Graecorum
767 1495 882 1532 laude
901 1503 940 1533 et
961 1494 1090 1532 multo
1111 1493 1286 1531 sermone
1307 1493 1541 1532 celebratur.
1587 1494 1708 1546 Qod

314 1561 496 1615 superest,
524 1560 745 1598 elaboratur
771 1560 812 1598 in
837 1559 914 1598 hoc
941 1573 962 1597 a
985 1574 1064 1604 me,
1095 1560 1192 1597 slcut
1214 1559 1289 1596 tibi
1310 1559 1403 1597 senfi
1429 1559 1580 1611 placere
1603 1575 1611 1598 :
1646 1560 1708 1598 sed

317 1625 400 1664 haec
422 1635 509 1663 tum
530 1624 749 1669 laudemus,
766 1638 860 1662 cum
879 1633 994 1662 erunt
1015 1632 1203 1676 perorata.
1236 1623 1408 1675 Reliqua
1427 1623 1517 1661 sunt
1536 1624 1707 1676 ejusmo-

316 1692 371 1736 di,
404 1701 447 1729 ut
475 1677 611 1729 melum
643 1690 851 1728 consilium
881 1689 978 1742 saepe
1010 1688 1307 1742 reprehendam,
1337 1689 1444 1740 quod
1473 1703 1553 1727 non
1581 1690 1711 1742 aliqua

318 1758 468 1795 ratione
489 1770 536 1795 ex
557 1755 634 1793 hoc
655 1756 815 1807 negotio
835 1755 1072 1794 emerserim.
1111 1756 1147 1790 O
1170 1768 1251 1792 rem
1273 1754 1439 1792 minime
1459 1764 1590 1806 aptam
1611 1756 1709 1793 meis

319 1823 497 1861 moribus
518 1822 525 1858 ἔ
560 1822 597 1859 Ο
619 1821 736 1858 illum
756 1835 909 1865 verum,
930 1813 1003 1870 ἕρδοι
1022 1818 1071 1858 τίς
1096 1820 1104 1857 !
1133 1821 1270 1865 Dices,
1292 1821 1403 1871 Qid
1423 1819 1550 1858 adhuc
1570 1822 1583 1857 ?
1606 1835 1708 1859 non·

319 1890 416 1928 dum
437 1890 478 1927 in
501 1888 660 1940 negotio
681 1888 853 1926 versaris.
899 1886 1073 1931 Nescio,
1106 1896 1145 1924 et
1172 1896 1270 1939 puto
1296 1887 1516 1924 molestiora
1545 1887 1707 1925 restare:

319 1955 388 1993 etsi
409 1954 492 1992 haec
513 1953 594 2007 ipsa
613 1952 697 1991 fero
717 1954 901 2006 equidem
922 1951 1067 1997 fronte,
1091 1961 1135 1990 ut
1154 1961 1268 2004 puto,
1290 1962 1329 1989 et
1349 1952 1454 1997 volo,
1478 1952 1707 1990 belliffime:

320 2021 384 2058 sed
405 2034 527 2073 angor
547 2020 699 2058 intimis
723 2020 916 2065 senfibus3
939 2020 993 2056 ita
1013 2018 1139 2056 multa
1158 2019 1219 2056 vel
1240 2018 1438 2063 iracunde,
1456 2019 1516 2056 vel
1538 2019 1711 2056 insolen-

321 2096 393 2131 ter,
424 2085 485 2124 vel
506 2085 546 2123 in
569 2085 678 2123 omni
700 2098 839 2137 genere
860 2084 1034 2122 stultitiae
1056 2083 1212 2129 insulse,
1244 2094 1483 2136 arroganter,
1508 2094 1549 2121 et
1567 2084 1711 2121 dicun-

320 2162 384 2191 tur
404 2163 443 2192 et
466 2160 645 2190 tacentur
665 2152 857 2204 quotidie.
905 2152 1020 2202 Qae‚
1052 2164 1130 2188 non
1162 2164 1241 2202 quo
1272 2160 1309 2188 te
1339 2150 1480 2195 celem,
1512 2164 1589 2188 non
1622 2164 1711 2202 per-

325 2218 466 2263 scribo,
498 2217 561 2255 sed
581 2218 675 2270 quia
696 2210 894 2265 ὃυο-εξίμηται
924 2217 1027 2255 sunt.
1074 2217 1211 2269 Itaque
1230 2216 1469 2254 admirabere
1489 2229 1616 2254 meam
1637 2214 1711 2255 Βοι-

322 2280 455 2323 3ότηπι,
483 2297 577 2321 cum
598 2283 690 2321 salvi
711 2283 967 2321 redierimus:
1002 2292 1108 2320 tanta
1134 2281 1235 2320 mihi
1254 2279 1375 2329 μῖλέτη
1409 2281 1528 2333 hujus
1553 2283 1709 2319 virtutis

326 2347 452 2385 datur.
499 2349 606 2400 Ergo
636 2348 718 2386 haec
740 2361 899 2401 quoque
919 2348 1121 2386 hactenus.
1168 2347 1250 2386 Etsi
1271 2346 1372 2384 mihi
1395 2346 1495 2384 nihil
1515 2357 1596 2384 erat
1617 2361 1709 2399 pro-

325 2412 496 2464 positum
516 2413 566 2450 ad·
584 2414 862 2460 scribendum;
895 2415 988 2467 quia
1007 2414 1105 2467 quid
1125 2427 1270 2466 ageres,
1303 2413 1372 2451 ubi
1396 2422 1585 2451 terrarum
1602 2412 1709 2457 effes,

324 2491 372 2515 ne
403 2476 620 2529 suspicabar
648 2479 841 2530 quidem:
875 2493 947 2518 nec
977 2480 1137 2518 hercule
1171 2493 1347 2532 unquam
1381 2489 1462 2517 tam
1496 2479 1563 2515 diu
1599 2479 1710 2529 igna-

324 2555 388 2580 rus
421 2555 550 2580 rerum
582 2555 756 2580 mearum
785 2542 873 2588 fui,
907 2545 1006 2596 quid
1038 2544 1084 2583 de
1116 2544 1290 2589 Caesaris,
1320 2543 1419 2596 quid
1448 2543 1494 2580 de
1526 2541 1712 2585 Milonis,
