2243 3008
478 318 551 345 110
821 301 1505 342 EPISTOLARUM

474 415 630 460 tempus
651 405 782 444 dilata.
817 405 983 457 Sequere
1003 416 1109 442 nunc
1130 416 1193 441 me
1213 403 1253 440 in
1275 415 1475 455 campum.
1506 401 1632 441 Ardet
1649 402 1822 442 ambitus
1837 418 1850 443 :

473 469 567 520 σ’ἧμα,
586 466 620 508 δέ
632 486 676 506 τω
696 468 790 523 {git-2:
814 469 944 509 foenus
965 483 1012 508 ex
1033 469 1174 507 triente
1195 468 1298 506 Idib.
1332 469 1476 519 Qint.
1498 467 1646 508 factum
1666 478 1746 508 erat
1767 469 1852 508 bes-

473 537 591 576 fibus.
624 537 760 581 Dices,
790 535 887 574 istuc
907 534 1069 587 quidem
1090 546 1169 571 non
1190 532 1350 571 moleste
1368 531 1466 572 fero.
1500 534 1540 572 O
1559 535 1703 579 virum,
1736 535 1773 573 O
1794 535 1854 572 ci·

474 602 587 640 vem!
621 601 865 640 Memmium
898 599 1056 638 Caesaris
1087 611 1224 636 omnes
1255 611 1347 650 opes
1381 597 1645 637 confirmant:
1686 612 1779 638 cum
1810 612 1856 637 eo

475 667 704 707 Domitium
725 665 915 704 Consules
940 665 1160 716 junxerunt
1176 682 1187 708 ;
1219 677 1296 716 qua
1321 664 1513 715 pactione,
1543 663 1714 716 epistolae
1741 678 1855 703 com·

474 734 631 772 mittere
651 745 730 770 non
750 729 887 768 audeo.
920 729 1130 781 Pompeius
1151 727 1302 772 fremit,
1323 728 1515 781 queritur,
1538 728 1681 766 Scauro
1701 728 1827 768 studet
1845 744 1855 768 τ

474 798 538 837 sed
560 807 693 836 utrum
713 795 857 840 fronte,
879 808 926 832 an
947 802 1093 838 mente,
1114 793 1332 831 dubitatur.
1365 788 1474 839 Ἐξοχῆ
1494 793 1535 831 in
1555 792 1669 831 nullo
1688 793 1763 832 est:
1786 808 1858 847 pe·

474 863 591 901 cunia
610 861 791 900 omnium
811 859 1045 912 dignitatem
1060 866 1250 910 exaequat.
1283 857 1461 895 Messalla
1480 857 1663 909 languet3
1682 871 1760 896 non
1777 872 1858 911 quo

473 938 541 966 aut
561 928 714 966 animus
734 925 843 970 desit,
865 934 931 963 aut
951 924 1093 962 amici:
1117 923 1180 961 sed
1200 923 1322 962 coitio
1343 922 1564 961 Consulum
1584 933 1624 962 et
1645 924 1858 977 Pompeius

473 993 632 1032 obsunt.
678 993 736 1030 Ea
754 990 916 1029 comitia
935 998 1032 1041 puto
1058 987 1142 1026 fore
1163 998 1207 1026 ut
1227 988 1434 1026 ducantur.
1477 988 1701 1027 Tribunitii
1720 989 1857 1028 candi·

474 1059 554 1097 dati
580 1060 763 1110 jurarunt
795 1056 831 1094 se
861 1055 1024 1093 arbitrio
1057 1054 1221 1093 Catonis
1253 1054 1473 1106 petituros:
1505 1055 1608 1107 apud
1639 1069 1731 1094 eum
1763 1056 1857 1094 H-S

474 1125 675 1178 quingena
702 1121 992 1175 deposuerunt;
1024 1128 1083 1165 ut,
1115 1121 1184 1172 qui
1218 1133 1239 1157 a
1267 1121 1418 1158 Catone
1447 1119 1652 1159 damnatus
1681 1121 1787 1166 ess‘et,
1817 1121 1859 1159 id

476 1189 666 1243 perderet,
696 1197 736 1226 et
755 1185 1083 1239 competitoribus
1106 1185 1356 1223 tribueretur.
1403 1185 1502 1223 Haec
1522 1199 1596 1238 ego
1615 1186 1742 1238 pridie
1763 1187 1857 1224 scri-

475 1255 632 1299 bebam,
649 1266 768 1306 quam
788 1252 950 1290 comitia
969 1250 1052 1289 fore
1071 1250 1324 1303 putabantur.
1357 1249 1431 1287 Sed
1450 1249 1497 1287 ad
1518 1259 1556 1288 te
1577 1264 1617 1289 v.
1637 1251 1727 1289 Kal.
1751 1252 1858 1290 Sext.

475 1319 502 1359 fi
522 1318 621 1358 fasta
647 1326 776 1362 erunt,
807 1327 846 1355 et
877 1316 1100 1355 tabellarius
1133 1329 1212 1354 non
1241 1315 1315 1354 erit
1344 1313 1557 1367 profectus,
1588 1325 1671 1354 tota
1698 1316 1861 1354 comitia

473 1384 710 1439 perscribam
729 1399 738 1422 :
770 1397 856 1435 quae
877 1382 918 1427 si,
949 1391 993 1420 ut
1013 1390 1216 1434 putantur,
1247 1381 1417 1434 gratuita
1436 1379 1612 1426 fuerint;
1646 1382 1734 1434 plus
1757 1395 1857 1420 unus

475 1453 577 1490 Cato
597 1449 784 1504 potuerit,
815 1462 935 1501 quam
965 1461 1102 1486 omnes
1134 1447 1296 1500 quidem
1321 1446 1490 1499 judices.
1538 1447 1700 1486 Meflius
1721 1446 1860 1486 defen·

475 1517 639 1556 debatur
665 1529 687 1554 a
717 1514 848 1560 nobis,
877 1529 898 1553 e
929 1514 1123 1567 legatione
1155 1521 1355 1552 revocatus
1371 1532 1383 1558 ς
1417 1527 1507 1551 nam
1527 1527 1618 1551 eum
1642 1513 1781 1552 Caesari
1801 1514 1860 1552 le-

475 1592 582 1636 garat
620 1582 790 1634 Appius.
851 1580 1035 1619 Servilius
1075 1579 1213 1624 edixit,
1263 1587 1307 1617 ut
1345 1579 1497 1617 adesset.
1553 1579 1704 1617 Tribus
1742 1578 1862 1618 habet

476 1648 746 1701 Pomptinam,
789 1646 987 1691 Velinam,
1032 1645 1232 1684 Maeciam.
1284 1645 1487 1696 Pugnatur
1524 1645 1690 1683 acriter:
1733 1645 1863 1698 agitur

474 1724 605 1754 tamen
625 1714 728 1752 satis.
776 1713 930 1751 Deinde
955 1726 1018 1750 me
1044 1712 1211 1765 expedio
1237 1711 1284 1749 ad
1316 1711 1506 1757 Drusum,
1538 1711 1627 1750 inde
1661 1712 1708 1750 ad
1741 1713 1861 1750 Scau-

476 1793 592 1819 rum:
638 1789 821 1832 parantur
855 1778 1098 1817 orationibus
1132 1777 1282 1816 indices
1316 1777 1488 1829 gloriosi.
1540 1777 1709 1815 Fortasse
1748 1791 1859 1815 acce-

475 1846 569 1885 dent
589 1846 706 1883 etiam
729 1844 919 1883 Consules
940 1843 1141 1896 designati,
1174 1843 1213 1880 in
1235 1842 1380 1896 quibus
1412 1843 1436 1880 si
1468 1843 1631 1880 Scaurus
1665 1856 1742 1881 non
1771 1842 1860 1881 fue·

477 1914 543 1957 rit,
575 1912 614 1949 in
646 1910 722 1949 hoc
748 1910 902 1962 judicio
931 1909 1040 1948 valde
1070 1908 1278 1947 laborabit.
1325 1909 1385 1946 Ex
1414 1909 1559 1960 Qinti
1587 1907 1715 1947 fratris
1737 1909 1861 1948 literis

477 1978 648 2031 suspicor
663 1978 744 2029 jam
766 1990 857 2014 eum
885 1975 956 2013 effe
986 1976 1026 2012 in
1059 1975 1272 2013 Britannia.
1319 1974 1508 2027 Suspenso
1537 1975 1670 2012 animo
1699 1977 1862 2027 expedio

476 2042 573 2095 quid
593 2051 695 2095 agat.
728 2040 833 2079 Illud
855 2040 1015 2093 quidem
1038 2039 1169 2078 sumus
1191 2039 1335 2092 adepti,
1363 2039 1468 2092 quod
1490 2040 1627 2077 multis
1649 2049 1687 2078 et
1709 2041 1860 2092 magnis

479 2108 636 2147 indiciis
658 2106 855 2160 possumus
872 2106 1062 2158 judicare,
1095 2119 1164 2143 nos
1195 2105 1334 2144 Caesari
1364 2115 1402 2143 ct
1427 2105 1636 2143 carissimos
1657 2115 1695 2143 et
1711 2107 1859 2158 jucun·

477 2174 649 2213 diffimos
669 2173 755 2212 effe.
788 2173 1024 2224 Dionysium
1044 2172 1163 2210 velim
1187 2172 1325 2210 salvere
1341 2172 1493 2224 jubeas,
1525 2181 1563 2209 et
1583 2186 1671 2210 cum
1695 2184 1803 2222 roges
1825 2182 1863 2209 ct

477 2240 646 2286 hortere,
678 2248 722 2277 ut
742 2239 1038 2292 quamprimum
1060 2238 1202 2283 veniat,
1235 2247 1277 2276 ut
1306 2238 1420 2291 ponit
1446 2238 1679 2276 Ciceronem
1710 2251 1859 2282 meum,

476 2315 592 2359 atque
612 2306 813 2344 etiam-me
834 2303 978 2358 ipsum,
1008 2303 1174 2343 erudire.
