2243 3008
565 210 671 248 AD
728 208 1159 248 ATTICUM
1225 211 1367 251 LIB.
1416 212 1492 253 XI.
1647 227 1724 267 ²97

341 307 505 360 Signum
526 309 740 359 requirent,
770 316 837 346 aut
862 320 1052 346 manum:
1086 306 1191 347 dices
1218 308 1282 353 iis,
1313 323 1376 348 me
1403 320 1561 365 propter
1589 311 1718 350 custo-

339 371 420 410 dias
440 385 483 410 ea
501 371 646 412 vitasse.

676 574 918 612 Crcnno
958 573 1212 611 ATT1co
1253 574 1384 612 SAL.

339 699 415 737 111.
439 699 514 787 Q
530 701 569 738 U
584 701 602 738 I
619 700 658 738 D
687 699 754 737 hic
781 709 929 752 agatur,
961 699 1055 739 scire
1074 700 1219 753 poteris
1240 714 1288 739 ex
1308 715 1368 746 eo,
1400 701 1469 754 qui
1498 700 1626 740 literas
1657 710 1717 739 at-

537 766 630 803 tulit
648 780 657 804 :
690 778 808 816 quem
829 764 978 802 diutius
1000 765 1124 810 tenui,
1149 766 1242 817 quia
1260 765 1437 818 quotidie
1457 765 1607 817 aliquid
1627 768 1718 803 novi

337 831 665 882 expectabamus5
699 844 825 882 neque
855 843 961 868 nunc
990 831 1175 868 mittendi
1209 840 1338 869 tamen
1372 831 1453 869 ulla
1485 831 1596 869 causa
1623 831 1716 875 fuit,

336 905 475 947 praeter
494 909 594 941 eam,
617 896 663 934 de
684 909 760 948 qua
781 896 856 933 tibi
876 895 1032 933 rescribi
1053 896 1224 935 voluisti.
1256 897 1376 948 Qod
1397 896 1442 934 ad
1464 896 1552 934 Kal.
1572 896 1716 947 Qint.

335 961 521 1012 pertinet,
543 961 639 1014 quid
659 961 802 999 vellem
818 979 831 1006 ;
863 970 1077 1013 utrumque
1096 974 1209 1013 grave
1229 960 1296 1006 est,
1328 971 1366 999 et
1387 970 1465 999 tam
1487 962 1593 1013 gravi
1615 971 1718 999 tem-

334 1039 443 1078 pore,
474 1027 698 1079 periculum
727 1036 842 1065 tantae
872 1027 1062 1079 pecuniae,
1093 1037 1146 1072 et,
1177 1026 1299 1064 dubio
1333 1040 1462 1065 rerum
1496 1028 1620 1072 exitu,
1652 1027 1720 1064 ista

336 1104 454 1142 quam
476 1092 611 1130 scribis
632 1092 828 1144 abruptio.
872 1093 1003 1143 Qare
1024 1100 1068 1129 ut
1086 1092 1173 1137 alia,
1205 1092 1255 1130 fic
1274 1091 1351 1129 hoc
1372 1091 1433 1130 vel
1454 1092 1624 1130 maxime
1645 1101 1720 1130 tuae

333 1154 426 1193 fidei
448 1156 807 1208 benevolentiaeque
827 1156 1030 1207 permitto,
1056 1165 1098 1193 et
1119 1157 1226 1194 illius
1248 1156 1410 1194 confilio
1435 1166 1474 1194 et
1494 1156 1687 1194 voluntati
1705 1175 1716 1201 ;

334 1220 402 1258 cui
430 1220 577 1259 miserae
606 1220 880 1258 consuluiffem
910 1221 1068 1266 melius,
1099 1221 1125 1259 fi
1148 1231 1280 1260 tecum
1300 1222 1398 1260 olim
1418 1235 1549 1260 coram
1570 1222 1717 1274 potius,

334 1299 454 1338 quam
474 1300 543 1339 per
569 1286 714 1331 literas,
745 1286 793 1324 de
822 1286 942 1324 salute
971 1287 1099 1325 nostra
1125 1287 1372 1339 fortunisque
1398 1287 1718 1326 deliberaviffem.

335 1351 455 1402 Qod
477 1365 592 1404 negas
612 1352 856 1404 praecipuum
876 1350 980 1389 mihi
999 1352 1128 1390 ullum
1148 1352 1449 1390 incommodum
1477 1352 1718 1404 impendere,

335 1417 402 1455 etfi
432 1416 500 1455 ista
529 1430 587 1455 res
618 1416 720 1455 nihil
750 1416 870 1455 habet
898 1416 1190 1462 consolationis,
1221 1427 1352 1455 tamen
1382 1417 1499 1456 etiam
1526 1418 1721 1469 praecipua

335 1481 462 1519 multa
481 1481 585 1525 sunt,
617 1495 703 1533 quae
725 1491 766 1519 tu
788 1481 963 1533 profecto
983 1481 1105 1527 vides,
1138 1491 1181 1520 ut
1202 1482 1306 1527 sunt,
1337 1491 1376 1520 et
1395 1481 1612 1534 graviffima
1631 1481 1718 1526 effe,

335 1555 373 1584 et
403 1560 466 1584 me
495 1545 686 1584 facillime
717 1547 837 1584 vitare
865 1546 1056 1598 potuiss‘e:
1089 1561 1131 1584 ea
1165 1556 1295 1585 tamen
1329 1556 1444 1585 erunt
1478 1548 1643 1591 minora,
1675 1547 1716 1592 fi,

335 1620 379 1649 ut
408 1611 536 1649 adhuc
565 1611 714 1649 fastum
743 1611 810 1657 est,
841 1612 1172 1650 administratione
1202 1613 1486 1665 diligentiaque
1517 1621 1582 1650 tua
1612 1612 1718 1649 leva-

334 1677 497 1715 buntur.
531 1677 702 1714 Pecunia
721 1677 823 1728 apud
845 1677 1060 1728 Egnatium
1080 1677 1146 1715 est.
1189 1678 1246 1715 Sit
1266 1691 1286 1715 a
1306 1691 1383 1722 me,
1415 1687 1458 1714 ut
1479 1677 1531 1714 est
1549 1692 1559 1715 :
1592 1690 1718 1728 neque

332 1742 440 1779 enim
461 1740 537 1779 hoc
558 1742 664 1794 quod
685 1743 827 1794 agitur,
859 1741 1011 1779 videtur
1032 1742 1266 1780 diuturnum
1287 1742 1357 1780 effe
1387 1741 1516 1794 poss‘e3
1550 1751 1592 1779 ut
1621 1741 1718 1779 scire

326 1807 410 1858 jam
434 1807 585 1859 possim,
617 1807 713 1858 quid
734 1807 905 1844 maxime
926 1820 1023 1859 opus
1046 1807 1117 1845 fit:
1150 1807 1216 1845 etsl
1238 1820 1332 1859 egeo
1357 1807 1471 1845 rebus
1499 1807 1714 1851 omnibus;

330 1872 437 1923 quod
458 1872 490 1909 is
512 1885 669 1924 quoque
690 1873 731 1910 in
752 1871 937 1924 angustiis
958 1871 1025 1916 est,
1048 1872 1237 1923 qui-cum
1258 1872 1390 1910 sumus
1404 1891 1417 1917 5
1449 1872 1512 1909 cui
1534 1885 1717 1924 magnam

329 1937 509 1975 dedimus
538 1937 747 1989 pecuniam
778 1946 974 1982 mutuam,
1005 1937 1209 1989 opinantes
1240 1937 1370 1982 nobis,
1401 1936 1622 1975 constitutis
1655 1950 1716 1974 re-

331 2002 421 2047 bus,
453 2015 537 2040 eam
559 2015 641 2039 rem
661 2002 778 2040 etiam
799 2001 941 2040 honori
961 2000 1060 2039 fore.
1101 2003 1184 2047 Tu,
1216 2011 1259 2040 ut
1279 2011 1390 2040 antea
1408 2000 1548 2046 fecisti,
1579 2003 1714 2046 velim,

332 2067 358 2105 fi
380 2066 450 2118 qui
470 2075 599 2112 erunt,
631 2067 676 2104 ad
697 2080 796 2120 quos
816 2066 966 2119 aliquid
987 2067 1236 2105 scribendum
1257 2080 1278 2105 a
1304 2081 1368 2105 me
1395 2067 1604 2111 existimes,
1636 2067 1717 2118 ipse

331 2131 531 2170 conficias.
578 2133 678 2170 Tuis
701 2132 861 2170 salutem
890 2132 968 2170 dic.
1013 2132 1131 2177 Cura,
1163 2142 1207 2170 ut
1226 2132 1364 2170 valeas.
1411 2133 1458 2169 In
1490 2131 1627 2182 primis
1658 2131 1714 2176 id,

332 2196 439 2248 quod
461 2196 612 2242 scribis,
643 2197 830 2235 omnibus
851 2197 966 2235 rebus
987 2210 1078 2235 cura
1098 2207 1136 2234 et
1157 2197 1331 2248 provide,
1363 2209 1413 2234 ne
1432 2195 1527 2247 quid
1549 2197 1583 2233 ei
1604 2195 1713 2242 defit,

333 2261 380 2299 de
400 2275 475 2314 qua
495 2261 566 2301 scis
587 2276 652 2301 me
672 2262 938 2305 miserrimum
958 2262 1043 2302 ess‘e.
1077 2262 1213 2302 Idibus
1235 2263 1330 2313 Jun.
1352 2275 1399 2300 ex
1420 2260 1565 2301 castris.

420 2463 556 2501 Tom.
587 2463 705 2503 VIII.
1330 2460 1360 2500 P
1389 2475 1416 2513 p
