2243 3008
523 256 630 294 AD
688 253 1120 292 ATTICUM
1188 255 1454 297 LIB.1X.
1602 272 1679 313 253

294 352 406 406 ἀπρῶ.
459 354 567 405 Quod
580 353 740 393 evenerit
759 353 889 405 figitur,
921 361 957 391 et
976 353 1070 406 quod
1083 354 1208 406 egeris,
1239 355 1280 393 id
1293 355 1431 409 ςεςκτὲσν
1445 359 1596 410 putabo,
1640 361 1679 399 Si

297 430 384 458 tum
404 420 617 464 dubitares,
639 433 746 458 nunc
766 428 869 457 certe
890 432 968 456 non
989 419 1160 465 dubitas,
1192 420 1272 458 istis
1293 425 1558 463 manentibus.
1594 427 1679 464 De-

295 485 386 522 inde
407 485 447 523 in
468 485 548 537 ipsa
568 484 662 537 fuga
683 499 707 522 v
730 484 923 522 Kalendas
945 484 1124 530 Martias,
1154 487 1301 524 Interea
1331 501 1399 525 non
1431 487 1564 534 dubito,
1594 492 1680 543 quin

293 550 330 587 in
349 551 543 588 Formiano
562 550 807 603 matgficrusfis
822 565 835 587 .·
866 549 1116 601 commodff'me
1145 551 1235 589 enim
1256 549 1291 586 τὶ
1308 550 1424 599 μέλλον
1448 553 1499 591 ibi
1525 551 1678 601 καςμδέ..

292 612 410 656 κήτε’-ες.
441 616 505 654 Ad
526 616 901 654 Kalendas-Martias
922 629 1015 654 cum
1035 616 1102 654 ille
1118 617 1306 668 quintum
1321 618 1405 669 jam
1425 618 1530 656 diem
1547 621 1677 658 Brun-

291 679 390 718 dufii
411 681 515 726 estet,
547 678 639 719 ‘Tum
651 680 848 734 poterimus
872 679 1079 725 deliberare,
1110 695 1177 719 non
1192 681 1335 733 fiilicet
1365 683 1510 735 integra
1541 699 1593 728 re,
1612 686 1687 738 ſsd

289 754 387 783 certe
405 747 520 784 minus
538 747 713 798 irfiacfta,
744 760 849 798 quam
853 746 896 796 st
912 759 984 784 una
997 745 1189 798 prcy‘eceris
1209 755 1257 785 te.
1296 748 1452 786 Deinde
1475 763 1518 787 ιν
1542 751 1678 789 Nonas

292 810 474 856 Martias,
496 809 558 846 ὑπὸ
578 807 629 853 τὴν
645 804 754 859 λῆψιν
772 824 866 849 cum
887 811 1055 849 breviter
1075 811 1275 857 scriberes,
1298 822 1426 851 tamen
1448 815 1562 866 ponis
1583 815 1678 862 hoc,

292 877 389 914 Cras
394 876 556 928 Jeribam
569 875 696 928 plura,
727 885 762 914 et
781 876 834 914 ad
847 876 975 915 omnia.
1022 879 1104 915 Hoc
1123 886 1241 916 tamen
1260 877 1388 923 dicam,
1419 894 1487 917 non
1499 881 1676 932 poenitere

289 955 342 978 me
360 942 492 992 cotfilii
506 941 547 980 de
566 950 631 979 tua
659 942 843 992 margllone,
873 951 923 986 et,
954 956 1155 995 quanquam
1182 957 1312 996 magna
1328 945 1581 997 ſsllt‘citudine,
1613 957 1677 986 ta-

288 1021 381 1050 men,
411 1007 496 1059 quia
523 1007 638 1045 minus
668 1007 755 1045 mali
777 1016 868 1059 puto
904 1006 977 1059 ff,
1008 1022 1113 1061 quam
1141 1009 1178 1047 in
1208 1010 1270 1047 illa
1292 1011 1526 1063 prqsec‘tione,
1555 1027 1676 1052 maneo

288 1071 327 1109 in
332 1072 534 1121 stutentia.
563 1081 600 1109 et
624 1071 760 1123 gaudeo
791 1081 826 1110 te
852 1072 1017 1124 matfiſje.
1065 1075 1170 1113 Cum
1202 1089 1291 1113 vero
1317 1077 1401 1127 jam
1432 1090 1605 1129 angerer,
1636 1089 1676 1117 et

289 1137 486 1182 timerem,
517 1151 565 1174 ne
597 1137 693 1188 quid
724 1150 745 1174 a
775 1150 839 1174 me
869 1137 1068 1176 dedecoris
1093 1139 1183 1177 effet
1203 1139 1424 1186 admissum,
1458 1156 1513 1180 111
1538 1144 1675 1182 Nonas

286 1202 468 1247 Martias,
500 1199 633 1240 Tamen
661 1212 697 1239 te
727 1216 794 1240 non
819 1200 879 1253 effe
913 1216 985 1240 una
1019 1217 1097 1242 cum
1129 1205 1294 1256 Pompeio
1326 1221 1394 1244 non
1410 1207 1500 1258 sero
1530 1209 1674 1261 moleste.

287 1267 414 1319 Postea
429 1269 473 1318 st
489 1277 572 1320 opus
575 1267 718 1317 suerit,
749 1281 817 1306 non
835 1268 907 1306 erit
926 1267 1062 1320 dgffict'le
1077 1286 1090 1313 ;
1121 1278 1156 1308 et
1175 1270 1240 1315 illi,
1271 1285 1403 1324 quoquo
1424 1282 1577 1326 tempore
1583 1275 1674 1325 fiet,

287 1332 358 1370 erit
384 1329 561 1378 σ’«ο-μῖέις-ον.
607 1331 680 1370 Sed
705 1332 768 1371 hoc
795 1333 850 1370 ita
879 1332 966 1377 dico,
980 1334 1026 1382 st
1045 1334 1115 1378 hle,
1147 1349 1218 1387 qua
1244 1337 1384 1374 ratione
1410 1337 1552 1376 initium
1557 1339 1673 1389 fecit,

284 1397 403 1436 eadem
433 1408 567 1437 caetera
599 1407 697 1450 aget,
713 1398 870 1449 fincere,
900 1408 1110 1452 temperate,
1134 1401 1337 1452 prudenter
1352 1419 1365 1445 ;
1395 1403 1501 1441 valde
1535 1404 1673 1450 videro,

286 1473 322 1501 et
348 1463 604 1514 ‘corfideratius
638 1464 799 1502 utilitati
829 1464 956 1514 nessrae
991 1465 1205 1518 corfiduero.
1256 1467 1336 1506 VII
1378 1467 1471 1506 Idus
1506 1469 1672 1509 Martias

283 1528 422 1566 scribis
452 1529 632 1566 Peduceo
651 1542 810 1582 quoque
841 1530 970 1567 nostro
1000 1530 1172 1582 probari,
1204 1532 1311 1584 quod
1342 1533 1526 1584 quierim,
1558 1537 1672 1587 cujus

284 1594 492 1632 auotoritas
523 1594 697 1632 multum
724 1594 828 1646 apud
857 1608 920 1632 me
949 1595 1065 1634 valet.
1111 1596 1189 1634 His
1216 1611 1290 1649 ego
1321 1599 1400 1636 tuis
1432 1599 1585 1652 scriptis
1607 1615 1672 1639 me

284 1659 479 1704 consolor,
518 1668 562 1697 ut
593 1658 694 1697 nihil
726 1672 748 1696 a
778 1673 842 1698 me
873 1658 1001 1698 adhuc
1033 1660 1222 1700 deliCtum
1253 1672 1406 1715 putem.
1453 1665 1519 1702 Tu
1551 1667 1672 1705 modo

283 1725 553 1762 auetoritatem
576 1733 685 1763 tuam
705 1723 906 1763 defendito
922 1744 934 1769 3
966 1725 1143 1764 adversus
1164 1740 1227 1765 me
1248 1727 1350 1765 nihil
1374 1741 1472 1780 opus
1493 1729 1547 1766 est
1565 1745 1573 1768 :
1606 1731 1672 1769 sed

283 1789 449 1828 consciis
471 1803 565 1841 egeo
585 1789 686 1828 aliis.
730 1790 834 1841 Ego,
864 1790 890 1828 fi
911 1790 1013 1828 nihil
1034 1793 1209 1843 peccavi,
1238 1793 1389 1846 reliqua
1409 1794 1561 1833 tuebor.
1604 1796 1670 1834 Ad

284 1868 326 1892 ea
347 1864 431 1892 tute
450 1854 620 1899 hortare,
642 1863 680 1892 et
701 1868 763 1893 me
784 1856 950 1894 omnino
971 1865 1037 1894 tua
1056 1858 1295 1910 cogitatione
1315 1859 1466 1910 adjuva.
1500 1859 1581 1898 Hic
1602 1862 1668 1898 ni-

282 1920 342 1958 hil
363 1921 459 1959 dum
480 1920 526 1958 de
547 1921 673 1959 reditu
697 1920 855 1959 Caesaris
877 1921 1120 1961 audiebatur.
1168 1924 1255 1976 Ego
1281 1923 1342 1962 his
1365 1925 1488 1964 literis
1509 1924 1585 1965 hoc
1607 1936 1673 1965 ta-

282 1999 373 2025 men
394 1986 545 2041 profeci
561 2006 573 2034 3
605 1987 754 2041 perlegi
775 2001 910 2027 omnes
932 1997 1031 2034 tuas,
1062 1997 1101 2027 et
1121 1989 1162 2028 in
1183 2003 1229 2029 eo
1249 1991 1446 2043 acquievi.

619 2190 862 2229 CICERO
902 2192 1158 2231 ATT1co
1193 2191 1328 2232 SAL.

283 2315 357 2352 XI.
382 2313 486 2385 LE
499 2316 795 2357 NTULUM
826 2319 1000 2358 nostrum
1021 2319 1093 2358 scis
1115 2320 1290 2358 Puteolis
1311 2319 1381 2358 effe
1400 2335 1409 2358 ε
1441 2322 1548 2373 quod
1568 2335 1664 2361 cum

470 2394 490 2417 e
510 2381 653 2421 viatore
673 2384 845 2437 quodam
865 2384 955 2422 effet
975 2385 1170 2431 auditum,
1196 2386 1266 2438 qui
1288 2385 1323 2423 se
1344 2385 1489 2425 diceret
1508 2402 1599 2426 eum
1619 2390 1662 2426 in

282 2445 426 2496 Appia,
457 2457 550 2482 cum
574 2446 605 2483 is
627 2448 790 2498 paulum
816 2449 996 2487 lecticam
1021 2450 1238 2502 aperuisset,
1267 2451 1475 2502 cognoffe;
1507 2453 1573 2490 etfi
1595 2453 1663 2491 vix

279 2509 501 2557 verisimile,
532 2510 618 2549 mifi
646 2520 775 2551 tamen
795 2513 982 2554 Puteolos
1001 2529 1158 2567 pueros,
1189 2517 1258 2570 qui
1278 2516 1591 2569 pervestigarent,
1621 2527 1665 2557 et
