2243 3008
632 253 740 291 AD
802 251 1231 290 ATTICUM
1301 253 1524 291 LIB.I.
1723 269 1770 308 25

384 352 441 390 est
461 350 696 403 ingenuitas,
728 358 766 387 et
795 349 1026 400 magnitudo
1056 349 1176 387 animi
1207 351 1291 388 tui:
1326 364 1450 402 neque
1480 365 1551 403 ego
1578 353 1679 390 inter
1709 366 1771 389 me

385 427 501 468 atque
522 426 559 453 te
579 416 792 467 quicquam
820 414 995 452 interesse
1023 428 1195 467 unquam
1224 415 1334 461 duxi,
1366 426 1502 468 praeter
1525 417 1770 455 voluntatem

383 481 571 518 institutae
601 481 716 525 vitae;
749 479 855 532 quod
885 493 948 517 me
977 479 1144 517 ambitio
1171 481 1348 532 quaedam
1377 482 1423 518 ad
1458 481 1655 520 honorum
1688 482 1767 519 stu-

384 545 510 590 dium,
543 554 580 583 te
599 554 730 582 autem
751 544 824 582 alia
845 545 1010 582 minime
1031 544 1346 596 reprehendenda
1367 547 1464 584 ratio
1485 546 1531 583 ad
1561 547 1768 584 honestum

381 611 525 655 otium,
558 611 685 648 duxit.
733 610 834 647 Vera
853 609 1015 662 quidem
1036 610 1148 648 laude
1169 610 1390 662 probitatis,
1423 611 1651 663 diligentiae,
1675 612 1766 649 reli-

382 676 526 728 gionis,
558 689 685 728 neque
715 688 777 712 me
808 675 897 720 tibi,
929 689 1055 727 neque
1083 689 1339 729 quemquam,
1370 686 1592 729 antepono:
1625 678 1766 715 amoris

380 754 471 779 vero
491 754 581 793 erga
600 755 678 786 me,
707 754 799 779 cum
819 754 840 778 a
859 739 1030 779 fraterno
1050 754 1179 779 amore
1200 742 1490 795 domesticoque
1511 743 1670 787 discesti,
1695 743 1768 780 tibi

382 807 526 858 primas
548 805 694 844 defero.
737 806 831 844 Vidi
851 807 972 850 enim,
1004 806 1099 851 vidi,
1131 807 1364 860 penitusque
1384 808 1575 861 perspexi,
1607 809 1646 846 in
1669 809 1766 846 meis

382 873 495 910 variis
518 872 776 925 temporibus,
808 881 846 910 et
867 872 1152 910 sollicitudines
1173 882 1211 910 et
1232 873 1384 911 laetitias
1408 883 1506 912 tuas.
1548 875 1644 914 Fuit
1665 873 1765 911 mihi

381 937 478 990 saepe
498 947 536 975 et
557 937 681 975 laudis
703 937 837 975 nostrae
857 938 1067 989 gratulatio
1088 938 1358 990 tuajucunda,
1390 948 1428 977 et
1453 939 1605 977 timoris
1626 939 1764 977 conso—

380 1003 475 1041 latio
495 1013 616 1056 grata.
647 1004 756 1055 Qin
779 1002 879 1040 mihi
901 1017 1022 1048 nunc,
1045 1013 1083 1041 te
1102 1004 1271 1049 absente,
1295 1018 1373 1042 non
1395 1004 1522 1043 solum
1542 1005 1763 1050 confilium,

379 1082 460 1121 quo
482 1078 524 1106 tu
545 1069 721 1113 excellis,
753 1068 816 1106 sed
837 1069 954 1106 etiam
976 1069 1162 1106 sermonis
1190 1070 1516 1114 communicatio,
1548 1084 1632 1122 quae
1664 1070 1765 1108 mihi

382 1134 596 1172 suaviffima
629 1143 762 1171 tecum
797 1133 892 1170 solet
926 1133 1012 1178 effe,
1044 1135 1216 1172 maxime
1250 1135 1364 1173 deest.
1417 1136 1526 1186 Qid
1561 1136 1688 1174 dicam
1723 1137 1763 1174 in

378 1199 540 1252 publica
556 1200 621 1236 re?
644 1212 724 1251 quo
745 1199 785 1236 in
805 1212 945 1250 genere
966 1197 1067 1236 mihi
1089 1199 1305 1251 negligenti
1325 1200 1397 1238 effe
1414 1214 1491 1238 non
1514 1201 1631 1245 licet;
1655 1215 1700 1238 an
1724 1202 1764 1238 in

379 1264 520 1303 forensi
552 1264 714 1302 labore?
747 1278 866 1316 quem
895 1274 1005 1302 antea
1033 1275 1192 1317 propter
1219 1266 1479 1304 ambitionem
1500 1264 1762 1312 sustinebam,

379 1344 500 1376 nunc,
523 1339 566 1368 ut
587 1330 821 1382 dignitatem
843 1330 943 1367 tueri
963 1331 1086 1381 gratia
1104 1330 1269 1383 poffim,
1301 1344 1348 1369 an
1369 1331 1411 1368 in
1431 1331 1520 1384 ipfis
1543 1331 1764 1370 domesticis

379 1396 580 1448 negotiis?
613 1396 654 1433 in
675 1395 819 1447 quibus
849 1409 922 1447 ego
948 1409 1041 1434 cum
1067 1405 1191 1441 antea,
1224 1405 1310 1434 tum
1331 1409 1420 1435 vero
1449 1396 1534 1449 post
1560 1397 1764 1435 disceffum

379 1460 524 1506 fratris,
557 1470 594 1498 te
624 1460 893 1513 sermonesque
920 1460 1068 1498 nostros
1099 1460 1284 1500 defidero.
1330 1461 1529 1499 Postremo
1555 1475 1634 1500 non
1655 1461 1765 1500 labor

379 1540 505 1571 meus,
537 1540 616 1564 non
636 1527 816 1579 requies5
850 1540 928 1564 non
950 1527 1170 1578 negotium,
1202 1541 1281 1565 non
1306 1527 1462 1572 otium,
1495 1541 1573 1566 non
1594 1526 1764 1567 forenses

379 1605 452 1636 res,
485 1605 563 1629 non
584 1591 816 1637 domesticae,
849 1605 927 1629 non
949 1592 1133 1644 publicae,
1165 1606 1243 1630 non
1265 1593 1437 1646 privatae,
1468 1606 1594 1631 carere
1614 1593 1763 1631 diutius

379 1666 448 1694 tuo
483 1655 700 1694 suaviffimo
739 1666 855 1708 atque
889 1657 1147 1694 amantiffimo
1182 1657 1344 1695 consilio
1377 1671 1421 1695 ac
1460 1657 1633 1696 sermone
1671 1658 1762 1710 pos·

378 1722 482 1760 sunt.
513 1724 646 1774 Atque
667 1721 806 1759 harum
828 1735 957 1760 rerum
976 1723 1395 1760 commemorationem
1416 1723 1648 1761 verecundia
1667 1724 1764 1776 saepe

376 1785 586 1839 impedivit
616 1786 818 1838 utriusque
847 1786 1049 1824 nostrum:
1083 1800 1188 1825 nunc
1218 1797 1348 1824 autem
1380 1799 1423 1824 ea
1451 1786 1528 1825 fuit
1560 1788 1764 1826 necessaria

376 1861 536 1905 propter
555 1866 639 1889 eam
661 1862 810 1904 partem
831 1851 999 1904 epistolae
1021 1862 1110 1896 tuae,
1141 1866 1209 1905 per
1238 1866 1356 1905 quam
1384 1862 1421 1890 te
1451 1866 1493 1890 ac
1520 1867 1646 1891 mores
1675 1863 1762 1892 tuos

377 1917 478 1956 mihi
499 1927 684 1970 purgatos
705 1931 748 1956 ac
768 1918 952 1970 probatos
973 1918 1044 1955 effe
1066 1917 1234 1955 voluisti.
1283 1919 1415 1970 Atque
1442 1919 1482 1955 in
1513 1918 1580 1956 ista
1606 1919 1762 1957 incom-

376 1983 565 2022 moditate
585 1983 742 2021 alienati
761 1984 870 2022 illius
891 1984 1013 2021 animi
1033 1992 1071 2021 et
1092 1983 1241 2028 offenfi,
1259 1983 1359 2021 illud
1381 1983 1476 2021 inest
1498 1993 1626 2022 tamen
1649 1998 1762 2023 com-

376 2048 500 2094 modi,
532 2048 637 2100 quod
658 2059 697 2086 et
717 2048 820 2087 mihi
840 2058 878 2087 et
899 2050 1045 2087 caeteris
1065 2049 1202 2087 amicis
1226 2049 1302 2087 tuis
1323 2059 1416 2087 nota
1435 2048 1528 2093 fuit,
1560 2060 1598 2087 et
1627 2049 1694 2088 abs
1725 2059 1763 2088 te

373 2113 585 2167 aliquando
615 2113 828 2160 testificata,
866 2123 931 2152 tua
961 2115 1140 2152 voluntas
1173 2114 1400 2152 omittendae
1431 2115 1668 2166 provinciae3
1702 2124 1761 2160 ut,

373 2180 483 2232 quod
518 2193 593 2218 una
628 2193 705 2217 non
741 2179 843 2225 estis,
880 2194 960 2218 non
996 2180 1220 2218 diffenfione
1255 2194 1297 2218 ac
1333 2180 1484 2218 diffidio
1517 2180 1654 2226 vestro,
1697 2180 1761 2219 sed

375 2245 576 2283 voluntate
597 2245 808 2297 acjudicio
830 2255 913 2290 tuo,
944 2245 1091 2284 faCtum
1119 2245 1191 2283 effe
1211 2246 1400 2283 videatur.
1447 2247 1577 2297 Qare
1608 2255 1646 2283 et
1675 2246 1758 2291 illa,

370 2323 462 2362 quae
484 2311 639 2356 violata,
671 2312 960 2364 expiabuntur3
992 2322 1031 2349 et
1051 2311 1133 2350 haec
1155 2311 1293 2355 nostra,
1316 2325 1402 2363 quae
1423 2311 1512 2349 sunt
1531 2311 1760 2350 sancffiffime

372 2375 610 2421 conservata,
642 2377 748 2414 suam
779 2377 1010 2429 religionem
1037 2377 1290 2415 obtinebunt.
1338 2377 1424 2415 Nos
1453 2376 1520 2415 hic
1550 2378 1590 2414 in
1614 2378 1758 2429 repub-

377 2439 453 2476 lica
473 2439 642 2485 infirma,
673 2441 823 2487 misera,
855 2442 1225 2494 commutabilique,
1257 2441 1464 2480 versamur.
1480 2463 1486 2472 -
1504 2441 1632 2479 Credo
1652 2442 1758 2479 enim

377 2514 415 2541 te
436 2503 592 2547 audisse,
624 2504 770 2544 nostros
792 2507 957 2560 Equites
979 2520 1077 2559 pene
1097 2520 1117 2545 a
1143 2507 1284 2545 Senatu
1314 2505 1385 2544 effe
1414 2505 1656 2558 disjunims,
1688 2506 1757 2559 qui

461 2570 498 2606 T
512 2581 535 2606 ο
552 2581 601 2606 M.
636 2569 750 2607 VIII.
1420 2570 1458 2608 D
