2243 3008
525 187 601 229 392
851 171 1540 212 EPISTOLARUM

860 407 1105 446 Crceno
1147 406 1401 444 ATTxco
1437 405 1567 444 SAL.

521 535 698 574 XLVII.
723 533 777 606 P
792 535 829 572 O
843 535 864 572 S
877 535 915 572 T
928 533 1150 584 EAQUA
1163 533 1212 570 M
1240 530 1304 570 abs
1323 540 1358 570 te
1378 534 1611 584 Agamemno,
1642 546 1720 572 non
1743 542 1783 573 ut
1803 532 1908 571 veni-

795 613 868 637 rem
892 601 1000 651 (nam
1021 598 1061 636 id
1081 611 1239 649 quoque
1259 596 1447 642 feciffem,
1465 598 1534 636 nisi
1552 599 1778 650 Torquatus
1799 598 1907 648 effet)

524 664 588 703 sed
610 674 652 703 ut
674 665 896 707 scriberem,
927 661 1079 714 tetigit;
1111 661 1223 699 omifi
1244 675 1299 706 ea,
1329 675 1415 714 quae
1435 662 1476 699 in
1499 662 1680 700 manibus
1701 663 1908 707 habebam,

524 730 649 782 abjeci
667 748 678 774 ;
711 728 817 781 quod
838 727 1012 780 jusseras,
1043 726 1208 764 edolavi.
1253 728 1320 765 Tu
1341 727 1459 765 velim
1490 741 1511 765 e
1532 727 1682 765 Pollice
1701 727 1910 780 cognoscas

526 797 692 833 rationes
714 793 858 832 nostras
880 793 1163 845 sumptuarias:
1186 801 1300 845 turpe
1319 792 1373 830 est
1393 793 1500 831 enim
1522 792 1636 831 nobis
1656 793 1790 838 illum,
1813 805 1911 846 qua—

526 860 730 912 liscunque
750 859 818 904 est,
849 857 926 896 hoc
947 859 1077 910 primo
1097 871 1199 895 anno
1219 871 1330 909 egere
1349 873 1357 896 :
1391 857 1475 910 post
1505 858 1798 897 moderabimur
1817 858 1912 896 dili-

525 926 697 977 gentius.
743 924 854 962 Idem
886 923 1023 961 Pollex
1052 923 1313 960 remittendus
1343 922 1410 968 est,
1443 933 1487 961 ut
1513 923 1581 961 ille
1602 933 1747 961 cernat.
1795 923 1915 962 Plane

528 989 712 1027 Puteolos
735 1001 813 1026 non
834 987 913 1026 fuit
932 987 1124 1033 eundum,
1155 1001 1248 1026 cum
1276 987 1327 1025 ob
1350 1001 1397 1025 ea
1416 1002 1502 1041 quae
1522 988 1568 1026 ad
1591 998 1628 1026 te
1649 988 1794 1041 scripsi,
1827 998 1913 1026 tum

526 1054 633 1107 quod
655 1053 780 1092 Caesar
798 1053 914 1092 adest.
947 1053 1157 1091 Dolabella
1175 1053 1311 1091 scribit
1332 1053 1368 1091 se
1388 1054 1435 1091 ad
1455 1068 1519 1092 me
1538 1053 1723 1106 postridie
1743 1053 1851 1092 Idus.
1876 1055 1914 1092 O

526 1120 755 1173 magistrum
775 1119 983 1158 molestum
1000 1119 1007 1157 !
1041 1119 1216 1172 Lepidus
1238 1119 1284 1157 ad
1304 1133 1367 1158 me
1387 1119 1473 1159 heri
1492 1120 1640 1173 vesperi
1659 1120 1789 1158 literas
1811 1119 1916 1158 mifit

527 1187 651 1225 Antio
668 1205 680 1232 ;
712 1200 803 1224 nam
823 1186 881 1223 ibi
901 1194 981 1224 erat
1000 1200 1008 1224 :
1033 1184 1151 1223 habet
1171 1186 1276 1223 enim
1299 1186 1479 1232 domum,
1502 1199 1621 1239 quam
1643 1199 1712 1224 nos
1732 1186 1915 1224 vendidi-

526 1265 642 1290 mus:
675 1261 786 1303 rogat
812 1264 1049 1304 magnopere
1069 1260 1114 1289 ut
1144 1250 1215 1289 fim
1245 1251 1336 1290 Kal.
1359 1252 1399 1289 in
1433 1253 1603 1297 Senatu;
1636 1265 1699 1289 me
1719 1261 1757 1289 et
1786 1250 1855 1289 fibi
1875 1260 1915 1289 et

528 1317 668 1356 Caesari
688 1316 940 1355 vehementer
960 1325 1116 1368 gratum
1136 1316 1209 1354 effe
1228 1316 1440 1355 facturum.
1485 1317 1588 1355 Puto
1607 1317 1790 1369 equidem
1811 1316 1915 1354 nihil

525 1383 623 1422 effe:
655 1381 809 1420 dixisset
829 1381 936 1419 enim
958 1381 1033 1418 tibi
1053 1379 1206 1419 fortaffe
1225 1381 1376 1434 aliquid
1399 1381 1582 1435 Oppius;
1613 1383 1801 1434 quoniam
1823 1382 1916 1421 Bal-

527 1449 600 1486 bus
621 1447 675 1486 est
696 1461 808 1500 aeger.
855 1446 929 1484 Sed
956 1455 1087 1484 tamen
1116 1447 1254 1484 malim
1274 1447 1406 1484 venire
1432 1446 1585 1491 frustra,
1617 1460 1736 1499 quam
1766 1446 1916 1485 defide-

527 1514 616 1558 rari,
640 1513 664 1551 fi
686 1525 784 1566 opus
805 1511 895 1550 effet
913 1527 923 1550 :
955 1511 1116 1549 moleste
1135 1510 1279 1549 ferrem
1299 1511 1443 1564 postea.
1476 1513 1614 1564 Itaque
1633 1511 1752 1550 hodie
1773 1513 1887 1550 Antii
1901 1531 1914 1558 ;

527 1592 608 1618 cras
630 1587 718 1617 ante
739 1577 946 1616 meridiem
967 1574 1090 1615 domi.
1124 1578 1191 1615 Tu
1211 1577 1346 1622 velim,
1379 1577 1449 1615 nisa
1471 1586 1509 1616 te
1530 1577 1783 1630 impedivisti,
1814 1578 1919 1631 apud

528 1658 598 1683 nos
619 1643 743 1697 pridie
766 1643 854 1682 Kal.
878 1655 971 1681 cum
994 1642 1108 1681 Pilia.
1152 1643 1214 1680 Te
1245 1642 1355 1695 spero
1381 1656 1474 1681 cum
1496 1643 1673 1681 Publilio
1692 1642 1915 1683 confeciffe.

528 1709 726 1763 Equidem
761 1708 851 1747 Kal.
886 1708 926 1746 in
959 1707 1234 1746 Tusculanum
1267 1722 1461 1747 recurram
1479 1727 1490 1753 ;
1528 1722 1592 1746 me
1623 1709 1730 1747 enim
1761 1708 1919 1747 absente

527 1775 661 1814 omnia
681 1787 774 1813 cum
796 1773 875 1811 illis
899 1773 1054 1825 transigi
1076 1773 1195 1811 malo.
1237 1773 1445 1826 eratris
1466 1773 1667 1826 epistolam
1688 1773 1734 1811 ad
1757 1782 1794 1811 te
1814 1774 1916 1819 mifi,

528 1855 607 1880 non
630 1841 716 1879 satis
739 1839 910 1878 humane
931 1839 1042 1877 illam
1063 1839 1226 1892 quidem
1247 1840 1545 1893 respondentem
1567 1841 1664 1878 meis
1686 1840 1825 1884 literis,
1856 1840 1920 1878 sed

528 1915 660 1945 tamen
681 1905 790 1958 quod
811 1905 886 1943 tibi
906 1903 994 1943 satis
1017 1904 1076 1950 fit,
1109 1914 1152 1943 ut
1172 1906 1357 1958 equidem
1377 1905 1573 1944 existimo.
1605 1907 1672 1944 Tu
1693 1904 1859 1944 videbis.

868 2106 1113 2145 Crctno
1154 2106 1408 2145 Αττιοο
1451 2108 1580 2146 SAL.

532 2235 727 2274 XLVIII.
753 2232 963 2307 HERI
995 2233 1124 2272 nescio
1155 2234 1251 2286 quid
1284 2235 1323 2273 in
1358 2234 1517 2288 strepitu
1549 2235 1682 2273 videor
1710 2236 1916 2281 exaudisse.

862 2313 956 2337 cum
976 2298 1123 2337 diceres
1147 2308 1183 2337 te
1204 2299 1244 2337 in
1262 2300 1535 2338 Tusculanum
1556 2309 1789 2338 venturum:
1812 2302 1920 2353 quod

531 2367 712 2412 utinam;
756 2366 899 2405 iterum
936 2366 1116 2410 utinam;
1155 2375 1225 2404 tuo
1259 2375 1387 2405 tamen
1423 2366 1650 2404 commodo.
1698 2367 1822 2419 Lepta
1856 2380 1920 2405 me

531 2442 656 2486 rogat,
699 2441 757 2478 ut,
801 2432 826 2470 si
861 2431 957 2484 quid
993 2431 1064 2471 fibi
1097 2445 1196 2484 opus
1232 2432 1291 2478 fit,
1329 2445 1557 2472 accurram:
1598 2442 1778 2472 mortuus
1812 2433 1920 2472 enim
