2243 3008
566 318 672 356 AD
731 314 1159 355 ATTICUM
1227 315 1368 354 LIB.
1419 318 1492 355 VI.
1651 318 1723 368 169

340 417 410 458 fibi
431 417 571 464 visum,
602 426 640 456 et
660 417 714 455 ita
734 416 770 455 se
791 415 900 454 domi
920 428 967 453 ex
989 414 1066 453 tuis
1087 414 1244 459 audiffe,
1267 424 1311 452 ut
1331 414 1433 452 nihil
1454 415 1544 453 effet
1564 415 1720 453 incom-

338 483 483 522 mode:
515 483 556 521 id
576 482 781 521 videbatur
801 480 1028 534 approbare,
1059 479 1166 533 quod
1195 489 1274 518 erat
1304 481 1345 518 in
1375 490 1565 524 extremo,
1596 479 1720 517 febri-

337 549 469 587 culam
491 558 577 587 tum
598 557 636 586 te
656 546 869 586 habentem
890 544 1085 598 scripsiss‘e.
1130 545 1203 583 Sed
1228 545 1354 584 amavi
1376 554 1522 589 tamen,
1553 544 1721 582 admira-

338 613 477 666 tusque
498 613 598 659 sum,
630 612 738 666 quod
767 611 897 650 nihilo
927 611 1059 649 minus
1088 610 1136 648 ad
1165 623 1229 648 me
1259 620 1326 649 tua
1354 623 1472 648 manu
1503 608 1719 661 scripsisses.

336 678 469 731 Qare
489 678 536 716 de
556 677 632 716 hoc
654 678 742 716 satis
760 692 770 716 ε
803 675 912 730 spero
931 676 1053 720 enim,
1085 689 1170 728 quae
1193 684 1258 713 tua
1277 675 1484 729 prudentia
1503 683 1542 712 et
1569 684 1720 725 tempe-

336 744 460 782 rantia
483 743 551 790 est,
582 752 622 782 et
650 742 824 787 hercule,
856 750 900 779 ut
930 754 994 779 me
1017 740 1134 793 jubet
1164 740 1342 787 Acastus,
1373 740 1529 779 confido
1560 749 1597 777 te
1621 740 1719 791 jam,

335 818 380 847 ut
401 810 599 855 volumus,
631 810 770 848 valere.
803 809 840 846 A
860 806 1068 846 Turannio
1088 816 1126 845 te
1146 806 1330 860 accepisse
1349 819 1452 845 meas
1474 807 1603 845 literas
1623 818 1721 858 gau-

334 874 422 913 deo.
468 870 718 925 Ποιροιφόλωξον,
746 874 773 911 fi
798 887 861 912 me
880 886 999 918 amas,
1033 868 1085 914 τὴν
1103 869 1155 906 τοῦ
1174 869 1315 921 φυραιτοῦ
1338 869 1532 919 φιλοτιμίαν
1550 867 1722 909 αὐτότοίῖαι.

338 939 469 985 Hanc,
502 953 588 992 quae
622 937 847 977 mehercule
878 936 980 975 mihi
1009 949 1153 989 magno
1185 934 1312 973 dolori
1342 934 1409 980 est,
1443 935 1582 987 (dilexi
1614 936 1722 974 enim

336 1004 560 1056 hominem)
584 1018 763 1057 procura,
794 1004 1143 1056 quantulacunque
1169 1000 1237 1046 est,
1268 1001 1505 1039 Praecianam
1525 1000 1721 1039 heredita-

336 1080 432 1110 tem.
466 1070 624 1109 Prorsus
646 1070 714 1108 ille
735 1083 782 1108 ne
802 1070 984 1121 attingat.
1031 1068 1167 1112 Dices,
1199 1079 1384 1105 nummos
1409 1065 1510 1104 mihi
1531 1080 1629 1120 opus
1650 1066 1724 1105 effe

335 1136 382 1173 ad
403 1145 632 1189 apparatum
654 1134 876 1187 triumphi,
910 1135 950 1172 in
972 1147 1067 1186 quo,
1098 1142 1142 1171 ut
1163 1131 1356 1184 praecipis,
1389 1145 1459 1170 nec
1480 1146 1543 1170 me
1567 1129 1652 1167 κενὶν
1680 1133 1722 1170 in

333 1200 554 1254 expetendo
587 1199 813 1253 cognosces,
855 1212 926 1237 nec
956 1197 1077 1245 ἄτυφον
1106 1198 1147 1235 in
1177 1197 1412 1248 abjiciendO.
1460 1197 1644 1236 Intellexi
1675 1211 1723 1236 ex

335 1266 414 1304 tuis
435 1266 574 1312 literis,
593 1275 630 1304 te
651 1278 698 1303 ex
719 1264 926 1303 Turannio
946 1263 1102 1308 audisse,
1125 1276 1146 1301 a
1165 1275 1228 1300 me
1248 1262 1491 1315 provinciam
1512 1262 1621 1301 fratri
1644 1272 1722 1301 tra-

335 1331 474 1371 ditam.
498 1332 650 1371 Adeon'
666 1344 739 1384 ego
760 1344 838 1369 non
856 1329 1125 1383 perspexeram
1145 1328 1394 1381 prudentiam
1416 1328 1617 1367 literarum
1634 1338 1723 1367 tua-

337 1399 457 1436 rum?
489 1394 629 1442 Ἐπέχειν
658 1406 696 1435 te
728 1395 936 1435 scribebas.
983 1394 1095 1447 Qid
1115 1402 1195 1433 erat
1215 1393 1462 1432 dubitatione
1482 1393 1664 1445 dignum,
1696 1395 1723 1432 si

335 1463 427 1503 effet
447 1464 667 1517 quidquam
688 1476 758 1501 cur
778 1462 964 1515 placeret,
986 1460 1162 1505 fratrem,
1193 1468 1232 1498 et
1253 1459 1371 1498 talem
1391 1458 1567 1505 fratrem,
1600 1459 1723 1498 relin-

336 1529 439 1581 qui?
469 1525 622 1570 ἰιθὲτησις
640 1528 710 1566 ista
729 1527 831 1566 mihi
852 1537 933 1572 tua,
963 1540 1042 1565 non
1063 1521 1177 1570 ἑποχῆ,
1206 1525 1424 1565 videbatur.
1461 1525 1655 1564 Monebas
1677 1525 1725 1563 de

338 1594 608 1646 QCicerone
629 1606 764 1646 puero,
796 1601 840 1630 ut
868 1605 960 1630 eum
989 1590 1152 1644 quidem
1184 1591 1415 1643 neutiquam
1443 1591 1722 1643 relinquerem.

336 1656 448 1708 τέμὶνν
468 1656 567 1713 ’ὄνειρον
585 1656 665 1706 ἐμοί.
710 1657 860 1697 Eadem
881 1658 1027 1703 omnia,
1059 1656 1163 1710 quafi
1191 1657 1382 1695 collocuti
1411 1657 1589 1702 essemus,
1619 1657 1724 1695 vidi-

335 1737 440 1764 mus.
478 1724 575 1763 Non
595 1722 673 1761 fuit
693 1723 920 1762 faciendum
939 1723 1067 1768 aliter,
1097 1735 1240 1775 meque
1257 1718 1422 1771 ἐπιχρονίαι
1441 1719 1542 1767 {nxz
1564 1732 1628 1760 tua
1647 1721 1724 1761 du-

337 1789 529 1828 bitatione
550 1789 744 1827 liberavit.
791 1789 863 1826 Sed
893 1798 990 1841 puto
1023 1798 1060 1827 te
1091 1786 1276 1840 accepiffe
1301 1785 1347 1824 de
1366 1785 1440 1824 hac
1462 1800 1501 1824 re
1520 1787 1724 1840 epistolam

338 1855 523 1907 scriptam
543 1855 776 1893 accuratius.
824 1854 912 1905 Ego
944 1853 1164 1900 tabellarios
1197 1852 1348 1904 postero
1375 1851 1437 1889 die
1466 1852 1513 1889 ad
1532 1866 1599 1889 vos
1620 1864 1726 1892 eram

338 1920 536 1965 missurus,
567 1933 666 1972 quos
687 1929 784 1972 puto
805 1928 893 1957 ante
913 1928 1114 1963 venturos,
1145 1931 1265 1971 quam
1291 1917 1466 1955 nostrum
1494 1917 1693 1956 Saufeium
1712 1933 1723 1957 ;

329 1986 400 2025 ‚sed
423 1999 521 2025 eum
549 1986 627 2023 fine
657 1986 754 2023 meis
784 1985 908 2023 literis
939 1984 985 2022 ad
1016 1993 1053 2022 te
1081 1984 1213 2022 venire
1242 1983 1308 2021 vix
1339 1984 1487 2020 rectum
1516 1992 1610 2022 erat.
1657 1985 1724 2022 Tu

337 2051 455 2097 mihi,
482 2061 525 2089 ut
546 2050 760 2103 polliceris,
783 2050 830 2088 de
850 2049 1031 2088 Tulliola
1050 2063 1149 2094 mea,
1172 2048 1212 2086 id
1232 2047 1299 2094 est,
1322 2047 1368 2086 de
1390 2048 1612 2093 Dolabella,
1633 2062 1724 2100 per-

337 2116 508 2161 scribas,
540 2115 587 2153 de
609 2115 846 2168 Republica,
878 2128 997 2168 quam
1027 2113 1220 2166 praevideo
1250 2113 1291 2150 in
1322 2112 1484 2150 summiS
1506 2113 1690 2164 periculis
1708 2131 1721 2157 3

334 2183 382 2221 de
403 2182 656 2227 Censoribus‚
686 2182 938 2235 maximeque
957 2181 1004 2220 de
1025 2181 1158 2233 signis,
1190 2179 1348 2224 tabulis,
1380 2178 1477 2230 quid
1497 2178 1588 2224 fiat;
1619 2177 1722 2217 refe-

331 2257 510 2293 raturne.
558 2247 694 2286 Idibus
716 2247 862 2286 octob.
886 2247 953 2286 has
983 2246 1074 2284 dedi
1103 2245 1261 2290 literas,
1293 2257 1373 2296 quo
1397 2244 1473 2288 die,
1505 2253 1549 2281 ut
1570 2243 1721 2290 scribis,

339 2313 464 2351 Caesar
485 2314 726 2352 Placentiam
746 2313 920 2366 legiones
941 2321 1121 2365 quatuor.
1169 2310 1325 2362 QaesO,
1358 2309 1453 2362 quid
1475 2310 1588 2348 nobis
1609 2309 1721 2348 futu-

339 2391 428 2417 rum
447 2378 500 2417 est
518 2380 531 2416 ἓ
565 2380 609 2417 In
630 2393 715 2419 arce
736 2378 906 2430 Athenis
927 2378 1038 2418 statio
1059 2389 1144 2416 mea
1164 2388 1268 2415 nunc
1291 2375 1432 2428 placet.

419 2574 558 2611 Tou.
593 2573 708 2612 vm.
1387 2571 1424 2609 Y
