2243 3008
596 285 1502 325 ADATTICUML113.V.
1669 299 1735 325 121

359 395 494 426 caetera
519 385 694 423 universe
722 383 929 427 mandavi;
962 382 1062 421 illud
1091 383 1260 435 proprie,
1294 397 1340 420 ne
1373 394 1580 435 pateretur,
1612 399 1737 437 quan-

358 460 445 489 tum
475 450 565 489 effet
596 450 638 487 in
670 448 767 501 ips0,
799 449 998 501 prorogari
1031 448 1144 486 nobis
1179 448 1426 500 provincias':
1461 449 1499 485 in
1536 463 1614 500 quo
1649 464 1739 487 eum

357 525 399 554 tu
432 516 552 554 velim
586 510 810 558 confirmes,
841 523 1075 566 gratumque
1111 513 1211 550 mihi
1247 512 1374 551 feciss‘e
1409 514 1528 558 dicas,
1560 515 1664 566 quod
1700 526 1737 552 et

356 582 503 619 venerit
527 580 574 618 ad
603 594 680 624 me,
712 589 750 617 et
781 579 857 616 hoc
888 578 1003 622 mihi,
1036 588 1296 630 praetereaque
1322 579 1346 616 s1
1377 579 1471 630 quid
1504 593 1602 630 opus
1632 580 1735 623 effet,

353 646 588 699 promiserit.
637 645 878 683 Confirmavi
909 644 955 682 ad
985 657 1069 682 eam
1102 644 1254 682 causam
1281 645 1397 682 etiam
1430 646 1623 683 Furnium
1646 646 1734 682 nos-

353 721 489 757 trum;
522 725 639 764 quern
662 710 707 748 ad
729 724 875 748 annum
898 710 1127 748 Tribunum
1149 709 1275 761 plebis
1298 709 1476 748 videbam
1505 709 1601 748 fore.
1621 748 1625 750 ,
1648 711 1734 747 Ha-

353 777 512 815 buimus
535 778 574 814 in
597 778 778 815 Cumano
799 775 902 827 quafi
924 774 1103 827 pusillam
1125 776 1325 820 Romam3
1359 784 1462 812 tanta
1494 786 1573 813 erat
1606 776 1644 812 in
1673 776 1734 813 his

351 841 449 880 locis
471 841 688 880 multitudo
706 856 715 879 ε
739 854 831 878 cum
854 840 1012 877 interim
1033 839 1154 878 Rufio
1175 840 1314 884 noster,
1336 840 1443 892 quod
1464 840 1499 878 se
1519 854 1539 878 a
1559 841 1736 878 Vestorio

351 907 542 946 observari
563 907 732 951 videbat,
755 906 1020 958 stratagemate
1040 905 1243 944 hominem
1266 906 1468 958 percuffit:
1493 919 1582 944 nam
1604 907 1650 944 ad
1671 921 1733 945 me

352 986 432 1010 non
463 972 629 1010 acceffit.
673 972 813 1009 Itane?
845 984 938 1008 cum
958 971 1191 1008 Hortensius
1213 971 1377 1015 veniret,
1408 980 1446 1008 et
1467 971 1663 1016 infirmus,
1695 981 1733 1010 et

352 1046 432 1074 tam
454 1037 584 1089 longe,
616 1046 654 1074 et
685 1036 932 1080 Hortensius,
965 1049 1055 1073 cum
1090 1036 1260 1074 maxima
1289 1046 1469 1088 praeterea
1500 1037 1731 1082 multitudo,

350 1102 419 1140 ille
451 1115 530 1139 non
560 1102 697 1139 venit?
731 1102 840 1145 Non,
873 1102 1049 1153 inquam.
1097 1101 1192 1139 Non
1219 1100 1348 1138 vidisti
1368 1101 1491 1153 igitur
1511 1101 1732 1147 hominem,

350 1168 536 1219 inquies?
569 1167 652 1218 Q‘i
683 1167 796 1218 potui
824 1179 902 1204 non
930 1166 1072 1210 videre,
1104 1179 1197 1204 cum
1218 1180 1285 1218 per
1304 1169 1525 1219 emporium
1548 1168 1732 1206 Puteola-

350 1246 492 1270 norum
524 1232 597 1270 iter
616 1230 816 1269 facerem?
848 1231 887 1268 in
919 1244 999 1283 quo
1030 1231 1162 1275 illum,
1193 1240 1373 1282 agentem
1405 1232 1570 1284 aliquid,
1600 1233 1732 1278 credo,

348 1297 536 1342 salutavi;
568 1296 697 1350 postea
720 1298 803 1349 jam
827 1296 917 1348 juffi
951 1296 1088 1341 valere,
1120 1309 1211 1334 cum
1243 1309 1306 1334 me
1332 1298 1464 1335 exiens
1492 1311 1511 1335 e
1539 1297 1603 1335 sua
1623 1299 1730 1343 villa,

348 1377 445 1402 num
475 1362 572 1416 quid
603 1362 760 1408 vellem,
793 1361 968 1415 rogasset.
1015 1362 1138 1400 Hunc
1170 1360 1376 1400 hominem
1408 1375 1545 1414 parum
1576 1373 1731 1416 gratum

347 1430 555 1482 quisquam
576 1430 720 1482 putet?
752 1437 818 1466 aut
838 1441 917 1466 non
938 1428 977 1466 in
999 1441 1045 1466 eo
1074 1427 1157 1480 ipso
1187 1427 1440 1473 laudandum,
1471 1429 1578 1480 quod
1607 1429 1733 1468 audiri

348 1509 426 1533 non
448 1495 663 1533 laborarit?
697 1494 769 1532 Sed
802 1493 915 1531 redeo
946 1493 992 1530 ad
1025 1493 1140 1532 illud.
1187 1493 1286 1532 Noli
1318 1503 1453 1546 putare
1484 1494 1586 1533 mihi
1615 1495 1731 1533 aliam

348 1560 656 1598 consolationem
690 1559 761 1597 effe
796 1558 913 1610 hujus
946 1559 1117 1610 ingentis
1149 1557 1348 1603 molestiae,
1382 1559 1450 1597 nifi
1483 1559 1590 1612 quod
1622 1560 1731 1613 spero

347 1638 427 1664 non
448 1624 668 1676 longiorem
688 1637 814 1662 annua
834 1623 931 1662 fore.
978 1624 1071 1662 Hoc
1091 1637 1154 1662 me
1183 1624 1237 1662 ita
1257 1624 1355 1662 velle
1384 1625 1502 1662 multi
1534 1639 1613 1663 non
1644 1639 1728 1663 cre-

346 1691 446 1730 dunt
466 1705 513 1729 ex
534 1689 815 1729 consuetudine
834 1689 1028 1728 aliorum:
1062 1698 1119 1734 tu,
1151 1689 1221 1742 qui
1250 1689 1338 1734 scis,
1369 1682 1527 1728 omnem
1558 1691 1728 1743 diligen-

348 1757 444 1794 tiam
476 1754 696 1799 adhibebis,
729 1764 815 1793 tum
848 1754 1012 1799 scilicet,
1044 1768 1136 1792 cum
1163 1753 1203 1792 id
1229 1755 1290 1806 agi
1323 1753 1496 1793 debebit,
1543 1756 1648 1793 Cum
1680 1770 1729 1794 ex

346 1821 470 1874 Epiro
490 1820 662 1865 redieris,
694 1820 742 1858 de
762 1820 984 1872 Republica
1004 1819 1145 1857 scribas
1166 1819 1212 1857 ad
1233 1833 1295 1857 me
1316 1820 1450 1864 velim,
1482 1821 1507 1858 fi
1538 1821 1634 1873 quid
1654 1822 1729 1859 erit

345 1886 451 1941 quod
483 1887 697 1939 opperiare.
744 1885 938 1925 Nondum
968 1886 1076 1923 enim
1107 1885 1194 1923 satis
1216 1884 1295 1922 huc
1316 1895 1395 1923 erat
1415 1885 1592 1931 allatum,
1624 1901 1727 1939 quo-

344 1951 462 1991 modo
485 1951 609 1990 Caesar
629 1950 746 1989 ferret
767 1951 814 1989 de
833 1951 1059 1989 auctoritate
1079 1950 1290 2003 perscripta
1306 1969 1318 1994 3
1350 1960 1507 2004 eratque
1527 1965 1662 1990 rumor
1681 1951 1729 1990 de

344 2016 645 2069 TranspadaniS,
676 2030 740 2055 eos
755 2016 876 2069 jussos
899 2017 1207 2068 Qatuor-viros
1228 2028 1378 2054 creare:
1411 2017 1517 2069 quod
1537 2017 1564 2056 fi
1584 2017 1639 2056 ita
1658 2017 1725 2063 est,

342 2096 504 2136 magnos
525 2092 658 2122 motus
680 2082 814 2122 timeo.
848 2082 921 2120 Sed
941 2082 1091 2135 aliquid
1110 2096 1158 2121 ex
1180 2082 1370 2136 Pompeio
1391 2081 1523 2122 sciam.

675 2285 917 2324 Crcssko
958 2287 1212 2323 ATT1co
1254 2284 1382 2322 SAL.

346 2411 420 2449 111.
445 2410 664 2482 ANTE
686 2412 791 2451 diem
814 2427 855 2451 vr
882 2412 941 2451 Id.
966 2413 1066 2451 Mai.
1085 2413 1173 2451 veni
1195 2412 1235 2450 in
1252 2411 1525 2450 Trebulanum
1546 2412 1593 2450 ad
1615 2413 1720 2451 Pon-

555 2478 671 2514 tium.
718 2478 780 2516 Ibi
810 2478 912 2516 mihi
945 2488 1020 2517 tuae
1046 2479 1167 2517 literae
1198 2478 1298 2516 binae
1319 2477 1477 2516 redditae
1498 2477 1585 2515 sunt
1607 2478 1722 2515 tertio

343 2541 409 2580 abs
445 2549 482 2579 te
516 2541 605 2579 die:
648 2541 786 2580 eodem
818 2552 950 2582 autem
983 2544 1115 2583 exiens
1150 2558 1169 2582 e
1205 2543 1458 2595 Pompeiano,
1502 2542 1721 2582 Philotimo

423 2609 490 2645 To
503 2620 554 2646 M.
588 2607 704 2646 VIII.
1382 2609 1449 2660 Q
