2243 3008
458 280 512 330 64
724 275 1592 315 ·EP15TOLARUM··

460 380 502 418 in
523 379 657 423 caufis,
688 386 804 429 atque
825 377 865 414 in
896 375 964 414 illa
991 388 1106 428 opera
1134 374 1261 413 nostra
1288 374 1443 420 forenfi,
1475 374 1627 414 summa
1654 374 1843 415 industria

458 445 678 484 versamur:
709 442 816 496 quod
835 441 988 494 egregie
1008 454 1087 479 non
1108 440 1227 479 modo
1246 440 1310 485 iis,
1341 441 1411 493 qui
1431 450 1599 480 utuntur
1616 455 1746 494 opera,
1779 441 1843 480 sed

460 511 579 549 etiam
600 511 639 548 in
661 509 817 560 vulgus,
835 515 990 559 gratum
1008 505 1081 544 effe
1102 505 1304 544 sentimus.
1338 507 1494 544 Domus
1511 507 1748 546 celebratur:
1771 519 1841 544 oc-

459 577 655 615 curritur:
686 582 891 612 renovatur
911 572 1099 610 memoria
1120 571 1354 609 Consulatus
1372 587 1380 609 :
1404 571 1528 610 studia
1547 571 1840 624 fignificantur:

459 643 501 681 in
522 656 605 680 eam
627 641 734 695 spem
753 639 999 683 adducimur,
1022 647 1066 676 ut
1087 638 1200 675 nobis
1220 650 1264 675 ea
1282 639 1500 683 contentio,
1517 651 1604 690 quae
1624 638 1842 691 impendet,

459 708 659 747 interdum
679 720 758 744 non
779 704 966 758 fugienda
984 704 1172 742 videatur.
1218 702 1340 741 Nunc
1367 703 1468 741 mihi
1494 713 1533 742 et
1552 703 1723 742 confiliis
1743 716 1844 756 opus

459 774 514 812 est
535 774 627 818 tuis,
658 781 697 810 et
716 784 861 815 amore,
883 780 921 808 et
942 769 1031 808 fide.
1064 771 1195 825 Qare
1215 768 1376 806 advola:
1409 769 1589 821 expedita
1608 768 1710 807 mihi
1728 777 1845 807 erunt

457 839 606 883 omnia,
638 838 664 876 fi
697 846 735 876 te
765 835 933 875 habebo.
980 835 1114 873 Multa
1142 848 1210 886 per
1230 834 1446 872 Varronem
1473 834 1648 872 nostrum
1669 835 1732 886 agi
1752 833 1843 886 pos-

459 904 563 949 sunt,
585 917 671 956 quae
692 911 729 940 te
750 910 913 954 urgente
932 908 1047 939 erunt
1067 899 1261 944 firmiora;
1285 899 1412 937 multa
1430 899 1478 936 ab
1499 898 1582 951 ipso
1603 899 1748 937 Publio
1767 898 1842 936 eli-

457 970 511 1014 ci,
544 967 670 1006 multa
688 966 887 1018 cognosci,
909 979 994 1017 quae
1016 964 1091 1002 tibi
1109 964 1267 1002 occulta
1285 963 1356 1001 effe
1376 976 1456 1001 non
1475 972 1687 1015 poterunt:
1719 963 1847 1001 multa

458 1035 576 1073 etiam
595 1063 603 1071 .
626 1062 634 1071 .
657 1063 665 1070 .
686 1031 758 1069 Sed
779 1031 990 1068 absurdum
1010 1029 1063 1067 est
1083 1029 1233 1081 singula
1253 1029 1447 1081 explicare
1466 1044 1474 1067 :
1509 1039 1596 1067 tum
1616 1043 1688 1082 ego
1708 1030 1844 1082 requi-

459 1114 542 1138 ram
564 1108 600 1136 te
621 1098 667 1135 ad
687 1097 833 1135 omnia.
881 1097 1021 1134 Unum
1053 1095 1152 1133 illud
1184 1094 1259 1132 tibi
1290 1094 1514 1147 persuadeas
1545 1095 1681 1140 velim,
1711 1095 1847 1134 omnia

457 1165 561 1204 mihi
581 1163 665 1202 fore
683 1163 890 1215 explicata,
922 1161 947 1199 fi
970 1170 1008 1199 te
1027 1161 1186 1199 videro:
1220 1160 1283 1198 sed
1304 1169 1434 1198 totum
1459 1160 1513 1198 est
1541 1161 1583 1199 in
1609 1174 1670 1206 eo,
1701 1161 1728 1199 fi
1755 1172 1845 1199 ante

461 1245 582 1286 quam
615 1230 683 1267 ille
717 1229 820 1266 ineat
854 1227 1135 1280 magistratum.
1182 1227 1300 1271 Puto,
1343 1226 1581 1279 Pompeium
1613 1227 1745 1266 Craffo
1776 1241 1844 1265 ur-

459 1307 590 1350 gente,
623 1295 648 1333 fi
681 1303 724 1332 tu
751 1293 889 1338 aderis,
921 1293 990 1345 qui
1021 1306 1089 1345 per
1118 1287 1237 1331 βοῶπιν
1267 1305 1315 1329 ex
1347 1291 1430 1344 ipso
1461 1292 1682 1344 intelligere
1713 1292 1843 1345 possis,

458 1376 536 1416 qua
562 1361 638 1400 fide
668 1359 716 1397 ab
749 1359 828 1397 illis
861 1368 1009 1411 agatur,
1041 1371 1111 1396 nos
1138 1366 1204 1395 aut
1230 1356 1308 1395 fine
1335 1356 1524 1402 molestia,
1555 1367 1622 1395 aut
1643 1366 1747 1396 certe
1767 1358 1845 1396 fine

458 1441 600 1472 errore,
632 1425 801 1464 futuros.
845 1423 1032 1462 Precibus
1054 1422 1192 1461 nostris
1212 1432 1251 1460 et
1270 1421 1541 1461 cohortatione
1561 1436 1640 1461 non
1661 1423 1814 1475 indiges
1833 1439 1842 1461 :

459 1493 558 1547 quid
579 1503 664 1529 mea
683 1490 878 1534 voluntas,
909 1488 1007 1542 quid
1029 1497 1201 1541 tempus,
1232 1487 1329 1540 quid
1350 1489 1404 1526 rei
1428 1488 1686 1541 magnitudo„
1708 1488 1843 1541 postu-

457 1559 529 1604 let,
561 1556 766 1608 intelligis.
813 1556 875 1593 De
907 1554 1130 1607 Republica
1158 1553 1260 1592 nihil
1291 1553 1416 1592 habeo
1436 1553 1483 1591 ad
1505 1564 1542 1592 te
1563 1553 1743 1599 scribere,
1776 1554 1845 1592 nisi

459 1624 660 1663 summum
679 1621 818 1659 odium
838 1621 1020 1658 omnium
1041 1619 1253 1657 hominum
1273 1619 1315 1656 in
1335 1632 1416 1664 eos,
1437 1619 1507 1672 qui
1529 1628 1664 1657 tenent
1683 1619 1844 1657 omnia:

458 1687 690 1727 mutationis
719 1695 848 1724 tamen
881 1685 963 1738 spes
996 1685 1117 1723 nulla.
1164 1684 1251 1729 Sed,
1283 1684 1390 1737 quod
1410 1683 1526 1722 facile
1547 1683 1699 1728 sentias,
1731 1683 1847 1722 taedet

458 1749 588 1803 ipsum
610 1747 860 1799 Pompeium,
891 1745 1220 1797 vehementerque
1241 1746 1421 1797 poenitet.
1461 1745 1557 1783 Non
1578 1743 1765 1797 provideo
1786 1743 1844 1782 sa-

460 1815 526 1859 tis,
547 1825 665 1866 quem
686 1811 838 1850 exitum
860 1809 1039 1848 futurum
1062 1820 1197 1863 putem
1217 1825 1226 1847 2
1259 1809 1321 1847 sed
1342 1818 1446 1847 certe
1466 1808 1649 1847 videntur
1668 1807 1750 1846 haec
1771 1809 1845 1846 ali-

459 1894 540 1934 quo
560 1887 757 1930 eruptura.
800 1877 943 1914 Libros
966 1875 1195 1919 Alexandri,
1227 1875 1464 1927 negligentis
1485 1873 1676 1919 hominis,
1707 1884 1745 1912 et
1766 1888 1846 1913 non

460 1945 555 1984 boni
578 1952 714 1996 poetae,
746 1941 807 1979 sed
839 1951 965 1979 tamen
996 1955 1073 1979 non
1108 1940 1276 1985 inutilis,
1309 1941 1382 1978 tibi
1415 1941 1556 1978 remisi.
1604 1941 1846 1979 Numerium

461 2009 715 2051 Numestium
738 2007 906 2044 libenter
921 2008 1051 2059 accepi
1075 2007 1114 2044 in
1132 2006 1370 2051 amicitiam5
1393 2015 1432 2044 et
1453 2005 1656 2043 hominem
1673 2018 1846 2057 gravem,

458 2087 498 2117 et
519 2074 768 2129 prudentem,
799 2082 837 2110 et
858 2071 1024 2124 dignum
1046 2082 1111 2110 tua
1131 2071 1488 2116 commendatione,
1519 2071 1702 2124 cognovi.

794 2277 1037 2314 Cicssko
1080 2275 1334 2313 Αττιοο
1375 2275 1504 2313 SAL.

460 2407 620 2446 XXIII.
646 2403 779 2477 NU
795 2405 929 2456 NQJ
944 2406 976 2441 Λ
992 2404 1037 2442 Μ
1065 2412 1151 2441 ante
1172 2403 1337 2441 arbitror
1359 2413 1395 2440 te
1416 2402 1616 2454 epistolam
1640 2416 1765 2442 meam
1789 2403 1844 2441 lc-

761 2471 868 2523 gissc,
901 2470 968 2507 nili
1003 2484 1086 2507 mea
1120 2484 1235 2507 nunu
1272 2468 1450 2522 scriptam
1471 2484 1479 2506 :
1512 2483 1557 2506 cx
1591 2482 1636 2506 co
1661 2469 1847 2521 colligere

460 2538 620 2592 poteriS,
638 2548 782 2591 quanta
798 2536 1055 2588 occupatione
1072 2535 1265 2573 distineat.
1301 2536 1405 2574 Nam
1423 2548 1514 2572 cum
1533 2535 1642 2573 vacui
1661 2535 1848 2587 temporis
