2243 3008
504 278 611 316 AD
670 272 1100 313 ATTICUM
1169 272 1310 311 LIB.
1363 274 1418 312 11.
1608 290 1655 328 55

271 376 501 416 obtinebis?
547 374 741 428 oppreffos
776 387 860 418 vos,
905 372 1052 424 inquit,
1095 373 1238 411 tenebo
1271 373 1446 411 exercitu
1482 374 1655 413 Caesaris.

274 443 369 481 Non
397 441 622 480 mehercule
652 454 715 478 me
748 449 790 478 tu
823 439 985 492 quidem
1018 448 1098 476 tam
1130 438 1202 475 isto
1233 439 1423 484 exercitu,
1455 453 1571 490 quam
1595 441 1659 477 in-

272 508 390 560 gratis
411 507 560 544 animis·
574 519 710 544 eorum
731 504 957 549 hominum,
980 505 1050 556 qui
1071 503 1321 556 appellantur
1338 505 1457 542 boni:
1491 506 1559 556 qui
1580 506 1659 542 mi-

272 572 316 610 hi
338 585 416 610 non
437 571 556 610 modo
576 571 844 623 praemiorum,
878 570 939 608 sed
961 583 1008 607 ne
1030 569 1256 607 sermonum
1276 570 1453 621 quidem,
1486 583 1661 621 unquam

272 637 446 676 fructum
480 637 610 675 ullum
640 647 707 675 aut
737 637 902 689 gratiam
935 635 1168 673 retulerunt.
1215 635 1335 686 Qod
1365 636 1390 673 fi
1424 636 1464 673 in
1492 649 1578 673 eam
1598 650 1661 674 me

272 713 424 756 partem
454 703 674 748 incitarem,
706 701 881 755 profecto
907 702 991 753 jam
1023 701 1196 752 aliquam
1228 701 1436 753 reperirem
1468 690 1663 739 r'efistendi

272 769 392 806 viam.
425 768 546 806 Nunc
568 768 721 821 prorsus
743 767 820 805 hoc
841 766 969 811 statui,
992 775 1050 810 ut,
1073 766 1260 817 quoniam
1281 776 1388 804 tanta
1407 768 1665 806 controverfia

275 835 328 872 est
358 834 604 879 Dimarcho,
635 834 821 873 familiari
853 843 936 878 tuo,
968 845 1061 870 cum
1093 830 1367 884 Theophrasto
1398 833 1526 871 amico
1558 847 1662 878 meo,

276 909 321 938 ut
354 900 422 937 ille
456 909 546 938 tuus
581 895 626 934 viu
654 893 832 941 πεοικτικὶν
863 894 933 938 βίον
964 897 1081 949 longe
1113 897 1298 935 omnibus
1331 907 1556 951 anteponat,
1596 898 1663 936 hic

275 975 408 1026 quem
443 960 487 999 πῖν
519 961 707 1018 §wemmam
749 963 905 1016 utrique
936 976 959 1000 a
987 977 1051 1002 me
1085 977 1170 1002 mos
1205 964 1331 1016 gestus
1367 965 1438 1002 esse
1472 965 1661 1003 videatur.

277 1031 381 1070 Puto
412 1030 519 1068 enim
550 1042 614 1066 me
643 1027 876 1067 Dicaearcho
905 1028 1055 1067 affatim
1084 1028 1332 1068 satisfeciffe:
1366 1030 1529 1082 respicio
1558 1044 1666 1068 nunc

277 1096 324 1134 ad
351 1095 453 1134 hanc
481 1093 691 1138 familiam,
723 1107 809 1146 quae
840 1092 944 1131 mihi
974 1107 1054 1132 non
1084 1094 1204 1132 modo
1234 1103 1278 1132 ut
1306 1095 1545 1147 requiescam
1574 1110 1666 1149 per-

276 1162 404 1200 mittit
419 1179 437 1206 5<
464 1158 528 1197 sed
548 1158 814 1211 reprehendit,
844 1160 937 1211 quia
957 1173 1036 1197 non
1057 1159 1208 1211 semper
1228 1161 1412 1211 quietim„
1450 1163 1580 1213 Qare
1601 1163 1666 1199 in-

277 1227 528 1270 cumbamus,
561 1225 597 1263 O
620 1224 747 1263 noster
767 1224 877 1269 Tite,
908 1224 955 1262 ad
976 1225 1044 1262 illa
1063 1225 1244 1277 praeclara
1265 1225 1415 1270 studia,
1447 1237 1485 1265 et
1506 1241 1565 1272 eo,
1590 1241 1666 1265 un-

279 1293 326 1331 de
359 1291 552 1331 discedere
585 1303 667 1328 non
699 1290 890 1343 oportuit,
927 1290 1137 1343 aliquando
1171 1300 1422 1330 revertamur.
1470 1293 1589 1344 Qod
1621 1293 1669 1331 de

280 1359 426 1411 Qinti
447 1356 575 1395 fratris
595 1356 757 1409 epistola
783 1356 934 1401 scribis,
965 1355 1016 1394 ad
1044 1369 1108 1394 me
1139 1369 1298 1409 quoque
1329 1355 1408 1394 fuit
1440 1354 1552 1400 πέρθε
1576 1355 1669 1398 λέων,

279 1420 394 1459 ἵπιθεν
411 1414 453 1459 33.
486 1421 603 1475 Qid.
617 1422 746 1460 dicam
767 1421 896 1460 nescio
914 1437 924 1460 z
957 1435 1047 1460 nam
1068 1422 1122 1460 ita
1141 1422 1317 1475 deplorat
1338 1423 1476 1474 primis
1498 1423 1668 1461 verfibus

280 1488 520 1527 manfionem
541 1488 664 1533 suam,
696 1496 739 1525 ut
761 1487 940 1540 quemvis
960 1501 1117 1526 movere
1137 1487 1273 1540 poffit:
1306 1489 1360 1525 ita
1380 1488 1508 1526 rursus
1529 1490 1672 1526 remit-

282 1555 346 1599 tit,
378 1564 422 1593 ut
456 1568 520 1593 me
553 1563 679 1607 roget,
718 1563 762 1591 ut
795 1553 950 1592 annales
983 1554 1069 1592 suos
1104 1554 1325 1599 emendem,
1364 1563 1404 1592 et
1436 1554 1563 1593 edam.
1611 1554 1669 1593 11-

282 1620 354 1658 lud
387 1628 534 1665 tamen,
577 1619 685 1672 quod
719 1619 869 1664 scribit,
913 1619 1194 1658 animadvertas
1229 1620 1364 1665 velim,
1410 1620 1457 1658 de
1495 1621 1671 1673 portorio

282 1685 654 1729 circumvectionis;
685 1684 739 1722 ait
766 1684 802 1722 se
828 1683 875 1722 de
901 1684 1053 1722 confilii
1080 1684 1269 1722 sententia
1297 1699 1380 1723 rem
1406 1685 1453 1722 ad
1485 1686 1672 1724 Senatum

284 1750 467 1803 rejeciffe.
513 1749 708 1789 Nondum
737 1750 921 1788 videlicet
952 1764 1055 1788 meas
1088 1751 1218 1788 literas
1246 1751 1418 1802 legerat,
1451 1752 1596 1803 quibus
1625 1751 1673 1788 ad

283 1822 390 1861 eum,
413 1829 451 1853 re
472 1815 650 1854 consulta
669 1824 707 1853 et
727 1816 940 1868 explorata,
972 1815 1280 1868 perscripseram,
1307 1829 1386 1853 non
1409 1816 1555 1854 deberi.
1589 1817 1671 1854 Ve-

284 1882 371 1926 lim,
403 1881 429 1919 fi
459 1881 529 1933 qui
559 1881 690 1919 Graeci
714 1881 798 1932 jam
829 1882 1000 1919 Romam
1029 1894 1077 1918 ex
1100 1881 1188 1918 Afia
1208 1881 1254 1918 de
1275 1894 1318 1918 ea
1337 1880 1447 1918 causa
1467 1890 1671 1926 venerunt,

285 1946 428 1991 videas,
459 1956 512 1991 et,
544 1946 571 1983 fi
599 1945 674 1983 tibi
706 1945 918 1990 videbitur,
950 1944 1011 1983 his
1045 1945 1298 1990 demonstres,
1330 1945 1427 1997 quid
1457 1959 1529 1997 ego
1558 1946 1605 1983 de
1631 1960 1677 1984 ea

287 2027 326 2051 re
347 2012 524 2050 sentiam.
572 2012 610 2049 Si
640 2010 791 2064 poffum
824 2011 1031 2056 discedere,
1064 2025 1112 2049 ne
1143 2011 1253 2049 causa
1281 2012 1433 2063 optima
1459 2012 1499 2049 in
1533 2012 1677 2050 Senatu

287 2087 430 2131 pereat,
466 2090 538 2130 ego
571 2076 803 2115 satisfaciam
838 2077 1093 2121 Publicanis;
1126 2074 1150 2111 a*
1170 2070 1203 2111 δὲ
1221 2072 1277 2123 μὴ,
1311 2078 1415 2128 (vere
1448 2086 1580 2115 tecum
1612 2078 1674 2115 lo-

287 2143 400 2196 quar)
424 2144 465 2181 in
493 2142 564 2181 hac
595 2156 634 2180 re
663 2142 768 2181 malo
796 2142 979 2181 universae
1009 2142 1122 2186 Afiae,
1154 2150 1193 2178 et
1214 2143 1551 2194 negotiatoribus,
1585 2156 1676 2180 nam

289 2223 423 2248 eorum
446 2223 604 2263 quoque
625 2208 875 2248 vehementer
895 2208 1066 2248 interest.
1113 2208 1204 2246 Hoc
1234 2222 1306 2261 ego
1327 2209 1451 2246 sentio
1471 2209 1581 2247 valde
1601 2222 1676 2246 no-

290 2276 350 2313 bis
371 2289 468 2328 opus
490 2276 575 2314 effe.
610 2276 681 2313 Sed
704 2285 745 2313 tu
768 2276 808 2313 id
828 2275 993 2313 videbis.
1018 2274 1236 2326 Qaestores
1254 2284 1398 2319 autem,
1418 2275 1559 2327 quaeso,
1580 2289 1676 2313 num

290 2341 409 2379 etiam
441 2342 487 2378 de
519 2341 741 2394 cistophoro
773 2341 988 2380 dubitant?
1020 2354 1110 2378 nam
1143 2340 1168 2378 fi
1202 2340 1307 2378 aliud
1336 2339 1437 2378 nihil
1465 2342 1552 2386 erit,
1584 2355 1678 2379 cum

292 2407 438 2444 erimus
459 2407 591 2444 omnia
609 2407 775 2460 experti,
806 2421 878 2459 ego
900 2406 1001 2444 illud
1022 2420 1069 2444 ne
1090 2405 1250 2458 quidem
1273 2416 1539 2452 contemnam,
1571 2407 1685 2460 quod

292 2482 514 2510 extremum
535 2471 602 2509 est.
647 2473 708 2509 Te
736 2473 776 2510 in
810 2473 992 2525 Arpinati
1022 2472 1259 2516 videbimus,
1291 2482 1329 2509 et
1351 2472 1522 2524 hospitio
1543 2471 1686 2524 agresti..

293 2537 530 2589 accipiemus
549 2554 559 2581 5
593 2536 781 2587 quoniam
801 2537 1046 2576 maritimum
1068 2536 1144 2575 hoc
1166 2536 1446 2589 contempsisti.
