2243 3008
475 233 583 274 AD
640 231 1074 272 ATTIcUM
1140 234 1433 279 L1B.x11.
1576 253 1653 294 335

595 470 837 508 C1cnno
877 469 1133 509 ATTICO
1176 470 1308 511 SAL.

259 598 353 638 XX.
376 595 463 670 N
476 598 513 637 O
528 597 570 637 N
585 598 624 636 D
639 598 678 635 U
693 597 742 635 M
771 597 912 636 videris
933 597 1164 651 perspicere,
1193 612 1311 652 quam
1333 613 1397 638 me
1416 614 1487 640 nec
1509 603 1642 641 Anto-

484 664 573 702 nius
595 663 868 709 commoverit,
886 677 957 702 nec
978 664 1195 717 quidquam
1213 667 1297 718 jam
1317 666 1509 718 ejusmodi
1529 669 1644 721 poffit

257 743 519 769 commovere.
566 730 628 768 De
648 729 835 768 Terentia
854 739 985 767 autem
1004 729 1133 783 scripsi
1155 731 1201 768 ad
1231 739 1269 769 te
1298 731 1346 770 iis
1376 732 1515 779 literis,
1547 748 1641 787 quas

257 797 438 835 dederam
459 796 598 849 pridie.
642 795 762 847 Qod
792 808 855 833 me
881 794 1063 842 hortaris,
1094 796 1213 850 idque
1233 811 1254 835 a
1272 799 1420 837 caeteris
1441 799 1644 839 defiderari

257 863 409 908 scribis,
442 872 486 900 ut
505 861 742 900 diflimulem
763 874 826 899 me
847 870 926 900 tam
947 863 1114 914 graviter
1134 862 1264 901 dolere
1281 882 1292 908 ;
1323 864 1526 917 possumne
1555 879 1641 905 ma-

257 930 333 981 gis,
364 942 482 981 quam
503 928 609 981 quod
631 937 734 966 totos
755 927 836 966 dies
857 928 1046 967 consumo
1073 929 1114 967 in
1141 929 1298 968 literis?
1329 930 1436 983 quod
1465 932 1532 970 etfi
1562 946 1643 971 non

256 994 586 1040 dissimulationis,
619 993 680 1031 sed
705 993 837 1046 potius
857 993 1030 1032 leniendi
1050 1003 1089 1033 et
1109 994 1265 1033 sanandi
1285 996 1422 1041 animi,
1454 997 1562 1036 causa
1582 998 1642 1036 fa-

257 1062 347 1106 ci05
381 1070 509 1098 tamen
531 1060 556 1098 fi
578 1059 679 1098 mihi
701 1060 832 1098 minus
853 1060 1033 1113 proficio,
1064 1061 1310 1100 fimulatione
1329 1071 1433 1100 certe
1460 1062 1562 1102 facio
1584 1064 1642 1102 sa-

257 1127 323 1165 tis.
370 1127 511 1164 Minus
542 1126 667 1164 multa
696 1126 740 1163 ad
763 1135 801 1163 te
830 1125 974 1178 scripsi,
1007 1127 1113 1178 quod
1133 1128 1385 1180 expectabam
1407 1138 1490 1167 tuas
1511 1130 1641 1168 literas

256 1191 302 1229 ad
323 1205 399 1236 eas,
421 1203 516 1243 quas
537 1191 583 1228 ad
605 1200 642 1228 te
661 1189 787 1242 pridIe
808 1189 987 1228 dederam
1007 1206 1015 1229 :
1048 1193 1299 1245 expectabam
1319 1202 1450 1231 autem
1472 1195 1642 1233 maxime

256 1257 304 1294 de
334 1256 440 1301 fano,
473 1255 657 1294 nonnihil
677 1256 795 1293 etiam
825 1256 872 1294 de
902 1257 1102 1296 Terentia.
1146 1258 1280 1295 Velim
1313 1272 1377 1296 me
1407 1258 1524 1298 facias
1555 1274 1641 1299 cer-

255 1323 397 1360 tiorem
430 1322 622 1375 proximis
654 1321 793 1367 literis,
826 1322 903 1360 Cn.
939 1322 1090 1375 Caepio,
1128 1323 1296 1361 Serviliae
1328 1323 1486 1362 Claudii
1517 1335 1645 1377 pater,

255 1389 396 1426 vivone
415 1397 523 1441 patre
543 1387 611 1426 suo
631 1386 836 1439 naufragio
859 1388 1033 1440 perierit,
1065 1401 1113 1426 an
1143 1398 1329 1434 mortuo;
1361 1390 1457 1427 item
1489 1390 1644 1429 Rutilia

255 1454 397 1492 vivone
418 1455 468 1492 C.
493 1455 626 1499 Cotta,
657 1453 741 1491 filio
772 1453 857 1499 suo,
887 1463 1042 1492 mortua
1060 1454 1123 1500 fit,
1151 1468 1199 1493 an
1220 1464 1392 1493 mortuo.
1439 1456 1647 1496 Pertinent

256 1519 303 1558 ad
323 1533 414 1558 eum
434 1520 599 1565 librum,
630 1532 748 1571 quem
768 1519 815 1557 de
835 1519 944 1558 luetu
966 1520 1183 1559 minuendo
1203 1521 1442 1574 scripsimus,

596 1723 836 1760 CICERO
879 1723 1134 1760 Αττιςο
1178 1721 1310 1760 SAL.

257 1851 372 1889 XXI.
397 1849 501 1923 LE
518 1851 589 1889 GI
621 1851 731 1889 Bruti
753 1851 970 1905 epistolam,
1001 1862 1164 1902 eamque
1185 1850 1259 1888 tibi
1280 1851 1421 1896 remisi,
1454 1850 1539 1890 sane
1560 1865 1643 1891 nort

495 1916 705 1969 prudenter
737 1918 962 1970 rescriptam
994 1916 1040 1953 ad
1075 1929 1130 1961 ea,
1164 1929 1249 1968 quae
1281 1916 1519 1968 requisieras.
1567 1919 1644 1956 Sed

255 1983 333 2035 ipse
354 1983 521 2021 viderit:
554 1997 778 2036 quanquam
800 1983 901 2021 illud
923 1983 1088 2034 turpiter
1115 1983 1284 2034 ignorat.
1331 1983 1524 2020 Catonem
1554 1985 1638 2036 pri-

254 2062 366 2087 mum
389 2049 617 2087 sententiam
638 2059 750 2102 putat
770 2049 818 2087 de
837 2047 1165 2087 animadverfione
1186 2047 1344 2092 dixiffe;
1368 2061 1485 2100 quam
1502 2061 1638 2088 omnes

254 2123 342 2152 ante
362 2114 554 2159 dixerant,
585 2124 722 2167 praeter
742 2114 954 2153 Caesarem:
987 2123 1026 2152 et
1046 2127 1138 2152 cum
1159 2113 1277 2166 ipfius
1299 2113 1456 2151 Caesaris
1479 2123 1556 2151 tam
1579 2114 1636 2151 se-

254 2193 340 2217 vera
359 2179 493 2224 fuerit,
526 2180 594 2231 qui
616 2189 702 2217 tum
724 2180 910 2218 Praetorio
929 2180 1019 2218 loco
1039 2179 1196 2223 dixerit,
1229 2178 1503 2216 Consularium
1525 2187 1639 2229 putat

254 2244 419 2282 leniores
446 2243 571 2290 fuifl'e,
604 2244 752 2290 Catuli,
785 2245 954 2290 Servilii,
983 2244 1262 2287 Lucullorum,
1295 2242 1495 2286 Curionis,
1528 2243 1635 2280 Tor-

256 2310 379 2361 quati,
411 2310 567 2362 Lepidi,
591 2310 730 2356 Gellii,
755 2311 940 2355 Volcatii,
964 2309 1113 2361 Figuli,
1137 2309 1280 2352 Cottae,
1312 2307 1360 2345 L.
1387 2307 1559 2352 Caesaris,
1584 2309 1633 2346 C.

257 2374 423 2418 Pisonis,
453 2375 571 2412 etiam
597 2376 656 2413 M'
679 2375 924 2420 Glabrionis,
957 2375 1092 2419 Silani,
1123 2373 1319 2418 Murenae,
1349 2373 1643 2425 defignatorum

257 2439 490 2492 Consulum.
538 2441 621 2478 Cur
639 2454 731 2492 ergo
751 2443 791 2479 in
814 2441 1043 2479 sententiam
1066 2439 1228 2477 Catonis
1249 2440 1261 2476 ?
1293 2439 1385 2491 quia
1412 2439 1537 2476 verbis
1568 2440 1633 2476 lu-

256 2506 540 2544 culentioribus
571 2515 609 2543 et
638 2505 817 2558 pluribus
848 2521 930 2545 rem
961 2505 1124 2545 eandem
1155 2503 1517 2558 comprehenderat.
1562 2504 1637 2541 Me
