2243 3008
503 383 609 421 AD
667 381 1098 421 ATTICUM
1166 382 1306 422 LIB.
1359 384 1476 423 VIII.
1606 400 1674 427 211

299 493 379 523 tam
400 484 573 528 nocenti,
605 492 686 521 tam
705 483 846 528 alieno,
879 493 960 522 tam
980 483 1134 536 praecise
1156 484 1308 536 negavi,
1331 497 1449 536 quam
1470 484 1535 522 hic
1557 485 1679 523 mihi:

296 550 410 602 plane
431 549 508 587 fine
529 549 609 587 ulla
629 549 859 601 exceptione
879 549 1070 602 praecidit.
1118 548 1237 587 Nihil
1269 550 1436 601 cognovi
1461 550 1649 602 ingratius
1669 569 1679 593 ;

296 614 338 651 in
359 627 438 666 quo
459 614 556 652 vitio
578 612 680 651 nihil
701 613 795 651 mali
829 627 907 652 non
939 612 1050 651 inest.
1098 613 1171 650 Sed
1201 613 1248 651 de
1280 609 1357 651 h'oc
1389 614 1508 652 nimis
1541 614 1680 652 multa.

297 679 386 731 Ego
406 693 542 717 navem
564 679 694 732 paravi
712 694 721 717 ε
754 688 838 717 tuas
858 679 989 717 literas
1011 688 1140 717 tamen
1161 681 1337 731 expedio,
1365 688 1409 717 ut
1430 679 1562 724 sciam,
1585 679 1682 732 quid

295 744 552 796 respondeant
572 736 850 783 consultationi
870 757 979 783 meae.
1012 743 1200 782 Sulmone
1222 745 1270 783 C.
1289 744 1449 782 Attium
1470 744 1681 796 Pelignum

295 810 480 862 aperuiffe
514 810 693 848 Antonio
726 818 872 863 portas,
907 823 1002 848 cum
1034 808 1154 847 effent
1187 808 1368 848 cohortes
1403 809 1593 861 quinque,
1626 810 1689 860 Q

297 875 532 913 Lucretium
552 874 642 913 inde
662 874 851 927 effugisse,
874 875 945 914 scis
963 890 972 914 ε
1005 875 1172 913 Cnaeum
1192 875 1248 913 ire
1268 874 1531 914 Brundufium
1549 893 1560 920 ς
1593 875 1679 914 Do-

296 942 458 980 mitium
479 941 687 981 desertum.
720 940 911 980 Confecta
930 955 988 980 res
1008 941 1075 979 est.

635 1143 877 1180 CICERO
919 1143 1173 1180 ATTICO
1215 1143 1345 1181 SAL.

296 1267 349 1308 V.
374 1267 561 1341 CUM
591 1278 679 1307 ante
706 1270 838 1307 lucem
870 1282 956 1307 v111
990 1269 1080 1308 Kal.
1112 1269 1242 1308 literas
1272 1269 1319 1307 ad
1349 1278 1386 1308 te
1415 1270 1462 1308 de
1492 1271 1682 1322 Dionysio

473 1335 672 1380 dediffem‚
703 1335 850 1388 vesperi
879 1334 926 1372 ad
955 1348 1026 1373 nos
1052 1335 1191 1373 eodem
1211 1335 1275 1373 die
1294 1336 1402 1374 venit
1421 1336 1501 1388 ipse
1522 1337 1679 1387 Diony-

296 1401 385 1446 slus,
418 1402 646 1440 auctoritate
666 1411 733 1439 tua
752 1410 970 1454 permotus,
1002 1410 1046 1439 ut
1070 1401 1269 1454 suspicor:
1301 1401 1397 1454 quid
1418 1402 1524 1440 enim
1544 1411 1683 1454 putem

293 1466 433 1505 aliud?
465 1467 532 1505 etsi
567 1467 663 1506 solet
697 1480 803 1512 eum,
833 1471 928 1504 cum
961 1466 1112 1519 aliquid
1145 1466 1290 1505 furiose
1318 1466 1429 1512 fecit,
1460 1468 1679 1520 poenitere:

296 1545 502 1584 nunquam
530 1541 663 1570 autem
696 1532 839 1570 certior
871 1530 966 1576 fuit,
996 1545 1116 1583 quam
1150 1533 1191 1570 in
1225 1531 1303 1570 hoc
1337 1533 1512 1585 negotiO.
1558 1533 1680 1578 Nam,

294 1597 403 1651 quod
432 1597 479 1635 ad
508 1606 546 1635 te
575 1596 814 1650 scripseram,
845 1596 973 1649 postea
1000 1597 1147 1642 audivi,
1178 1611 1199 1635 a
1228 1597 1343 1636 tertio
1372 1597 1560 1637 milliario
1593 1608 1681 1637 tum

295 1675 390 1701 eum
408 1654 509 1710 ῥίψας
526 1658 644 1697 πολλὰ.
661 1657 779 1709 pulvim
792 1658 959 1713 κεράεσσιν
974 1656 1005 1698 ἐς
1021 1657 1097 1709 ἧὲρα.
1112 1659 1301 1709 &sairam-
1331 1662 1480 1708 Multa,
1502 1663 1679 1716 inquam,

295 1729 399 1769 mala
417 1741 510 1766 eum
529 1725 680 1771 dixiffe,
712 1725 780 1764 suo
799 1726 934 1778 capiti,
967 1734 1010 1764 ut
1029 1726 1154 1765 aiunt.
1201 1727 1273 1765 Sed
1295 1728 1332 1766 Ο
1353 1742 1481 1767 meam
1500 1729 1681 1768 mansue-

296 1793 476 1833 tudinem
492 1792 499 1830 !
523 1792 767 1843 conjeceram
786 1791 827 1829 in
849 1790 1082 1829 fasciculum
1098 1804 1175 1830 una
1193 1805 1287 1831 cum
1307 1802 1374 1832 tua
1392 1794 1615 1833 venientem
1635 1795 1682 1833 ad

295 1859 415 1898 illum
434 1857 662 1911 epistolam:
694 1856 796 1895 hanc
815 1856 863 1894 ad
883 1869 947 1895 me
967 1855 1100 1894 referri
1121 1857 1211 1895 volo
1223 1876 1235 1903 ;
1259 1871 1330 1897 nec
1352 1859 1474 1898 ullam
1495 1860 1546 1898 ob
1567 1860 1683 1899 aliam

295 1924 449 1964 causam
478 1923 700 1968 Pollucem,
732 1922 884 1961 servum
903 1936 925 1960 a
942 1921 1109 1975 pedibus
1129 1923 1243 1969 meis,
1274 1924 1446 1963 Romam
1473 1925 1574 1964 mifi.
1621 1927 1683 1964 Eo

296 2001 429 2030 autem
447 1990 495 2029 ad
515 1999 553 2028 te
572 1989 718 2042 scripsi,
750 1999 809 2034 ut,
840 1989 867 2028 fi
888 1989 964 2027 tibi
983 1988 1085 2027 forte
1106 1989 1255 2028 reddita
1273 1990 1378 2036 effet,
1409 1989 1512 2030 mihi
1532 2005 1682 2030 curares

296 2056 538 2096 referendam
555 2075 567 2102 ;
599 2069 649 2095 ne
667 2056 709 2094 in
729 2055 838 2094 illius
858 2068 997 2094 manus
1017 2056 1250 2109 perveniret.
1283 2057 1392 2096 Novi
1412 2058 1438 2095 fi
1459 2058 1556 2110 quid
1576 2058 1680 2103 esset,

297 2122 536 2176 scripfiffem.
579 2121 736 2160 Pendeo
755 2121 878 2159 animi
898 2122 1166 2174 expectatione
1186 2121 1417 2160 Corfiniensi
1434 2141 1446 2168 ;
1478 2123 1518 2160 in
1540 2136 1616 2175 qua
1635 2122 1683 2159 de

297 2188 417 2227 salute
451 2187 698 2241 Reipublicae
737 2187 974 2226 decernitur.
1025 2188 1091 2226 Tu
1131 2186 1379 2233 fasciculum,
1425 2188 1495 2240 qui
1528 2187 1581 2226 est
1615 2188 1683 2226 Μ’

301 2254 465 2292 CURIO
485 2253 712 2306 inscriptus,
741 2253 862 2292 velim
891 2266 1001 2292 cures
1031 2252 1078 2290 ad
1107 2266 1199 2291 eum
1224 2252 1526 2305 perferendum,
1560 2254 1681 2291 Tiro-

301 2331 469 2369 nemque
497 2318 620 2357 Curio
650 2319 902 2357 commendes
919 2338 932 2365 5
965 2327 1008 2356 ut
1038 2318 1088 2364 ei,
1121 2327 1164 2356 ut
1186 2318 1296 2370 petii,
1328 2318 1353 2355 fi
1375 2318 1470 2370 quid
1492 2332 1589 2371 opus
1610 2319 1682 2357 erit

300 2384 340 2421 in
362 2383 578 2436 sumptum,
608 2392 754 2436 eroget.

1240 2651 1274 2687 l)
1307 2650 1327 2685 d
1363 2664 1380 2687 :2
