2243 3008
466 234 539 275 172
808 218 1496 260 EPISTOLARUM

463 334 557 374 ergo
589 321 745 374 plagam
779 320 901 373 effugi
935 334 1004 374 per
1037 319 1134 358 duos
1164 319 1376 374 superiores
1411 320 1697 359 Marcellorum
1732 320 1848 360 Con·

465 387 625 433 sumtus,
656 401 749 426 cum
770 386 823 425 est
843 389 971 425 aetum
992 386 1039 425 de
1068 387 1270 439 provincia
1289 386 1476 425 Caesaris:
1509 400 1614 425 nunc
1644 387 1777 425 incido
1806 387 1848 424 in

465 452 674 491 discrimen
704 452 848 505 ipsum.
895 452 1032 505 Itaque
1061 461 1106 489 ut
1135 451 1275 489 stultus
1305 451 1456 504 primus
1486 451 1592 491 suam
1618 452 1851 491 sententiam

466 517 585 563 dicat,
616 516 718 556 mihi
738 517 848 555 valde
868 517 997 569 placet
1017 516 1064 554 de
1085 515 1291 569 triumpho
1311 530 1381 555 nos
1411 518 1544 556 moli-ri
1568 518 1718 570 aliquid
1736 536 1747 563 ;
1778 530 1850 555 ex-

467 591 526 621 tra
545 583 683 622 urbem
703 583 775 622 effe
795 596 887 621 cum
904 582 1108 635 justiffima
1128 582 1253 621 causa.
1277 583 1430 621 Tamen
1452 583 1601 621 dabunt
1616 597 1790 637 operam,
1807 591 1852 620 ut

467 649 627 687 eliciant
648 649 879 687 sententiam
900 662 1042 687 meam.
1089 649 1254 687 Ridebis
1282 647 1358 686 hoc
1392 648 1480 686 loco
1507 647 1674 687 fortaffe.
1720 650 1854 700 Qam

466 713 610 751 vellem
629 714 748 752 etiam
770 727 874 752 nunc
895 713 934 751 in
956 713 1158 765 provincia
1177 713 1318 751 morari
1336 714 1343 750 ἔ
1368 713 1482 765 plane
1497 725 1596 765 opus
1616 712 1708 757 fuit,
1730 713 1758 751 fi
1777 711 1855 751 hoc

468 779 749 832 impendebat:
781 779 848 817 etsi
880 779 936 817 nil
960 777 1166 824 miserius5
1205 791 1296 816 nam
1326 771 1386 813 ὁδὶἲ
1413 772 1562 831 πάρεργον
1590 777 1682 816 νοΙο
1712 786 1750 816 te
1778 777 1856 816 hoc

470 845 564 883 scire
583 859 592 883 :
624 845 758 883 omnia
777 844 845 882 illa
865 845 1006 897 prima,
1037 857 1123 896 quae
1143 844 1260 882 etiam
1283 843 1361 881 tuis
1382 843 1507 881 literis
1528 843 1576 881 in·
1590 842 1731 882 caelum
1753 841 1856 880 fere-

470 911 554 955 bas,
584 905 732 951 im'vmila.
751 909 925 949 fuerunt.
969 911 1102 961 Qam
1124 923 1202 948 non
1223 909 1277 947 est
1296 907 1424 947 facilis
1446 909 1568 947 virtus
1587 908 1596 947 !
1628 921 1748 962 quam
1767 920 1861 946 vero

471 975 646 1014 difficilis
673 976 756 1027 ejus
783 975 969 1014 diuturna
999 962 1222 1013 simulatio!
1256 975 1362 1013 Cum
1392 974 1500 1013 enim
1530 973 1608 1013 hoc
1640 976 1790 1013 testum
1820 982 1860 1012 et

472 1040 690 1093 gloriosum
707 1049 887 1093 putarem
907 1053 954 1079 ex
974 1053 1106 1078 annuo
1126 1039 1301 1093 sumptu,
1332 1040 1403 1093 qui
1431 1038 1533 1078 mihi
1554 1039 1733 1079 decretus
1752 1038 1858 1085 effet,

473 1120 537 1145 me
571 1107 621 1145 C.
656 1106 780 1144 Caelio
815 1105 1008 1158 Qaestori
1042 1105 1260 1158 relinquere
1293 1119 1485 1151 annuum,
1516 1104 1658 1144 referre
1690 1106 1733 1144 in
1765 1117 1863 1144 aeta-

473 1172 578 1211 rium
598 1170 645 1209 ad
666 1171 760 1210 H-S
783 1172 885 1217 cIo5
917 1171 1115 1224 ingemuit
1136 1170 1262 1209 nostra
1281 1170 1439 1216 cohors,
1460 1183 1577 1209 omne
1598 1170 1698 1209 illud
1718 1178 1861 1223 putans

475 1237 656 1276 distribui
686 1237 758 1276 fi-bi
777 1246 971 1291 oportere,
1002 1246 1046 1276 ut
1072 1250 1149 1289 ego
1174 1237 1338 1276 amicior
1366 1237 1561 1276 invenirer
1591 1235 1796 1290 Phrygum
1822 1245 1864 1274 et

476 1304 652 1342 Cilicum
673 1303 830 1350 mariis,
860 1317 980 1357 quam
1008 1302 1150 1342 nostro.
1197 1303 1271 1342 Sed
1300 1316 1364 1342 me
1393 1317 1473 1342 non
1502 1312 1738 1342 moverunt:
1770 1315 1864 1341 nam

476 1380 515 1408 et
535 1383 620 1408 mea
639 1369 722 1407 laus
742 1369 845 1422 apud
874 1383 939 1407 me
967 1369 1187 1422 plurimum
1217 1370 1340 1408 valuit
1358 1389 1368 1415 ;
1402 1383 1473 1408 nec
1495 1378 1624 1407 tamen
1646 1369 1868 1422 quicquam

475 1434 694 1473 honorifice
714 1434 754 1472 in
775 1447 1002 1488 quenquam
1022 1433 1105 1472 fieri
1127 1434 1273 1487 potuit,
1304 1435 1411 1488 quod
1431 1434 1758 1488 praetermiserim.
1791 1431 1866 1471 Sed

477 1500 561 1539 haec
580 1499 718 1545 fuerit,
748 1509 792 1537 ut
818 1500 872 1538 ait
901 1499 1176 1552 Thucydides,
1204 1496 1334 1542 ὀκζολῆ
1351 1498 1439 1547 λόγε
1469 1512 1549 1538 non
1580 1498 1750 1537 inutilis.
1796 1499 1867 1537 Tu

479 1575 609 1604 autem
631 1565 678 1603 de
697 1565 826 1604 nostro
846 1564 944 1603 statu
973 1565 1195 1617 cogitabis:
1227 1563 1418 1617 primum,
1450 1577 1530 1616 quo
1558 1564 1727 1603 artificio
1755 1572 1866 1603 tuea-

479 1644 568 1670 mur
589 1631 901 1670 benevolentiam
923 1631 1108 1670 Caesaris:
1139 1629 1294 1675 deinde,
1325 1629 1373 1667 de
1392 1629 1477 1683 ipso
1497 1629 1718 1684 triumpho,
1748 1643 1868 1683 quem

479 1697 608 1742 video,
652 1697 720 1735 nifi
760 1696 1008 1749 Reipublicae
1047 1705 1224 1749 tempora
1261 1695 1495 1748 impedient,
1539 1693 1709 1745 εἰσόριςον-
1748 1695 1866 1747 Judi-

479 1776 528 1801 co
560 1771 691 1800 autem
723 1775 816 1800 cum
848 1775 895 1800 ex
927 1762 1051 1800 literis
1083 1762 1317 1805 amicorum,
1349 1769 1435 1799 tum
1468 1774 1517 1799 ex
1550 1759 1863 1812 supplicatione;

480 1841 600 1881 quam
635 1827 705 1881 qui
740 1840 818 1865 non
853 1828 1039 1872 decrevit,
1071 1827 1160 1880 plus
1195 1826 1382 1871 decrevit,
1413 1839 1532 1879 quam
1567 1825 1592 1863 s1
1624 1838 1761 1864 omnes
1796 1825 1866 1864 de-

482 1893 615 1931 cresset
637 1891 875 1945 triumphos.
914 1893 964 1930 Ei
986 1905 1102 1944 porro
1122 1890 1285 1929 assensus
1305 1890 1358 1929 est
1380 1904 1496 1936 unus,
1514 1889 1718 1929 familiaris
1740 1904 1870 1936 meus,

484 1958 706 2002 Favonius;
738 1957 848 2002 alter,
880 1957 999 1995 iratus
1032 1957 1192 1995 Hirrus.
1240 1957 1340 1994 Cato
1371 1965 1502 1995 autem
1523 1965 1562 1994 et
1583 1955 1787 1995 scribendo
1807 1955 1868 1995 af-

487 2024 591 2068 fuit;
623 2032 661 2061 et
682 2022 728 2060 ad
750 2035 813 2060 me
833 2022 880 2060 de
901 2022 1089 2060 sententia
1110 2022 1173 2060 sua
1188 2021 1485 2073 jucundiffimas
1506 2022 1635 2060 literas
1658 2022 1784 2061 misit:
1808 2022 1874 2061 sed

486 2100 616 2128 tamen
646 2088 843 2141 gratulans
878 2087 979 2126 mihi
1013 2088 1138 2126 Caesar
1167 2087 1214 2126 de
1244 2087 1544 2140 supplicatione,
1576 2087 1795 2140 triumphat
1825 2088 1872 2126 de

489 2156 677 2195 sententia
696 2155 888 2199 Catonis;
922 2168 992 2193 nec
1016 2154 1163 2199 scribit,
1196 2154 1291 2207 quid
1315 2154 1381 2192 ille
1402 2154 1600 2193 sententiae
1620 2154 1777 2199 dixerit,
1810 2154 1874 2192 sed

488 2231 658 2265 tantum,
691 2219 1017 2273 supplicationem
1044 2233 1135 2258 eum
1163 2219 1264 2258 mihi
1295 2233 1371 2258 non
1394 2219 1612 2258 decrevisse.
1661 2219 1794 2257 Redeo
1826 2219 1872 2257 ad

488 2287 672 2325 Hirrum.
697 2287 880 2338 Coeperas
901 2299 992 2324 eum
1014 2284 1114 2323 mihi
1136 2285 1310 2338 placare:
1335 2284 1490 2338 perfice.
1525 2284 1658 2323 Habes
1680 2283 1872 2329 Scrofam,

490 2352 609 2390 habes
640 2351 795 2389 Silium.
844 2350 906 2388 Ad
937 2365 1001 2389 cos
1031 2364 1104 2403 ego
1135 2351 1254 2389 etiam
1282 2360 1393 2389 antea
1426 2350 1569 2403 scripsi.
1600 2359 1638 2388 et
1669 2349 1714 2387 ad
1746 2350 1875 2403 ipsum

491 2418 674 2456 Hirrum.
723 2416 899 2455 Locutus
929 2417 1035 2454 enim
1068 2427 1147 2454 erat
1181 2430 1273 2455 cum
1308 2418 1354 2455 iis
1385 2415 1607 2461 commode,
1640 2415 1675 2453 se
1711 2415 1877 2468 potuisse

491 2481 696 2535 impedire,
718 2481 780 2520 sed
801 2481 962 2521 noluisse
982 2496 990 2520 ε
1015 2481 1201 2520 affcnsum
1224 2492 1354 2521 tamen
1375 2481 1446 2521 css‘c
1467 2481 1625 2527 Catoni,
1647 2481 1881 2521 amicissimo
