2243 3008
521 265 627 303 AD
686 260 1116 300 ATTICUM
1183 262 1470 304 LIB.VII.
1616 266 1683 306 181

305 377 498 409 meorum,
531 372 659 400 tamen
682 370 841 414 propter
861 359 1148 399 humanitatem
1169 370 1207 398 et
1228 362 1455 401 modestiam
1482 366 1585 404 malo
1615 367 1690 405 sal-

305 445 414 476 vum,
445 442 563 482 quarn
597 438 757 481 propter
787 427 899 465 usum
929 441 1078 465 meum.
1127 427 1362 480 Philogenes
1395 444 1551 469 mecum
1588 433 1688 471 nihil

305 508 478 548 unquam
501 493 547 531 de
569 493 763 531 Luscieno
785 493 941 530 locutus
962 492 1041 530 est:
1075 492 1122 530 de
1142 494 1288 531 caeteris
1310 495 1424 532 rebus
1447 494 1564 534 habes
1588 499 1689 536 Dio-

302 561 470 612 nyfium.
519 560 696 597 Sororem
729 569 837 596 tuam
870 572 948 596 non
981 558 1122 596 veniffe
1149 559 1189 596 in
1212 561 1413 598 Arcanum
1445 563 1579 601 miror.
1628 565 1690 601 De

303 625 524 678 Chryfippo
544 639 678 663 meum
699 625 908 662 confilium
928 624 1084 676 probari
1106 625 1180 662 tibi
1201 639 1280 663 non
1302 627 1462 664 moleste
1482 627 1578 666 fero.
1604 631 1692 681 Ego

301 692 342 730 in
360 691 633 729 Tusculanum
655 690 756 728 nihil
778 691 863 728 sane
883 689 961 727 hoc
978 699 1173 742 tempore:
1198 691 1356 730 devium
1373 692 1425 730 est
1442 690 1499 730 πῖς
1517 688 1691 735 άπαῖῑῶσιν,

301 766 340 795 et
359 756 478 795 habet
498 756 572 793 alia
590 749 744 807 sdwm.
781 755 853 793 Sed
874 755 921 792 de
944 756 1156 792 Formiano
1177 757 1429 795 Tarracinam
1451 759 1577 811 pridie
1603 760 1688 800 Kal.

302 823 392 873 Jan.
416 821 506 860 inde
528 821 744 859 Pontinum
766 820 917 858 sumam
936 835 944 858 ε
977 820 1068 858 inde
1088 821 1291 859 Albanum
1324 823 1503 875 Pompeii
1523 839 1531 861 ε
1565 825 1618 862 ita
1644 827 1691 864 ad

302 887 443 925 urbem
465 899 521 925 111
546 886 698 931 Nonas,
731 886 849 924 natali
869 899 973 924 meo.
1020 887 1082 924 De
1115 887 1338 939 Republica
1368 889 1545 940 quotidie
1565 893 1693 943 magis

302 954 424 992 timeo
443 968 452 991 :
497 966 575 990 non
610 952 717 990 enim
752 952 862 997 boni,
894 961 938 990 ut
971 961 1126 1005 putant,
1157 953 1423 993 consentiunt.
1471 957 1582 1008 Qos
1617 971 1691 1009 ego

302 1019 470 1072 Equites
505 1019 722 1064 Romanos,
763 1031 861 1071 quos
898 1018 1112 1064 Senatores,
1145 1019 1239 1064 vidi,
1272 1021 1340 1072 qui
1375 1023 1561 1060 acerrime
1595 1036 1688 1062 cum

301 1094 451 1129 caetera,
483 1093 570 1122 tum
591 1083 668 1122 hoc
689 1085 763 1122 iter
790 1085 985 1137 Pompeii,
1016 1085 1314 1137 vituperarent?
1345 1086 1444 1124 Pace
1475 1102 1573 1140 opus
1606 1089 1686 1128 est:

299 1165 349 1189 ex
369 1150 530 1189 victoria
550 1163 643 1188 cum
663 1150 790 1187 multa
810 1150 926 1194 mala,
958 1159 1045 1187 tum
1072 1160 1175 1188 certe
1206 1161 1391 1202 tyrannus
1419 1154 1568 1192 existet.
1618 1156 1691 1193 Sed

298 1216 382 1255 haec
402 1215 630 1268 propediem
652 1228 800 1253 coram.
833 1216 922 1266 Jam
943 1215 1058 1267 plane
1078 1215 1180 1253 mihi
1201 1216 1317 1262 deest,
1340 1219 1447 1269 quod
1468 1219 1512 1256 ad
1536 1229 1572 1257 te
1593 1220 1688 1258 scri—

299 1281 417 1320 bam:
450 1295 522 1319 nec
542 1281 650 1319 enim
671 1280 718 1319 de
739 1281 976 1334 Republica,
1008 1281 1114 1333 quod
1142 1291 1306 1334 uterque
1333 1283 1507 1322 nostrum
1535 1285 1603 1323 scit
1625 1300 1688 1323 ea-

299 1348 418 1393 dem;
451 1357 489 1386 et
519 1347 730 1386 domestica
749 1357 842 1386 nota
862 1347 952 1385 sunt
979 1347 1187 1386 ambobus.
1235 1349 1453 1401 Reliquum
1481 1351 1532 1388 est
1548 1353 1687 1403 jocari,

298 1414 325 1453 fi
345 1413 412 1454 hle
433 1414 551 1452 finat:
574 1427 666 1452 nam
686 1427 760 1466 ego
780 1415 812 1452 is
833 1413 934 1459 sum,
952 1414 1022 1466 qui
1043 1413 1104 1452 illi
1124 1414 1287 1452 concedi
1308 1424 1446 1467 putem
1463 1417 1601 1455 utilius
1618 1418 1691 1456 effe

299 1479 406 1533 quod
436 1479 619 1532 postulat,
651 1492 769 1532 quam
800 1480 905 1532 figna
934 1478 1132 1518 conferri:
1166 1480 1247 1518 sero
1271 1481 1378 1518 enim
1400 1481 1606 1521 resistimus
1637 1485 1687 1528 ei,

299 1558 419 1597 quem
435 1558 503 1596 per
518 1557 638 1582 annos
655 1544 791 1582 decem
806 1545 977 1582 aluimus
999 1554 1134 1582 contra
1155 1559 1240 1584 nos.
1269 1546 1379 1597 Qid
1399 1546 1516 1585 sentis
1538 1548 1659 1599 igitur
1673 1549 1691 1585 ἓ

299 1609 447 1661 inquis.
486 1607 605 1646 Nihil
627 1608 790 1654 scilicet,
814 1609 883 1646 nisi
904 1609 951 1646 de
972 1609 1160 1647 sententia
1177 1620 1264 1655 ωας
1288 1624 1359 1648 nec
1379 1611 1487 1663 prius
1509 1613 1687 1664 quidem,

299 1688 417 1728 quam
440 1674 614 1712 nostrum
635 1675 840 1726 negotium
861 1684 927 1712 aut
949 1674 1252 1721 confecerimus,
1284 1685 1350 1713 aut
1378 1676 1686 1729 deposuerimus.

299 1742 405 1778 Cura
425 1740 561 1792 igitur,
593 1750 636 1777 ut
663 1740 801 1779 valeas.
834 1740 1063 1793 Aliquando
1088 1733 1290 1790 ἀπόταψσᾳ
1316 1751 1544 1794 quartanam
1576 1743 1694 1782 istam

297 1804 516 1859 diligentia,
548 1819 634 1858 quae
655 1806 695 1843 in
718 1815 754 1844 te
775 1805 927 1843 summa
946 1805 1016 1844 est.

639 2011 880 2050 Cicssno
921 2012 1176 2051 ATT1co
1219 2013 1348 2052 SAL.

299 2140 372 2178 VI.
399 2138 452 2212 P
470 2139 610 2178 LAN
630 2129 662 2177 E
694 2139 810 2185 deest,
841 2140 948 2193 quod
968 2141 1014 2179 ad
1042 2150 1079 2179 te
1106 2140 1272 2179 scribam
1296 2156 1304 2180 :
1339 2150 1429 2195 nota
1456 2143 1587 2180 omnia
1613 2142 1691 2180 tibi·

470 2205 584 2251 sunt3
608 2219 679 2243 nec
700 2205 780 2258 ipse
801 2205 927 2244 habeo
946 2220 966 2243 a
987 2216 1024 2245 te
1045 2207 1142 2260 quid
1162 2208 1378 2259 expestem.
1409 2209 1585 2245 Tantum
1607 2208 1685 2259 igi-

300 2279 363 2308 tur
383 2271 556 2308 nostrum
578 2270 678 2308 illud
701 2271 872 2309 solemne
893 2272 1102 2317 servemus,
1137 2281 1179 2309 ut
1201 2285 1247 2309 ne
1269 2286 1387 2324 quem
1409 2272 1504 2310 istuc
1527 2282 1687 2310 euntem

301 2334 377 2370 sine
398 2334 519 2373 literis
541 2335 803 2374 dimittamus.
837 2337 900 2375 De
921 2337 1144 2389 Republica
1163 2336 1273 2374 valde
1295 2337 1416 2375 timeo
1435 2353 1442 2375 :
1468 2351 1538 2376 nec
1558 2337 1687 2375 adhuc

300 2398 380 2436 fere
401 2399 547 2444 inveni,
579 2401 648 2452 qui
669 2415 748 2440 non
770 2401 1068 2440 concedendum
1088 2411 1243 2455 putaret
1265 2402 1403 2440 Caesari
1425 2404 1530 2456 quod
1551 2403 1686 2455 postu-

300 2464 410 2508 laret,
443 2465 589 2516 potius,
620 2479 736 2517 quam
758 2467 1080 2520 depugnandum.
1121 2467 1190 2506 Est
1209 2468 1277 2506 illa
1296 2469 1457 2520 quidem
1478 2468 1692 2522 postulatio

300 2529 486 2581 opinione
519 2529 735 2569 valentior:
767 2545 836 2570 cur
866 2541 997 2572 autem
1027 2546 1133 2572 nunc
1163 2533 1340 2585 primum
1373 2534 1409 2572 ei
1439 2532 1687 2573 refistamus?
