2243 3008
535 205 641 244 AD
698 201 1128 242 ATTICUM
1195 202 1336 241 LIB.
1387 203 1440 242 X.
1599 216 1672 256 271

298 304 541 343 voluntatem
570 303 695 340 aiebat
723 300 848 339 facere
882 299 1000 353 poffe,
1033 300 1181 353 elapsus
1211 315 1232 338 e
1266 302 1385 340 soceri
1419 304 1600 342 manibus
1634 316 1678 342 ac

299 369 416 414 ferro,
449 369 598 407 bellum
620 376 718 405 terra
736 376 776 404 et
802 366 899 404 mari
926 375 1138 418 comparat,
1170 379 1249 403 non
1279 367 1467 419 injustum
1498 370 1564 407 ille
1585 371 1676 422 qui-

297 435 405 479 dem,
436 434 499 472 sed
519 446 611 471 cum
632 433 760 485 pium,
786 441 872 470 tum
892 432 1011 469 etiam
1032 431 1298 476 necessarium,
1330 432 1405 470 suis
1427 442 1556 471 tamen
1578 434 1679 472 civi-

300 500 372 538 bus
393 498 606 543 exitiabile,
630 498 699 536 nifi
721 497 884 542 vicerit3
909 497 1179 535 calamitosum
1199 498 1333 543 etiam,
1355 497 1382 535 fi
1403 498 1554 537 vicerit.
1587 500 1678 537 Ho-

299 578 387 603 rum
416 578 489 616 ego
518 563 763 602 summorum
793 563 1074 615 imperatorum
1104 576 1183 601 non
1213 562 1332 601 modo
1363 577 1420 601 res
1450 564 1569 617 gestas
1600 579 1680 603 non

297 640 493 683 antepono
513 631 625 675 meis,
648 629 710 667 sed
731 643 778 667 ne
798 627 997 667 fortunam
1018 628 1179 681 quidem
1200 628 1337 681 ipsam,
1359 641 1435 681 qua
1454 630 1515 667 illi
1536 629 1680 668 floren-

298 697 453 741 tiffima,
482 709 551 734 nos
573 696 728 734 duriore
747 694 961 733 confli&ati
979 694 1174 733 videmur.
1207 695 1309 746 Qis
1329 695 1435 733 enim
1455 696 1595 748 potest,
1615 707 1682 735 aut

299 762 444 801 deserta
462 776 531 815 per
550 762 587 800 se
605 762 744 815 patria,
773 770 839 799 aut
865 760 1050 814 oppressa,
1083 761 1218 799 beatus
1247 760 1350 799 effe?
1381 771 1434 806 et,
1467 762 1507 807 fi,
1539 773 1583 801 ut
1610 777 1680 801 nos

298 842 320 866 a
340 838 377 866 te
397 828 667 872 admonemur,
699 828 798 864 reete
827 827 868 864 in
899 826 978 864 illis
1009 826 1120 864 libris
1151 827 1341 872 diximus,
1372 826 1475 865 nihil
1504 828 1576 866 effe
1607 829 1682 867 bo-

300 907 412 939 num,
444 894 513 931 nisi
535 893 641 946 quod
662 892 897 937 honestum3
930 891 1032 930 nihil
1053 893 1218 938 malum,
1250 893 1320 930 nisi
1340 893 1447 945 quod
1473 903 1584 947 turpe
1605 895 1650 933 fit
1666 915 1679 940 ;

300 968 403 997 certe
425 969 588 1011 uterque
608 958 770 996 istorum
790 958 843 996 est
864 958 1132 1003 miserrimus;
1164 971 1335 1010 quorum
1356 959 1512 1012 utrique
1533 960 1685 1013 semper

300 1024 433 1076 patriae
455 1024 551 1061 salus
572 1032 612 1061 et
632 1023 801 1075 dignitas
823 1023 1009 1075 posterior
1029 1022 1095 1060 sua
1112 1023 1382 1061 dominatione
1401 1033 1440 1061 et
1460 1025 1683 1064 domesticis

301 1089 521 1127 commodis
543 1088 634 1126 fuit.
668 1089 853 1127 Praeclara
872 1089 995 1140 igitur
1013 1088 1251 1127 conscientia
1271 1088 1473 1135 sustentor,
1499 1103 1591 1128 cum
1612 1104 1682 1129 co-

300 1155 384 1205 gito
413 1167 477 1191 me
506 1153 552 1190 de
582 1153 804 1205 Republica
832 1163 899 1190 aut
927 1153 1105 1191 meruiffe
1134 1154 1299 1206 optime,
1331 1168 1423 1193 cum
1452 1157 1680 1208 potuerim3

299 1227 366 1256 aut
385 1227 488 1256 certe
509 1231 727 1270 nunquam,
759 1217 828 1255 nisi
856 1217 987 1256 divine
1014 1218 1221 1270 cogitaffe3
1253 1232 1373 1271 eaque
1403 1220 1483 1273 ipsa
1512 1221 1682 1274 tempes-

301 1292 379 1322 tate
411 1282 580 1321 eversam
613 1282 686 1321 effe
720 1283 1044 1335 Rempublicam,
1077 1297 1196 1336 quam
1229 1297 1302 1336 ego
1338 1298 1414 1323 X1v
1450 1286 1560 1324 annis
1595 1296 1685 1325 ante

298 1348 578 1402 prospexerim.
609 1349 699 1386 Hac
719 1349 842 1401 igitur
860 1349 1098 1387 conscientia
1116 1350 1263 1387 comite
1282 1350 1518 1402 proficiscar,
1539 1365 1684 1405 magno

298 1414 483 1467 equidem
503 1427 595 1453 cum
616 1413 765 1460 dolore,
792 1427 865 1453 nec
885 1424 966 1453 tarn
986 1414 1027 1453 id
1047 1424 1207 1468 propter
1226 1429 1305 1461 me,
1335 1424 1402 1454 aut
1422 1426 1581 1469 propter
1601 1417 1682 1455 fra-

299 1490 400 1519 trem
420 1493 570 1525 meum,
602 1493 773 1532 quorum
793 1489 839 1519 ut
859 1490 904 1519 ut
926 1482 1011 1533 jam
1030 1482 1112 1519 aeta
1131 1490 1236 1527 aetas,
1266 1495 1385 1534 quam
1405 1492 1565 1535 propter
1583 1497 1682 1536 pue-

300 1559 378 1590 ros,
409 1545 553 1597 quibus
586 1545 787 1583 interdum
817 1545 997 1584 videmur
1026 1545 1202 1598 praestare
1227 1547 1347 1585 etiam
1377 1547 1686 1600 Rempublicam

300 1610 497 1649 debuisse:
529 1623 699 1662 quorum
728 1610 890 1663 quidem
916 1611 1028 1656 alter,
1057 1624 1138 1649 non
1165 1620 1245 1650 tam
1265 1612 1358 1664 quia
1377 1613 1522 1665 majore
1541 1615 1686 1666 pietate

300 1676 367 1721 est,
398 1689 461 1714 me
490 1675 726 1714 mirabiliter
753 1677 952 1715 excruciat
968 1695 980 1721 ς
1011 1675 1108 1714 alter
1139 1677 1196 1728 (Ο
1230 1690 1312 1715 rem
1342 1677 1551 1716 miseram!
1582 1679 1686 1718 nihil

300 1742 408 1780 enim
428 1740 530 1779 mihi
550 1741 693 1779 accidit
721 1742 763 1779 in
783 1742 894 1780 omni
914 1741 994 1780 vita
1011 1742 1208 1792 acerbius)
1237 1741 1484 1795 indulgentia
1501 1743 1688 1784 videlicet

302 1806 427 1845 nostra
446 1806 674 1859 depravatus
694 1820 740 1845 eo
759 1807 976 1860 progressus
995 1807 1064 1852 est,
1095 1821 1175 1860 quo
1202 1821 1281 1846 non
1307 1807 1430 1846 audeo
1459 1809 1585 1847 dicere
1604 1825 1612 1848 :
1646 1820 1686 1849 et

303 1874 464 1925 expefto
485 1882 568 1911 tuas
590 1873 719 1911 literas
731 1891 743 1917 ;
766 1872 945 1925 scripsisti
965 1873 1072 1911 enim
1094 1883 1132 1911 te
1152 1873 1390 1925 scripturum
1410 1874 1481 1912 effe
1498 1875 1685 1927 plurima,

303 1952 395 1976 cum
424 1938 553 1991 ipsum
582 1938 750 1977 vidiss‘es‘.
797 1939 930 1977 Omne
957 1952 1093 1977 meum
1121 1938 1358 1991 obsequium
1390 1941 1431 1978 in
1461 1941 1580 1979 illum
1606 1940 1687 1980 fuit

303 2018 397 2042 cum
429 2005 556 2043 multa
589 2004 786 2043 severitate
802 2024 814 2051 5
856 2019 982 2059 neque
1016 2019 1141 2044 unum
1174 2006 1274 2058 ejus»,
1307 2019 1379 2045 nec
1413 2020 1591 2060 parvum,
1622 2008 1689 2046 sed

303 2071 429 2109 multa
446 2084 589 2123 magna
607 2071 761 2118 delicta,
791 2072 1023 2126 compreffi:
1054 2073 1175 2125 patris
1204 2082 1335 2111 autem
1365 2073 1503 2111 lenitas
1523 2074 1686 2112 amanda

303 2137 434 2189 potius
455 2137 502 2174 ab
522 2137 608 2182 illo,
639 2151 758 2190 quam
779 2147 860 2177 tam
885 2138 1096 2177 crudeliter
1126 2138 1373 2191 negligenda.
1420 2139 1526 2177 Nam
1554 2139 1684 2177 literas

305 2203 386 2252 ejus
418 2201 464 2239 ad
497 2201 685 2240 Caesarem
717 2203 842 2242 miffas
875 2204 930 2242 ita
961 2204 1130 2256 graviter
1161 2203 1344 2248 tulimus,
1375 2212 1418 2241 ut
1453 2212 1491 2241 te
1522 2204 1686 2256 quidem

306 2266 516 2305 celaremus
528 2286 539 2312 ς
562 2267 626 2305 sed
647 2269 962 2320 ipfius,videmus
983 2270 1104 2307 vitam
1123 2268 1320 2307 insuavem
1342 2268 1562 2307 reddidisse.
1591 2270 1684 2307 Hoc

307 2344 395 2368 vero
414 2332 496 2382 ejus
523 2333 610 2377 iter,
641 2334 915 2387 simulatioque
946 2334 1102 2387 pietatis
1132 2334 1259 2387 qualis
1291 2332 1426 2379 fuerit,
1458 2348 1536 2372 non
1562 2335 1685 2374 audeo

307 2395 460 2433 dicere:
493 2404 646 2436 tantum
677 2398 756 2436 scio
787 2399 871 2452 post
902 2400 1086 2438 Hirtium
1113 2408 1367 2445 conventum,
1398 2400 1614 2438 arceffitum
1636 2400 1684 2437 ab

310 2459 454 2498 Caesare
471 2479 482 2505 3
514 2473 607 2498 cum
635 2475 680 2500 eo
708 2463 755 2501 de
774 2477 864 2504 meo
883 2465 1016 2505 animo
1034 2465 1082 2504 ab
1103 2465 1180 2504 suis
1200 2465 1417 2504 rationibus
1439 2465 1684 2509 alieniffimo,
