2243 3008
550 287 622 325 192
892 272 1579 313 EPISTOLARUM

544 376 584 414 d.
615 388 701 414 VI11
735 373 825 413 Kal.
861 375 978 413 Febr.
1013 387 1143 419 mane,
1174 387 1268 412 curn
1296 373 1573 413 absurdiffimis
1608 374 1816 419 mandatis,
1849 387 1929 414 non

542 441 764 486 hominem,
796 439 859 478 sed
879 439 1011 493 scopas
1032 440 1201 478 solutas:
1233 447 1279 477 ut
1308 439 1350 476 id
1378 439 1508 491 ipsum
1537 439 1639 478 mihi
1666 440 1734 478 ille
1754 440 1930 478 videatur

543 506 731 546 irridendi
751 505 862 544 causa
881 504 1024 550 feciffe,
1055 505 1124 556 qui
1146 504 1264 541 tantis
1285 503 1333 541 de
1352 504 1466 542 rebus
1487 504 1582 543 huic
1603 506 1783 543 mandata
1810 505 1929 544 dede-

543 573 596 612 rit
611 592 623 619 5
656 573 726 610 nis1
758 571 859 610 forte
889 584 967 609 non
999 570 1121 614 dedit,
1151 578 1191 607 et
1220 568 1287 607 hic
1316 568 1492 607 sermone
1521 570 1654 623 aliquo
1684 580 1837 624 arrepto
1858 584 1929 623 pro

542 638 736 678 mandatis
770 637 910 675 abusus
944 636 1010 674 est.
1063 635 1276 679 Labienus,
1313 634 1372 672 vir
1404 647 1491 672 mea
1522 635 1713 674 sententia
1746 649 1928 689 magnus,

542 703 755 742 Theanum
772 703 880 740 venit
899 715 933 740 a.
952 701 990 739 d.
1013 714 1075 739 lx.
1094 699 1183 739 Kal.
1206 700 1264 737 ibi
1285 699 1521 752 Pompeium
1542 700 1810 754 Consulesque
1831 715 1929 739 con-

542 770 677 808 venit:
710 770 778 821 qui
800 768 924 806 sermo
943 766 1078 811 fuerit,
1099 774 1138 804 et
1158 765 1256 818 quid
1275 766 1405 803 actum
1426 765 1486 810 fit,
1509 765 1675 803 scribam
1694 766 1742 803 ad
1763 776 1814 811 te,
1836 781 1930 806 cum

542 845 696 874 certum
728 835 861 872 sciam.
907 833 1120 885 Pompeius
1144 845 1165 869 a
1183 830 1350 870 Theano
1371 832 1562 869 Larinum
1583 831 1711 869 versus
1732 831 1929 884 profectus

540 901 595 939 est
615 914 649 939 a.
672 899 711 938 d.
736 912 823 937 vn1
847 898 936 936 Kal.
964 911 1010 935 eo
1036 897 1099 934 die
1127 895 1266 934 manfit
1287 895 1464 934 Venafri.
1510 896 1776 948 Aliquantum
1807 898 1930 936 animi

541 966 696 1004 videtur
715 965 830 1003 nobis
850 963 1018 1002 attuliffe
1037 961 1260 1000 Labienus:
1293 960 1356 999 sed
1376 974 1450 1013 ego
1470 961 1648 1000 nondum
1668 961 1808 1007 habeo,
1831 963 1928 1016 quid

541 1031 588 1070 ad
609 1041 647 1069 te
666 1045 714 1069 ex
734 1029 796 1068 his
818 1029 916 1068 locis
938 1028 1118 1066 scribam.
1154 1026 1229 1065 Ista
1248 1026 1373 1078 magis
1393 1028 1556 1079 expecto
1571 1046 1584 1073 5
1615 1027 1713 1080 quid
1733 1028 1854 1066 illinc⁴
1867 1027 1928 1067 af·-

541 1096 715 1141 feratur3
747 1108 828 1148 quo
846 1095 959 1147 paeto
979 1093 1026 1131 de
1046 1091 1224 1131 Labieno
1242 1090 1340 1130 ferat
1356 1109 1368 1136 ;
1401 1091 1498 1144 quid
1529 1101 1617 1144 agat
1649 1093 1854 1132 Domitius
1886 1094 1928 1132 in

542 1162 696 1208 Marfis,
729 1160 859 1214 Iguvii
886 1159 1103 1204 Thermus,
1135 1159 1180 1196 P.
1204 1158 1340 1196 Attius
1369 1157 1563 1209 Cinguli;
1595 1171 1682 1211 quae
1714 1159 1759 1197 fit
1788 1160 1928 1212 populi

542 1228 683 1267 urbani
708 1227 888 1265 voluntas
905 1245 917 1272 3
949 1238 1036 1278 quae
1066 1232 1134 1262 tua
1163 1224 1386 1275 conjectura
1416 1223 1464 1260 de
1491 1223 1606 1262 rebus
1638 1223 1812 1263 futuris:
1845 1224 1928 1263 haec

540 1294 662 1332 velim
692 1292 844 1337 crebro,
875 1300 914 1330 et
942 1290 1040 1344 quid
1070 1289 1144 1328 tibi
1179 1288 1226 1327 de
1255 1288 1489 1327 mulieribus
1524 1289 1662 1328 nostris
1694 1290 1858 1343 placeat,
1888 1300 1928 1329 et

540 1359 639 1412 quid
657 1360 812 1397 aeturus
832 1357 912 1411 ipse
932 1358 994 1402 fis,
1025 1355 1182 1394 scribas.
1229 1355 1268 1393 Si
1293 1354 1502 1393 scriberem
1521 1355 1617 1407 ipse,
1648 1356 1805 1409 longior
1824 1356 1926 1410 epis-

541 1425 623 1464 tola
641 1423 772 1463 fuisset
789 1439 799 1463 ε
831 1423 895 1462 sed
915 1422 1057 1462 dictavi
1076 1429 1236 1475 propter
1255 1419 1554 1474 lippitudinem.

880 1631 1123 1669 Clenno
1163 1629 1420 1667 A‘r‘r1co
1461 1627 1591 1666 SAL.

539 1763 655 1803 XIV.
680 1758 857 1834 ANT
873 1760 906 1798 E
937 1758 1043 1798 diem
1065 1771 1108 1797 v1
1144 1757 1234 1796 Kal.
1267 1756 1384 1796 Febr.
1419 1757 1596 1810 Capuam
1618 1754 1782 1794 Calibus
1803 1756 1926 1809 profi-

788 1826 952 1871 ciscens,
983 1837 1077 1863 cum
1097 1822 1235 1861 leviter
1253 1821 1455 1874 lippirem,
1486 1821 1554 1860 has
1576 1822 1706 1859 literas
1726 1821 1831 1861 dedi.
1874 1823 1924 1862 L.

540 1894 668 1934 Caesar
687 1892 867 1931 mandata
887 1891 1046 1930 Caesaris
1070 1887 1214 1927 detulit
1242 1887 1289 1925 ad
1321 1887 1557 1941 Pompeium
1589 1901 1622 1926 a.
1652 1887 1691 1925 d.
1716 1901 1802 1926 vm
1834 1889 1924 1928 Kal.

539 1973 634 1998 cum
655 1959 686 1996 is
706 1957 796 1996 effet
823 1970 918 1995 cum
952 1953 1192 1994 Consulibus
1223 1951 1394 1991 Theani.
1442 1953 1608 1992 Probata
1635 1952 1814 1991 conditio
1842 1953 1922 1998 τῆς

540 2025 602 2064 sed
624 2025 691 2070 ita,
723 2033 766 2061 ut
788 2022 854 2060 ille
875 2021 922 2059 de
942 2021 989 2059 iis
1009 2018 1181 2073 oppidis,
1212 2032 1298 2072 quae
1326 2027 1435 2057 extra
1462 2017 1568 2057 suam
1589 2019 1833 2072 provinciam
1854 2032 1924 2057 oc-

538 2089 764 2144 cupaviffet,
794 2087 966 2142 praefidia
985 2085 1192 2125 deduceret
1211 2100 1220 2123 :
1253 2083 1292 2122 id
1315 2084 1340 2122 fi
1361 2083 1523 2129 fecisset,
1555 2084 1779 2138 responsum
1806 2085 1860 2123 est
1880 2085 1926 2123 ad

539 2158 679 2196 urbem
709 2168 780 2194 nos
810 2154 1002 2193 redituros
1036 2151 1123 2196 esse,
1153 2160 1193 2190 et
1227 2164 1309 2189 rem
1344 2163 1412 2203 per
1442 2151 1627 2189 Senatum
1661 2150 1924 2190 confecturos.

542 2225 659 2277 Spero
678 2223 796 2261 etiam
817 2220 858 2259 in
881 2219 1080 2274 praesentia
1100 2230 1235 2271 pacem
1256 2230 1326 2255 nos
1347 2215 1487 2255 habere
1506 2232 1514 2255 :
1549 2230 1638 2256 nam
1659 2226 1696 2255 et
1719 2217 1834 2255 illum
1857 2216 1923 2255 su-

540 2289 652 2332 roris,
682 2296 721 2326 ct
741 2285 848 2325 hunc
869 2284 1044 2324 nostrum
1063 2283 1281 2336 copiarum,
1313 2281 1565 2335 suppoenitet.
1613 2282 1683 2320 Me
1714 2281 1924 2334 Pompeius

539 2355 718 2406 Capuam
745 2352 876 2391 venire
895 2351 1037 2395 voluit,
1067 2358 1106 2388 et
1136 2349 1315 2401 adjuvare
1346 2347 1570 2392 delectum;
1604 2348 1643 2385 in
1674 2361 1754 2400 quo
1786 2361 1922 2400 parum

538 2419 692 2473 prolixe
713 2416 945 2470 respondent
966 2414 1159 2468 Campani
1180 2413 1327 2452 coloni.
1374 2413 1619 2452 Gladiatores
1649 2412 1822 2458 Caesaris,
1854 2413 1924 2465 qui

538 2487 684 2539 Capuae
705 2483 809 2529 sunt,
839 2483 887 2522 de
906 2482 1051 2537 quibus
1072 2489 1159 2519 ante
1180 2480 1226 2518 ad
1258 2489 1296 2518 te
1326 2478 1464 2518 falsum
1497 2493 1543 2518 ex
1572 2479 1766 2531 Torquati
1800 2478 1923 2517 literis

540 2548 778 2605 scripseram,
810 2548 896 2589 sane
915 2546 1123 2589 commode
1145 2546 1356 2599 Pompeius
1378 2545 1591 2591 distribuit,
1628 2545 1742 2584 binos
1764 2543 1924 2597 singulis
