2243 3008
379 310 405 347 4
726 297 1413 338 EPISTOLARUM

381 398 625 437 voluntatem
663 398 765 437 mihi
803 397 1090 436 conciliandam
1124 397 1299 436 maximo
1338 407 1376 436 te
1414 396 1516 436 mihi
1555 397 1640 436 usui
1679 396 1762 436 fore

381 463 510 502 video.
556 465 687 517 Qare
717 464 902 516 Januario
932 464 1110 509 incunte,
1139 473 1183 501 ut
1213 462 1461 508 constituisti,
1492 477 1583 502 cura
1603 473 1647 502 ut
1677 463 1761 501 Ro-

383 541 456 566 mae
476 529 537 568 fis.

719 731 961 769 Cxcnno
1002 732 1256 769 A‘r‘rico
1298 730 1428 769 SAL.

386 857 462 896 ΙΙΙ.
488 857 687 929 AVIA
701 858 750 896 M
781 867 888 897 tuam
918 858 1015 897 scito
1039 857 1224 897 defiderio
1245 858 1302 897 tui
1323 867 1519 896 mortuam
1540 855 1627 901 effe,
1658 866 1695 895 et
1716 857 1768 895 fi-

596 923 695 968 mul,
718 924 825 975 quod
845 924 966 962 verita
985 924 1045 969 fit,
1076 937 1124 962 ne
1145 924 1295 962 Latinae
1315 924 1356 961 in
1377 923 1509 961 officio
1530 935 1609 960 non
1630 935 1765 960 mane-

384 997 486 1033 rent,
517 998 555 1026 et
582 987 622 1025 in
651 998 828 1038 montem
855 990 1059 1027 Albanum
1089 987 1232 1027 hostias
1264 1002 1343 1026 non
1373 987 1622 1025 adducerent.
1668 988 1766 1040 Ejus

385 1054 439 1091 rei
468 1053 774 1092 consolationem
804 1054 850 1091 ad
883 1064 920 1092 te
952 1055 1000 1092 L.
1025 1052 1226 1091 Saufeium
1257 1052 1462 1092 missurum
1492 1053 1564 1091 effe
1584 1052 1765 1092 arbitror.

385 1119 471 1156 Nos
493 1119 559 1156 hic
581 1128 617 1156 te
637 1118 684 1156 ad
704 1119 876 1157 mensem
898 1119 1128 1170 Januarium
1148 1120 1413 1171 expe&amus‚
1438 1132 1486 1157 ex
1507 1119 1678 1171 quodam
1699 1132 1766 1156 ru-

385 1197 508 1228 more,
539 1197 585 1221 an
613 1198 660 1222 ex
687 1184 810 1222 literis
843 1185 921 1222 tuis
942 1183 989 1222 ad
1009 1184 1104 1222 alios
1125 1183 1245 1222 missis
1264 1185 1278 1222 ?
1309 1197 1400 1222 nam
1420 1183 1466 1221 ad
1487 1197 1550 1222 me
1570 1184 1617 1222 de
1637 1197 1683 1222 eo
1703 1184 1767 1222 ni-

384 1314 569 1366 expofita.
617 1314 703 1352 Nos
735 1327 777 1352 ea
806 1328 886 1352 non
917 1313 1117 1352 vidimus:
1149 1328 1277 1367 neque
1307 1315 1415 1352 enim
1441 1314 1610 1353 exeundi
1641 1315 1771 1353 Roma

385 1377 549 1431 potestas
582 1379 695 1416 nobis
727 1377 819 1418 fuit.
865 1379 1066 1424 Mifimus,
1097 1380 1167 1431 qui
1199 1393 1270 1433 pro
1300 1381 1455 1418 vestuta
1485 1379 1662 1418 solveret.
1708 1381 1770 1418 Te

382 1444 562 1482 multum
581 1457 771 1490 amamus,
803 1445 909 1497 quod
941 1459 983 1483 ea
1009 1445 1076 1483 abs
1105 1454 1141 1483 te
1168 1445 1392 1498 diligenter,
1423 1459 1620 1499 parvoque
1639 1456 1771 1484 curata

386 1509 490 1547 ssint.
537 1509 657 1560 Qod
690 1508 736 1546 ad
766 1523 829 1547 me
859 1509 955 1562 saepe
982 1509 1160 1562 scripfisti
1187 1510 1234 1548 de
1255 1510 1384 1548 nostro
1411 1511 1538 1548 amico
1563 1511 1768 1564 placando,

386 1573 479 1619 feci,
496 1582 535 1612 et
555 1583 737 1627 expertus
758 1574 843 1613 sum
864 1575 1016 1613 omnia:
1040 1575 1104 1613 sed
1122 1575 1347 1614 mirandum
1369 1576 1408 1613 in
1431 1576 1594 1614 modum
1611 1576 1662 1614 est
1684 1577 1769 1614 ani-

385 1653 453 1677 mo
473 1639 712 1677 abalienato:
735 1640 880 1692 quibus
897 1640 943 1678 de
965 1639 1264 1693 suspicionibus,
1282 1641 1348 1679 etsi
1369 1641 1510 1679 audisse
1531 1651 1568 1678 te
1588 1642 1769 1685 arbitror,

386 1714 517 1742 tamen
537 1717 585 1742 ex
607 1718 684 1749 me,
715 1718 807 1742 cum
828 1705 992 1749 veneris,
1023 1705 1247 1757 cognosces.
1299 1705 1522 1743 Sallustium
1544 1706 1773 1758 przrsentcm

388 1769 584 1808 restituere
605 1770 645 1807 in
666 1770 748 1822 ejus
769 1780 939 1808 veterem
959 1771 1124 1822 gratiam
1147 1784 1224 1808 non
1246 1772 1373 1822 potui.
1411 1771 1501 1808 Hoc
1523 1771 1568 1808 ad
1591 1781 1626 1808 te
1648 1771 1769 1823 scrip-

390 1834 430 1879 si,
461 1834 567 1887 quod
589 1835 620 1872 is
642 1848 704 1872 me
725 1835 899 1873 accusare
919 1835 966 1873 de
988 1845 1024 1872 te
1045 1834 1189 1872 solebat
1209 1850 1218 1873 :
1250 1846 1287 1873 at
1310 1835 1348 1873 in
1371 1835 1405 1873 se
1429 1845 1611 1887 expertus
1638 1835 1690 1873 est
1720 1836 1772 1873 il-

388 1900 474 1937 lum
494 1899 565 1938 effe
587 1901 717 1938 minus
742 1900 996 1945 exorabilem,
1028 1913 1162 1938 meum
1190 1901 1361 1939 studium
1391 1914 1461 1939 nec
1493 1902 1566 1940 tibi
1595 1900 1778 1942 defuill‘e„

390 1964 610 2004 Tulliolam
632 1966 682 2004 C.
706 1965 852 2011 Pisoni,
887 1966 933 2004 L.
959 1965 1056 2011 filio,
1088 1966 1212 2020 Frugi
1232 1960 1529 2020 despondimuS.

731 2168 971 2207 Crceno
1014 2170 1266 2208 ATTrco
1307 2171 1437 2208 SAL.

394 2295 465 2333 1V.
491 2293 815 2368 CREBRAS
840 2298 1125 2349 expe-crationes
1148 2297 1260 2336 nobis
1283 2298 1338 2336 tui
1361 2311 1599 2337 commoves.
1635 2299 1774 2351 Nuper

590 2361 765 2414 quidem,
797 2377 888 2401 cum
914 2364 996 2415 jam
1019 2373 1054 2402 te
1075 2363 1276 2401 adventare
1297 2364 1584 2407 arbitraremur,
1617 2374 1772 2417 repente

393 2427 459 2465 abs
483 2437 519 2464 te
541 2427 578 2464 in
603 2427 773 2465 mensem
791 2428 1014 2479 Qintilcm
1039 2429 1166 2481 rcjct‘li
1190 2428 1334 2466 sumus.
1370 2430 1489 2467 Nunc
1511 2443 1600 2467 vcro
1621 2430 1772 2475 ccnsco,

393 2491 499 2543 quod
529 2493 740 2531 commodo
767 2503 833 2530 tuo
855 2493 977 2531 facere
1000 2495 1156 2545 poteri&
1190 2495 1317 2532 venias
1338 2495 1383 2532 ad
1407 2494 1443 2532 id
1467 2504 1635 2547 tempus,
1667 2495 1773 2547 quod

398 2556 545 2597 stribis.
594 2557 750 2597 Obicris
783 2558 927 2610 Qinti
959 2558 1086 2599 fratris
1118 2560 1307 2606 comitia5
1340 2574 1408 2599 nos
1431 2560 1549 2613 longo
1571 2560 1774 2599 intervallo
