2243 3008
523 270 599 321 448
854 267 1544 310 EPISTOLARUM

525 370 552 409 fi
583 369 679 424 quid
709 368 936 423 prospicies,
967 368 1075 422 quod
1103 367 1286 407 futurum
1315 377 1444 421 putes,
1476 369 1619 408 scribas
1644 369 1691 408 ad
1711 383 1776 409 me
1795 383 1914 425 quam

526 435 726 489 saepiffime
754 435 889 473 velim.
936 433 1115 478 Varroni,
1146 433 1482 487 quemadmodum
1504 436 1579 474 tibi
1600 437 1796 482 mandavi,
1827 451 1914 476 me-

525 502 687 540 mineris
717 499 897 540 excusare
927 498 1151 538 tarditatem
1179 498 1383 537 literarum
1412 513 1602 540 mearum.
1649 502 1830 541 Mundus
1860 502 1914 541 is-

525 576 628 606 tum.
675 567 738 606 M.
764 567 918 605 Ennius
950 564 1047 618 quid
1077 564 1202 618 egerit
1232 564 1280 602 de
1310 563 1540 605 testamento
1563 568 1756 619 (curiosus
1784 568 1913 619 enim)

526 632 644 672 facias
665 647 728 672 me
748 633 869 671 velim
889 632 1113 670 certiorem.
1151 631 1215 669 Ex
1236 630 1436 683 Arpinati,
1468 645 1513 671 v1
1536 632 1647 673 Non.

858 835 1104 874 Crcssno
1144 833 1401 873 Αττῐοο
1441 834 1573 874 SAL.

528 962 706 1003 XXVII.
733 962 1070 1035 GAUDEO
1106 962 1148 1000 id
1183 971 1221 1000 te
1249 961 1351 1000 mihi
1387 961 1556 1008 suadere,
1588 961 1695 1015 quod
1729 976 1803 1016 ego
1832 979 1918 1004 mea

827 1029 964 1082 sponte
983 1028 1110 1082 pridie
1130 1027 1314 1066 feceram.
1347 1028 1454 1067 Nam
1476 1042 1570 1067 cum
1590 1028 1636 1066 ad
1659 1038 1695 1066 te
1714 1042 1756 1067 v1
1778 1030 1915 1070 Nonas

525 1093 673 1141 darem,
703 1094 831 1134 eidem
853 1094 1057 1133 tabellario
1076 1093 1167 1131 dedi
1190 1093 1310 1132 etiam
1339 1093 1386 1132 ad
1416 1094 1611 1140 Sextium,
1642 1093 1803 1147 scriptas
1831 1093 1921 1131 πάνυ

524 1158 746 1213 Φιλοςόςγως.
793 1160 868 1199 Ille
898 1169 1045 1206 autern,
1076 1160 1184 1213 quod
1213 1160 1398 1199 Puteolos
1421 1160 1684 1213 prosequitur,
1715 1160 1916 1206 humane;

525 1225 633 1278 quod
663 1227 855 1279 queritur,
887 1227 1055 1279 injuste:
1090 1240 1168 1264 non
1200 1226 1308 1264 enirn
1339 1240 1413 1279 ego
1443 1235 1524 1265 tam
1553 1226 1671 1264 illum
1700 1228 1917 1280 expectare,

525 1305 620 1329 cum
653 1292 700 1330 de
730 1291 884 1332 Cosano
913 1293 1070 1338 rediret,
1102 1292 1236 1337 debui,
1267 1305 1386 1344 quam
1421 1292 1490 1330 ille
1519 1301 1585 1330 aut
1615 1306 1694 1330 non
1725 1292 1780 1330 ire
1814 1301 1918 1338 ante,

525 1371 645 1410 quam
667 1371 730 1396 me
751 1358 917 1404 vidiss‘et,
943 1368 1009 1397 aut
1029 1359 1148 1396 citius
1169 1359 1322 1396 reverti.
1357 1358 1511 1395 Sciebat
1531 1358 1638 1396 enim
1659 1371 1722 1396 me
1742 1357 1921 1396 celeriter

525 1423 627 1461 velle
647 1423 858 1476 proficisci,
889 1424 1043 1477 seseque
1074 1423 1120 1461 ad
1150 1437 1214 1461 me
1244 1424 1285 1461 in
1317 1423 1590 1461 Tusculanum
1621 1423 1820 1476 scripserat
1847 1423 1921 1462 esse

525 1497 752 1527 venturum,
798 1490 875 1533 Te,
907 1498 951 1526 ut
982 1502 1003 1526 a
1034 1502 1097 1527 me
1127 1487 1351 1533 discesseris,
1383 1487 1606 1539 lacrymasse
1636 1488 1796 1526 moleste
1816 1488 1919 1526 fere-

526 1553 647 1598 bam,
679 1553 787 1606 quod
817 1554 842 1591 fi
874 1567 938 1591 me
964 1553 1149 1607 praesente
1179 1551 1343 1597 feciffes,
1376 1553 1585 1591 confilium
1614 1553 1736 1590 totius
1769 1553 1920 1592 itineris

526 1618 680 1657 fortasse
710 1618 929 1661 mutaffem.
977 1618 1050 1657 Sed
1080 1618 1180 1656 illud
1211 1617 1406 1671 praeclare,
1439 1617 1546 1671 quod
1576 1628 1614 1656 te
1643 1618 1840 1656 consolata
1868 1618 1922 1657 est

526 1684 610 1738 spes
633 1685 739 1723 brevi
762 1694 938 1739 tempore
959 1684 1268 1738 congrediendi,
1302 1698 1388 1737 quae
1418 1684 1580 1736 quidem
1610 1685 1828 1738 expectatio
1859 1699 1922 1724 me

526 1751 700 1789 maxime
729 1751 928 1790 sustentat.
974 1752 1078 1790 Meae
1108 1751 1183 1789 tibi
1213 1751 1335 1789 literae
1365 1764 1443 1789 non
1475 1750 1652 1789 deerunt.
1701 1751 1763 1789 De
1798 1752 1922 1790 Bruto

526 1817 693 1856 scribam
723 1818 769 1856 ad
801 1828 838 1856 tc
857 1819 1005 1858 omnia.
1047 1818 1217 1858 Librum
1240 1817 1313 1856 tibi
1334 1817 1512 1856 celeriter
1534 1818 1689 1856 mittam
1712 1817 1758 1855 de
1779 1818 1918 1870 gloria.

527 1883 735 1922 Excudam
757 1884 908 1937 aliquid
927 1877 1151 1934 Ἠρακλε-ἱᾶἴον,
1183 1883 1289 1936 qnod
1311 1884 1426 1922 lateat
1454 1884 1494 1921 in
1517 1883 1705 1922 thesauris
1728 1885 1820 1922 tuis.
1859 1885 1921 1922 De

529 1949 676 1986 Planco
697 1949 878 1988 memini.
911 1949 1150 2000 Atticajure
1171 1949 1362 2001 queritur.
1396 1949 1515 2001 Qod
1539 1963 1601 1987 me
1622 1949 1668 1987 de
1690 1948 1851 1993 Bacchi,
1875 1949 1921 1987 de

527 2015 739 2053 statuarum
761 2015 932 2059 coronis,
964 2015 1170 2052 certiorem
1193 2013 1333 2059 fecisti,
1360 2015 1470 2052 valde
1489 2026 1645 2066 gratum
1664 2034 1674 2059 ;
1708 2029 1779 2053 nec
1800 2015 1919 2068 quid-

527 2093 648 2132 quam
679 2079 855 2132 posthac,
889 2093 966 2117 non
999 2079 1117 2117 modo
1140 2089 1309 2123 tantum,
1343 2079 1403 2117 sed
1436 2093 1482 2117 ne
1514 2081 1710 2118 tantulum
1742 2080 1920 2131 quidem,

528 2145 774 2197 praeterieris.
824 2147 875 2184 Et
907 2145 952 2183 de
975 2144 1134 2183 Herode
1155 2154 1193 2182 et
1226 2145 1373 2183 Mettio
1396 2146 1628 2191 meminero,
1661 2155 1697 2183 et
1720 2145 1767 2183 de
1787 2147 1920 2184 omni-

530 2211 618 2256 bus,
651 2225 737 2263 qum
768 2220 805 2248 te
836 2211 934 2248 velle
966 2209 1187 2262 suspicabor
1217 2210 1350 2248 modo.
1404 2212 1440 2247 Ο
1479 2220 1633 2264 turpem
1670 2211 1808 2248 sororis
1846 2220 1921 2249 tuae

529 2276 684 2315 filium!
728 2278 834 2315 Cum
866 2276 949 2316 haec
980 2276 1204 2322 scriberem,
1236 2277 1465 2315 adventabat
1493 2272 1640 2321 βελύσέ,
1672 2277 1921 2315 coenantibus

527 2342 657 2381 nobis.
