2243 3008
549 231 626 281 248
897 226 1583 268 EPISTOLARUM

546 331 625 369 tibi
645 329 788 374 remifi,
818 337 858 367 et
877 327 1097 366 Philotimo
1117 326 1221 364 dedi.
1265 326 1353 364 Nec
1373 338 1463 364 vero
1483 324 1638 370 dubito,
1668 325 1765 379 quin
1786 325 1930 364 exitio-

548 396 634 434 sum
656 396 808 434 bellum
827 393 1065 447 impendeat,
1094 393 1208 444 cujus
1230 391 1392 429 initium
1412 391 1577 430 ducetur
1596 404 1617 429 a
1637 390 1753 430 fame.
1794 392 1849 430 Et
1868 404 1933 429 me

547 470 680 500 tamen
700 461 814 499 doleo
834 473 914 498 non
943 457 1119 497 intereffe
1138 456 1233 494 huic
1253 456 1360 494 bello
1376 475 1387 501 ;
1419 457 1460 494 in
1491 470 1570 510 quo
1597 466 1703 495 tanta
1721 457 1779 495 vis
1811 456 1933 495 scele-

548 528 601 566 ris
629 526 762 565 futura
789 525 856 570 est,
888 534 946 569 ut,
977 536 1070 561 cum
1091 530 1267 574 parentes
1289 534 1367 558 non
1388 521 1487 560 alere
1508 521 1701 561 nefarium
1722 522 1782 567 fit,
1814 521 1934 560 nostri

547 592 746 645 principes
762 589 1067 643 antiquissimam
1083 595 1122 624 et
1143 585 1412 624 sanetislimam
1429 595 1629 638 parentem
1648 587 1815 639 patriam
1831 586 1935 625 fame

547 657 761 696 necandam
782 663 937 708 putent.
983 653 1118 704 Atque
1144 650 1221 688 hoc
1242 663 1321 688 non
1342 650 1529 703 opinione
1548 651 1685 695 timeo,
1716 651 1779 690 sed
1808 652 1934 690 inter-

547 721 608 761 fui
630 720 888 760 sermonibus.
922 717 1068 755 Omnis
1089 715 1171 754 haec
1193 715 1315 753 claffis
1337 715 1589 760 Alexandria,
1611 715 1791 762 Colchis,
1806 718 1932 769 Tyro,

547 786 712 830 Sidone,
745 783 896 828 Arado,
928 783 1082 835 Cypro,
1124 779 1381 833 Pamphylia,
1421 781 1564 832 Lycia,
1606 779 1772 826 Rhodo,
1805 781 1931 827 Chio,

548 851 757 903 Byzantio,
797 844 936 893 Lelbo,
977 849 1156 899 Smyrna,
1196 846 1359 892 Mileto,
1395 847 1496 892 Coo,
1536 846 1583 884 ad
1616 846 1935 886 intercludendos

545 924 791 956 commeatus
813 914 950 959 Italiae,
980 922 1020 952 et
1048 913 1095 950 ad
1124 911 1370 964 occupandas
1397 910 1671 950 frumentarias
1698 912 1934 964 provincias,

546 989 809 1034 comparatur.
855 981 912 1018 At
931 991 1051 1032 quam
1070 978 1202 1016 veniet
1229 976 1377 1015 iratus!
1409 985 1449 1015 et
1476 977 1525 1015 iis
1555 976 1718 1030 quidem
1747 977 1934 1023 maxime,

545 1049 618 1101 qui
646 1061 732 1085 eam
762 1046 934 1085 maxime
963 1043 1105 1083 salvam
1127 1043 1327 1088 volebant,
1357 1042 1463 1096 quasi
1493 1043 1650 1082 relictus
1679 1043 1728 1082 ab
1757 1043 1805 1082 iis
1836 1057 1935 1096 quos

545 1113 721 1165 reliquit.
768 1113 906 1164 Itaque
935 1109 1037 1149 mihi
1064 1109 1278 1154 dubitanti,
1309 1108 1406 1161 quid
1426 1122 1490 1147 me
1510 1108 1636 1147 facere
1656 1122 1724 1162 par
1753 1109 1813 1154 fit,
1844 1123 1935 1162 per-

545 1191 738 1230 magnum
757 1177 912 1230 pondus
933 1175 1045 1214 affert
1065 1174 1337 1213 benevolentia
1360 1187 1450 1226 erga
1478 1173 1595 1212 illum
1611 1193 1624 1219 5
1655 1187 1733 1226 qua
1760 1174 1934 1227 dempta,

547 1245 674 1297 perire
693 1242 836 1281 melius
857 1241 948 1280 effet
977 1241 1018 1278 in
1038 1240 1176 1292 patria,
1207 1253 1327 1292 quam
1356 1239 1522 1291 patriam
1546 1238 1730 1277 servando
1748 1249 1931 1278 evertere.

547 1310 612 1348 De
642 1307 914 1361 Septentrione
948 1306 1063 1359 plane
1092 1305 1147 1343 ita
1174 1304 1241 1343 est.
1292 1304 1451 1350 Metuo,
1495 1317 1543 1342 ne
1581 1313 1741 1342 vexetur
1771 1305 1932 1357 Epirus.

548 1375 623 1414 Sed
641 1388 763 1428 quem
785 1383 827 1411 tu
848 1374 984 1411 locum
1005 1372 1168 1410 Graeciae
1189 1383 1267 1409 non
1289 1369 1488 1423 direptum
1509 1370 1556 1408 iri
1577 1379 1690 1422 putas
1709 1371 1722 1407 ?
1746 1370 1935 1409 Praedicat

544 1442 655 1479 enim
675 1439 818 1493 palam,
849 1447 888 1476 et
915 1437 1113 1475 militibus
1133 1435 1316 1480 ostendit,
1347 1435 1384 1473 se
1413 1435 1620 1487 largitione
1649 1435 1731 1487 ipsa
1759 1435 1934 1487 superio·

547 1520 646 1551 rem,
688 1517 807 1558 quam
841 1503 964 1547 hunc,
1006 1501 1105 1540 fore.
1155 1501 1262 1539 Illud
1296 1513 1360 1538 me
1393 1501 1574 1553 praeclare
1606 1500 1807 1545 admones,
1842 1515 1936 1540 cum

545 1572 665 1610 illum
684 1570 832 1615 videro,
863 1581 912 1606 ne
932 1568 1052 1606 nimis
1083 1565 1348 1618 indulgenter,
1379 1574 1418 1603 et
1449 1574 1493 1603 ut
1521 1578 1615 1603 cum
1644 1566 1831 1617 gravitate
1860 1580 1934 1619 po-

546 1638 642 1683 tius,
660 1637 811 1689 loquar.
845 1635 964 1673 Plane
985 1633 1035 1671 fic
1056 1631 1297 1670 faciendum.
1329 1632 1545 1684 Arpinum,
1562 1644 1656 1669 cum
1676 1645 1767 1670 eum
1788 1645 1934 1670 conve-

545 1716 654 1746 nero,
685 1701 834 1753 cogito,
866 1713 914 1737 ne
941 1697 1042 1736 forte
1071 1705 1138 1735 aut
1166 1697 1288 1735 abs1m
1308 1710 1402 1734 cum
1421 1697 1565 1741 veniet,
1596 1705 1662 1734 aut
1682 1697 1835 1735 cursem
1854 1696 1935 1735 huc

546 1768 643 1806 illuc
665 1767 726 1804 via
746 1765 967 1804 deterrima.
1005 1763 1211 1808 Bibulum,
1244 1771 1288 1800 ut
1309 1762 1459 1807 scribis,
1490 1762 1606 1800 audio
1626 1762 1781 1807 veniss‘e,
1812 1772 1851 1801 et
1872 1776 1933 1800 re-

546 1833 639 1871 disse
659 1831 786 1886 pridie
807 1830 915 1869 Idus.
949 1829 1229 1873 Philotimum,
1261 1837 1305 1867 ut
1335 1829 1390 1866 ais
1414 1827 1575 1880 epistola
1595 1828 1721 1873 tertia,
1752 1830 1934 1881 expecta-

548 1900 614 1936 bas
634 1913 643 1936 ε
676 1907 713 1935 at
734 1896 801 1934 ille
823 1895 926 1933 Idib.
950 1909 970 1932 a
991 1908 1053 1932 me
1074 1893 1270 1946 profectus
1291 1893 1343 1931 est
1363 1908 1370 1932 :
1404 1907 1450 1932 eo
1480 1893 1597 1931 serius
1618 1893 1665 1931 ad
1695 1903 1802 1932 tuam
1824 1894 1935 1933 illam

546 1963 766 2016 epistolam,
797 1961 862 1999 cui
891 1973 964 2012 ego
994 1960 1119 1997 statim
1152 1959 1432 2011 rescripseram,
1464 1958 1622 1997 reddita-
1650 1959 1737 1998 sunt
1768 1973 1862 1998 meae
1882 1960 1934 1998 li-

546 2039 652 2068 terae.
700 2029 762 2066 De
785 2026 967 2065 Domitio
988 2034 1031 2063 ut
1063 2024 1213 2068 scribis,
1245 2025 1298 2061 ita
1317 2025 1458 2077 opinor
1477 2025 1564 2069 esse,
1597 2034 1639 2062 ut
1660 2035 1697 2062 et
1720 2026 1759 2063 in
1781 2025 1935 2063 Cosano

547 2095 609 2140 fit,
640 2103 679 2132 et
699 2092 906 2131 consilium
935 2092 1018 2145 ejus
1049 2090 1264 2142 ignoretur.
1314 2089 1385 2128 lste
1414 2090 1595 2127 omnium
1628 2091 1867 2143 turpissimus
1895 2101 1934 2129 et

548 2158 844 2202 sordidiffimus‚
888 2157 957 2210 qui
994 2155 1223 2194 consularia
1256 2155 1418 2193 comitia
1452 2169 1472 2193 a
1507 2156 1672 2193 Praetore
1707 2157 1759 2194 ait
1799 2155 1933 2194 haberi

548 2225 667 2279 posse,
697 2224 750 2262 est
771 2223 837 2261 ille
859 2221 1036 2275 quidem,
1067 2221 1137 2274 qui
1159 2220 1306 2273 semper
1337 2221 1375 2258 in
1408 2221 1629 2273 Republica
1659 2220 1750 2259 suit.
1799 2223 1935 2275 Itaque

547 2290 740 2329 nimirum
761 2287 837 2326 hoc
858 2286 958 2325 illud
978 2285 1045 2331 est,
1076 2285 1183 2338 quod
1204 2284 1327 2323 Caesar
1348 2285 1482 2323 scribit
1504 2286 1542 2323 in
1563 2299 1605 2323 ca
1624 2285 1798 2338 epistola,
1820 2288 1934 2339 cujus

547 2355 777 2408 exemplum
802 2353 847 2391 ad
879 2363 915 2391 te
947 2352 1046 2397 misr.
1080 2351 1115 2389 se
1144 2351 1243 2389 velle
1274 2350 1332 2389 uti
1361 2351 1493 2402 cotgſslio
1514 2365 1612 2395 mco;
1644 2365 1727 2403 age,
1758 2352 1837 2390 esto
1858 2352 1934 2391 hoc

548 2433 761 2459 commune
780 2434 789 2458 z
808 2417 937 2471 gratia
956 2436 966 2461 ς
990 2417 1170 2469 ineptum
1193 2416 1231 2454 id
1252 2416 1413 2469 quidem
1432 2436 1441 2461 ;
1467 2417 1542 2461 sed,
1567 2427 1662 2470 puto
1683 2416 1758 2455 hoc
1781 2418 1934 2456 simulat

546 2485 595 2526 ad
617 2484 801 2539 quasdam
821 2485 1051 2525 Senatorum
1071 2482 1279 2524 sententias
1297 2497 1307 2523 ;
1339 2481 1516 2537 dignitate
1531 2500 1542 2528 3
1575 2482 1727 2523 sortasse
1748 2483 1934 2522 sententia
