2243 3008
556 253 642 307 436
908 251 1598 293 EPISTOLARUM

900 487 1143 525 CrczRo
1183 487 1439 524 ATT1co
1481 487 1610 526 SAL.

566 614 663 654 XII.
687 613 750 688 B
765 614 799 652 E
815 613 855 653 N
871 614 906 653 E
935 612 1161 652 mehercule
1190 613 1237 652 de
1267 612 1480 652 Buthroto.
1524 615 1581 652 At
1600 627 1673 666 ego
1692 613 1886 653 Tironem
1905 615 1953 652 ad

615 695 618 698 ⁴
773 679 1025 718 Dolabellam
1045 693 1139 718 cum
1159 679 1299 724 literis,
1321 680 1414 732 quia
1427 679 1603 732 jufferas,
1625 679 1818 719 miseram.
1842 681 1954 731 Qid

568 754 684 784 nocet
702 746 716 782 ?
748 746 811 783 De
831 744 970 783 nostris
990 753 1122 784 autem
1141 744 1374 784 Antiatibus
1403 744 1491 782 satis
1512 743 1671 782 videbar
1690 745 1805 797 plane
1831 745 1954 798 scrip-

569 810 663 855 fiffe,
694 818 739 848 ut
759 823 838 848 non
859 809 1073 856 dubitares,
1102 810 1222 849 effent
1242 810 1340 863 quin
1360 809 1472 848 otiofi
1500 809 1642 855 futuri,
1674 809 1858 862 usurique
1884 810 1955 848 be-

568 874 711 914 neficio
726 875 896 914 Antonii
915 876 1218 914 contumelioso.
1242 875 1390 914 Caflius
1411 874 1709 914 frumentariam
1730 889 1812 914 rem
1828 875 1957 928 asper-

569 939 760 979 nabatur:
793 932 878 978 eam
911 940 1072 979 Servilia
1097 940 1337 979 sublaturam
1367 954 1414 979 ex
1443 940 1803 979 senatus-consulto
1829 940 1865 978 se
1885 940 1959 979 esse

568 1005 739 1045 dicebat.
785 1005 929 1044 Noster
959 1019 1050 1044 vero
1081 1003 1109 1056 22,
1137 999 1242 1054 μάλα.
1267 1003 1392 1054 cambe,
1420 1006 1460 1043 in
1498 1006 1644 1051 Afiam,
1675 1005 1805 1058 postea
1837 1019 1958 1058 quam

569 1069 672 1109 mihi
703 1070 757 1109 est
787 1069 950 1109 affensus
982 1079 1071 1109 tuto
1102 1070 1139 1108 se
1169 1070 1308 1108 Romae
1337 1069 1410 1108 effe
1430 1084 1509 1109 non
1530 1071 1648 1124 poffe.
1694 1070 1830 1109 Ludos
1850 1071 1960 1110 enim

570 1136 705 1175 absens
738 1135 866 1175 facere
899 1136 1097 1175 malebat:
1141 1136 1296 1188 navigia
1328 1136 1570 1189 colligebat:
1615 1144 1695 1175 erat
1728 1136 1882 1174 animus
1917 1136 1960 1175 in

571 1201 702 1240 cursu.
748 1202 900 1240 Interea
918 1202 961 1240 in
982 1202 1127 1240 eisdem
1147 1201 1246 1240 locis
1267 1210 1376 1240 erant
1396 1201 1538 1240 futuri.
1575 1203 1720 1240 Brutus
1742 1201 1904 1255 quidem
1924 1201 1963 1240 se

570 1267 697 1306 aiebat
717 1267 881 1306 Asturae.
915 1268 964 1306 L.
988 1267 1151 1320 quidem
1170 1267 1372 1306 Antonius
1392 1267 1607 1306 liberaliter
1625 1266 1749 1305 literis
1771 1266 1848 1304 fine
1868 1279 1962 1305 cura

572 1346 637 1370 me
657 1332 728 1370 effe
743 1333 874 1385 jubet.
920 1333 1064 1372 Habeo
1084 1346 1211 1371 unum
1231 1332 1470 1371 beneficium
1489 1347 1498 1371 ε
1531 1333 1699 1371 alterum
1719 1330 1886 1376 fortasse,
1918 1331 1961 1370 ni

572 1397 613 1435 in
634 1397 909 1436 Tusculanum
929 1398 1093 1436 venerit.
1127 1398 1164 1435 O
1186 1397 1342 1450 negotia
1362 1410 1441 1435 non
1461 1396 1620 1435 ferenda
1638 1397 1645 1434 !
1673 1409 1761 1449 quae
1780 1395 1964 1434 feruntur

573 1473 720 1501 tamen.
751 1457 820 1497 τῶν
839 1457 889 1504 Λ]
904 1458 1014 1497 αἰτίαν
1034 1458 1092 1497 τῶν
1110 1458 1235 1514 agaim
1253 1460 1301 1500 τίς
1319 1457 1399 1506 εἶχεν
1413 1480 1426 1506 ;
1450 1462 1680 1506 Ostaviano,
1703 1470 1746 1499 ut
1767 1461 1960 1513 perspexi,

573 1528 662 1566 satis
693 1526 859 1579 ingenii,
890 1525 978 1564 satis
1011 1526 1133 1563 animi
1149 1544 1161 1570 3
1193 1525 1476 1578 videbaturque
1504 1540 1594 1579 erga
1620 1525 1769 1564 nostros
1789 1522 1889 1575 ἥρωας
1908 1527 1964 1565 ita

572 1592 672 1638 fore,
703 1600 748 1630 ut
779 1602 850 1628 nos
881 1590 1088 1634 vellemus,
1119 1590 1342 1628 animatus:
1375 1589 1438 1628 sed
1468 1591 1565 1643 quid
1594 1591 1697 1630 aetati
1724 1589 1965 1629 credendum

574 1658 636 1704 fit,
667 1655 765 1710 quid
794 1655 963 1700 nomini,
993 1654 1090 1707 quid
1114 1654 1338 1700 hereditati,
1369 1655 1467 1708 quid
1494 1652 1680 1700 κατηχήσιὶ,
1710 1655 1845 1708 magni
1864 1667 1965 1693 con-

576 1723 650 1762 filii
669 1722 737 1761 est.
769 1721 947 1758 Vitricus
976 1719 1140 1773 quidem
1170 1719 1272 1758 nihil
1303 1719 1510 1766 censebat;
1542 1732 1662 1773 quem
1684 1720 1832 1759 Asturae
1858 1720 1965 1758 vidi-

575 1802 680 1828 mus.
726 1786 800 1826 Sed
823 1795 954 1825 tamen
974 1786 1136 1825 alendus
1157 1785 1237 1832 est;
1270 1795 1329 1831 ut,
1361 1785 1463 1825 nihil
1484 1785 1605 1831 aliud,
1636 1787 1684 1824 ab
1705 1787 1884 1824 Antonio
1905 1785 1965 1824 se-

569 1853 813 1908 jungendus.
857 1850 1073 1890 Marcellus
1095 1852 1291 1905 praeclare,
1323 1851 1349 1890 fi
1370 1853 1549 1905 praecipit
1570 1849 1699 1890 nostro
1720 1851 1866 1895 nostri;
1899 1850 1965 1889 cui

576 1920 738 1972 quidem
768 1917 837 1957 ille
864 1917 1020 1956 deditus
1050 1918 1153 1956 mihi
1174 1918 1392 1957 videbatur.
1440 1919 1569 1957 Pansae
1598 1927 1730 1956 autem
1758 1927 1797 1956 et
1827 1917 1969 1957 Hirtio

578 1998 657 2024 non
679 1985 797 2024 nimis
817 1983 1013 2024 credebat.
1046 1985 1155 2023 Bona
1175 1984 1341 2029 indoles,
1372 1981 1425 2019 ἐὰν
1442 1978 1597 2034 διαμένῃ.

910 2184 1153 2224 C1czn0
1197 2186 1454 2225 ATTrco
1497 2186 1627 2224 SAL.

581 2315 699 2355 XIII.
725 2312 1027 2385 OCTAVO
1059 2313 1148 2351 Kal.
1172 2313 1265 2351 duas
1287 2326 1306 2350 a
1328 2322 1363 2350 tc
1385 2312 1515 2364 accepi
1546 2311 1740 2365 epistolas.
1785 2312 1967 2366 Respon-

821 2380 922 2417 debo
943 2380 1063 2432 igitur
1084 2379 1204 2432 priori
1226 2379 1348 2431 prius.
1395 2377 1591 2416 Ass'cntior
1612 2378 1701 2422 tibi,
1735 2387 1777 2416 ut
1799 2392 1869 2416 nec
1891 2379 1967 2416 du-

579 2458 643 2483 ccs
667 2443 798 2488 fimus,
831 2457 900 2481 nec
923 2458 1062 2494 agmen
1084 2458 1269 2495 cogamus
1290 2462 1298 2487 3
1332 2441 1528 2480 faveamus.
1552 2452 1696 2480 tamen.
1735 2443 1968 2481 Orationem

582 2511 655 2550 tibi
677 2511 782 2548 misi:
805 2511 887 2561 ejus
908 2509 1168 2549 custodienda·
1187 2520 1225 2548 ct
1248 2509 1485 2562 proferenda*
1507 2509 1715 2548 arbitrium
1737 2519 1866 2548 tuum.
1895 2508 1968 2548 Sed
