2243 3008
575 221 683 260 AD
741 218 1176 258 ATTICUM
1245 221 1388 261 LIB.
1439 223 1555 262 XIV.
1683 216 1762 276 4⁸13

534 450 761 488 ClcERo
808 449 1191 487 DOLABELLAE
1240 449 1366 488 Cos.
1415 463 1517 490 suo
1563 455 1602 492 S.

450 578 553 617 TSI
583 586 793 616 contentus
815 590 935 622 eram,
958 577 1016 615 mi
1038 576 1261 622 Dolabella,
1284 586 1352 615 tua
1369 578 1509 630 gloria,
1532 579 1696 632 satisque
1716 595 1765 620 ex

469 656 514 681 ea
533 656 717 695 magnam
737 643 914 681 laetitiam
935 642 1259 695 voluptatemque
1280 643 1482 695 capiebam
1497 656 1513 689 ς
1534 653 1664 683 tamen
1686 659 1766 684 non

372 709 526 763 poffum
547 723 626 748 non
647 709 843 754 confiteri,
861 708 1056 747 cumulari
1077 722 1140 746 me
1155 709 1332 747 maximo
1346 710 1506 761 gaudio,
1522 711 1628 763 quod
1646 712 1766 764 vulgo

372 775 587 814 hominum
603 776 739 828 opinio
759 775 911 813 socium
931 788 994 813 me
1010 774 1201 813 adscribat
1221 775 1300 813 tuis
1321 775 1520 815 laudibus.
1549 777 1767 815 Neminem

373 842 556 894 conveni,
591 842 803 893 (convenio
832 850 962 880 autem
983 841 1161 894 quotidie
1182 841 1403 893 plurimos:
1437 842 1527 880 sunt
1546 843 1653 881 enim
1675 857 1766 896 per-

373 907 494 945 multi
525 907 670 959 optimi
702 907 790 952 viri,
821 907 890 958 qui
920 906 1155 944 valetudinis
1176 906 1288 944 causa
1307 907 1348 945 in
1369 906 1453 946 haec
1472 907 1559 945 loca
1578 909 1735 947 veniant
1751 928 1764 954 ς

372 984 556 1027 praterea
575 987 623 1011 ex
644 974 875 1025 municipiis
897 972 1120 1024 frequentes
1143 973 1339 1011 necessarii
1366 973 1464 1024 mei)
1494 974 1591 1026 quin
1613 988 1765 1019 omnes,

374 1053 468 1077 cum
491 1049 528 1076 te
549 1039 714 1077 summis
735 1038 917 1076 laudibus
938 1039 984 1076 ad
1006 1039 1147 1076 caelum
1168 1039 1411 1083 extulerunt,
1442 1038 1543 1076 mihi
1574 1041 1767 1078 continuo

373 1104 565 1142 maximas
587 1106 729 1157 gratias
750 1113 891 1156 agant:
920 1113 1063 1156 negant
1084 1104 1191 1141 enim
1212 1103 1249 1141 se
1269 1104 1462 1148 dubitare,
1486 1105 1582 1156 quin
1605 1114 1646 1143 tu
1668 1106 1766 1143 meis

373 1170 577 1223 praeceptis
598 1179 638 1208 et
657 1170 829 1208 consiliis
846 1170 1135 1222 obtemperans,
1154 1169 1508 1221 praestantiffimum
1526 1180 1563 1207 te
1583 1171 1712 1209 civem
1728 1180 1767 1209 et

374 1235 610 1287 singularem
628 1235 843 1273 Consulem
860 1235 1044 1288 praebeas.
1069 1235 1228 1286 Qibus
1245 1248 1317 1286 ego
1334 1249 1560 1287 quanquam
1576 1236 1767 1274 veriffime

373 1301 528 1354 poffum
549 1301 792 1353 respondere,
816 1311 867 1346 te,
885 1315 972 1354 quae
992 1300 1125 1346 facias,
1144 1310 1213 1339 tuo
1228 1301 1384 1352 judicio
1404 1311 1442 1339 et
1464 1311 1529 1339 tua
1549 1301 1685 1353 sponte
1707 1301 1767 1339 fa-

374 1380 476 1412 cere,
508 1380 580 1405 nec
601 1366 833 1419 cujusquam
853 1379 964 1418 egere
985 1366 1148 1404 confilio
1164 1384 1176 1410 ς
1209 1375 1340 1404 tamen
1365 1379 1490 1418 neque
1511 1367 1626 1418 plane
1646 1367 1768 1404 affen-

374 1432 466 1478 tior,
485 1446 534 1471 ne
554 1433 792 1471 imminuam
813 1442 919 1470 tuam
942 1431 1114 1476 laudem,
1132 1431 1158 1469 fi
1179 1431 1309 1469 omnis
1331 1445 1351 1469 a
1367 1432 1465 1470 meis
1486 1432 1658 1470 confiliis
1674 1447 1768 1485 pro·

375 1497 476 1543 festa
495 1498 700 1543 videatur;
733 1511 860 1550 neque
891 1498 1001 1536 valde
1033 1511 1148 1549 nego,
1197 1499 1291 1536 Sum
1320 1499 1428 1535 enim
1455 1498 1604 1536 avidior
1633 1499 1767 1543 etiarn,

376 1576 497 1616 quam
530 1563 618 1601 satis
650 1562 718 1607 est,
749 1563 898 1614 gloriae.
946 1563 1000 1600 Et
1027 1571 1158 1600 tamen
1179 1575 1258 1600 non
1279 1562 1453 1600 alienum
1475 1563 1666 1614 dignitate
1687 1573 1767 1608 tua,

377 1627 485 1680 quod
520 1627 590 1680 ipsi
623 1627 931 1679 Agamemnoni,
964 1640 1101 1678 regum
1134 1628 1231 1678 regi,
1263 1625 1341 1664 fuit
1372 1626 1596 1672 honestum,
1628 1627 1770 1666 habere

377 1693 551 1745 aliquem
572 1693 613 1730 in
635 1692 806 1730 consiliis
827 1692 1026 1745 capiendis
1049 1692 1278 1736 Nestorem;
1303 1691 1404 1730 mihi
1425 1706 1515 1730 vero
1535 1692 1766 1744 gloriosum,

377 1767 415 1797 te
439 1760 628 1810 juvenem
658 1758 873 1796 Consulem
905 1758 1039 1796 florere
1060 1758 1258 1803 laudibus,
1289 1759 1393 1810 quasi
1419 1758 1626 1796 alumnum
1648 1758 1766 1797 disci-

377 1824 496 1877 plinae
518 1837 629 1862 meae.
672 1824 720 1862 L.
744 1823 906 1876 quidem
929 1823 1068 1868 Caesar,
1100 1837 1192 1861 cum
1214 1823 1260 1860 ad
1280 1837 1372 1861 eum
1393 1833 1585 1875 aegrotum
1606 1824 1768 1876 Neapo-

375 1890 450 1929 lim
471 1890 670 1936 veniffem,
702 1903 928 1943 quanquam
957 1899 1037 1928 erat
1061 1889 1259 1942 oppressus
1282 1890 1403 1928 totius
1424 1891 1598 1942 corporis
1620 1890 1770 1928 dolori-

378 1956 468 2002 bus,
500 1966 630 1994 tamen
658 1966 762 2001 ante,
793 1970 913 2008 quam
935 1970 998 1994 me
1017 1957 1133 2009 plane
1153 1956 1346 2001 salutavit,
1379 1957 1416 1994 O
1438 1957 1495 1993 mi
1517 1957 1672 2000 Cicero,
1704 1956 1768 1993 in-

377 2022 483 2075 quit,
505 2022 682 2074 gratulor
703 2022 792 2067 tibi,
814 2035 907 2061 cum
929 2031 1084 2060 tantum
1106 2022 1207 2060 vales
1227 2022 1330 2074 apud
1352 2021 1619 2067 Dolabellam,
1642 2035 1768 2074 quan—

379 2096 467 2126 tum
488 2087 513 2125 fi
534 2101 608 2139 ego
627 2088 730 2139 apud
750 2087 889 2126 sororis
911 2088 1041 2127 filium
1057 2088 1335 2140 valerem,jam
1358 2087 1448 2125 salvi
1469 2087 1540 2125 esse
1557 2087 1767 2139 possemus.

378 2151 600 2191 Dolabellae
620 2165 711 2189 vero
732 2161 801 2190 tuo
820 2162 858 2190 et
878 2153 1068 2205 gratulor,
1099 2163 1138 2190 et
1157 2153 1297 2204 gratias
1318 2165 1391 2203 ago
1409 2167 1418 2189 :
1451 2165 1570 2202 quem
1591 2151 1768 2201 quidem,

378 2217 463 2270 post
485 2228 521 2255 te
543 2217 772 2264 Consulem,
790 2219 918 2257 solum
939 2218 1139 2272 poffumus
1155 2232 1242 2257 vere
1259 2216 1472 2255 Consulem
1494 2216 1634 2254 dicere.
1664 2217 1768 2254 Dein

378 2283 507 2321 multa
526 2283 573 2321 de
593 2282 710 2329 facto,
732 2297 776 2322 ac
797 2284 844 2322 de
865 2299 903 2322 re
923 2285 1053 2337 gesta:
1079 2295 1164 2322 tum
1186 2283 1288 2320 nihil
1310 2281 1644 2334 magnificentius,
1668 2281 1769 2320 nihil

379 2347 601 2400 praeclarius
622 2350 752 2386 ac‘tum
774 2363 963 2401 unquam,
995 2349 1097 2387 nihil
1122 2348 1370 2401 Reipublicae
1390 2347 1592 2385 salutarius
1612 2363 1620 2385 :
1653 2356 1770 2400 atque

378 2412 463 2451 haec
484 2426 561 2450 una
579 2426 654 2451 vox
675 2415 858 2453 omnium
879 2415 946 2454 est.
979 2416 1016 2453 A
1039 2425 1075 2453 te
1094 2424 1225 2453 autem
1246 2422 1352 2467 peto,
1379 2414 1438 2452 uti
1459 2426 1522 2451 me
1542 2412 1643 2451 hanc
1665 2413 1769 2464 quafi

379 2477 515 2517 falsam
536 2476 793 2519 hereditatem
824 2481 958 2520 alienoe
987 2481 1122 2533 gloriae
1153 2481 1248 2520 sinas
1275 2493 1446 2526 cernere,
1477 2491 1619 2531 meque
1639 2478 1771 2531 aliqua
