2243 3008
544 264 650 302 AD
711 261 1143 301 ATTICUM
1207 262 1492 303 L1B.xv.
1632 277 1715 321 445

326 361 468 414 probo.
514 360 634 399 Nihil
665 373 769 397 erarn
799 358 1011 412 suspicatus
1041 359 1089 396 de
1113 359 1288 398 tabulis:
1318 359 1477 413 ἀκεραίως
1495 363 1712 404 restitutam

324 427 554 466 arbitrabar.
587 427 688 477 Qae
708 424 856 470 differs,
883 434 926 462 ut
947 439 1104 463 mecum
1125 439 1272 471 coram,
1303 428 1528 479 expectabo.
1560 431 1711 468 Tabel-

326 493 457 537 latios,
489 491 617 543 quoad
651 491 772 536 voles,
805 490 982 529 tenebis:
1022 504 1062 528 es
1096 490 1203 529 enim
1235 501 1465 545 occupatus.
1512 495 1631 546 Qod
1665 497 1711 533 ad

326 559 549 601 Xenonem,
579 555 716 608 probe.
749 555 870 608 Qod
891 555 1032 600 scribo,
1053 569 1146 594 curn
1165 555 1378 596 absolvero.
1412 559 1567 610 Qinto
1587 560 1710 612 scrip-

325 622 415 667 fisti,
449 631 485 660 te
506 621 551 659 ad
572 634 664 659 eum
685 620 842 659 literas:
875 634 992 659 nemo
1012 620 1207 659 attulerat.
1253 623 1353 660 Tiro
1383 632 1497 675 negat
1520 625 1604 675 jam
1635 626 1710 663 tibi

323 687 476 739 placere
506 685 785 731 Brundufium,
817 695 855 723 et
885 685 1047 737 quidem
1077 686 1204 723 dicere
1233 686 1382 738 aliquid
1410 687 1457 724 de
1482 688 1708 727 militibus:

322 762 361 790 at
392 766 466 804 ego
491 753 575 803 jam
609 750 853 796 destinaram,
885 751 1141 803 Hydruntem
1175 751 1350 803 quidem.
1397 753 1616 792 Movebant
1647 769 1711 793 me

326 827 401 856 tuae
422 819 599 870 quinque
619 815 723 854 horae
743 832 751 855 :
784 816 850 855 hic
871 825 1002 855 autem
1023 825 1192 870 quantus
1224 814 1314 856 πλεῖς
1333 819 1345 855 ?
1377 818 1440 856 sed
1469 819 1706 859 videbimus.

325 883 468 922 Nullas
490 896 511 920 a
530 892 567 919 te
590 894 636 919 XI
660 882 750 920 Kal.
773 883 948 935 quippe;
980 883 1076 934 quid
1107 883 1214 920 enim
1229 883 1313 934 jam
1334 884 1424 922 novi
1444 885 1456 921 ?
1489 885 1595 923 Cum
1624 886 1708 937 pri-

322 961 435 986 mum
466 949 589 1000 igitur
619 948 781 999 poteris,
812 949 958 987 venies.
1005 949 1094 1001 Ego
1125 961 1308 1001 proper0,
1338 963 1387 989 ne
1418 958 1506 989 ante
1538 951 1709 997 Sextus3

323 1027 444 1065 quern
463 1013 668 1055 adventare
687 1013 812 1053 aiunt.

660 1216 902 1254 ClcERo
943 1217 1199 1255 ATTrco
1241 1216 1372 1256 SAL.

321 1343 460 1381 XXII.
487 1341 561 1414 G
577 1344 701 1382 RAT
715 1344 888 1382 ULOR
919 1343 1033 1382 nobis
1054 1344 1256 1395 Qintum
1277 1345 1406 1383 filium
1427 1345 1556 1384 exiisse
1575 1362 1583 1385 :
1616 1362 1705 1386 mo-

593 1408 709 1446 lestus
730 1421 809 1446 non
830 1408 919 1446 erit.
952 1407 1114 1445 Pansa'm
1136 1408 1234 1445 bene
1254 1408 1365 1461 loqui
1386 1410 1526 1455 credo;
1559 1411 1708 1464 semper

321 1473 428 1512 enim
448 1474 708 1526 conjunctum
728 1473 800 1511 effe
820 1486 913 1511 cum
934 1473 1072 1511 Hirtio
1093 1472 1171 1510 scio
1190 1488 1198 1511 :
1230 1473 1506 1513 amiciffimurn
1528 1476 1649 1514 Bruto
1669 1487 1709 1514 et

323 1538 450 1576 Caffio
470 1547 584 1590 puto,
614 1538 641 1575 fi
671 1537 851 1589 expediet
867 1555 880 1581 3
913 1537 975 1574 sed
995 1537 1151 1588 quando
1173 1537 1262 1574 illos
1284 1538 1432 1576 videbit
1451 1540 1464 1576 ?
1495 1540 1708 1579 inimicum

321 1605 528 1648 Antoni03
561 1602 733 1656 quando,
764 1611 830 1639 aut
857 1603 958 1640 cur?
990 1603 1192 1654 quousque
1220 1602 1435 1642 ludernur?
1467 1605 1555 1657 Ego
1575 1616 1706 1644 autem

322 1669 451 1722 scripfi
475 1670 637 1706 Sextum
658 1669 876 1713 adventare,
909 1681 986 1706 non
1008 1681 1087 1719 quo
1102 1669 1185 1720 jam
1206 1668 1359 1713 adesset,
1390 1669 1453 1706 sed
1483 1671 1575 1722 quia
1603 1681 1706 1710 certe

321 1735 361 1773 id
382 1744 526 1787 ageret,
558 1734 605 1772 ab
626 1734 819 1786 armisque
840 1734 973 1771 nullus
994 1733 1219 1772 discederet.
1253 1734 1383 1779 Certe,
1406 1735 1431 1772 fi
1453 1736 1595 1787 pergit,
1618 1736 1704 1774 bel-

318 1800 406 1838 lum
427 1809 605 1852 paratum
637 1799 703 1837 est.
749 1799 830 1836 Hic
851 1808 982 1836 autem
1003 1798 1129 1836 noster
1150 1798 1378 1850 CytheriuS‚
1409 1800 1479 1838 nifi
1500 1801 1702 1848 vietorem‚

319 1866 521 1908 nerninem
544 1865 754 1903 victurum.
801 1864 912 1916 Qid
941 1865 987 1902 ad
1017 1863 1100 1903 haec
1133 1865 1284 1903 Pansa?
1315 1878 1408 1903 cum
1441 1875 1528 1904 utro
1557 1867 1644 1912 erit,
1676 1868 1703 1905 fi

321 1931 472 1970 bellum
493 1931 598 1969 erit?
631 1931 737 1983 quod
765 1930 920 1968 videtur
951 1930 1048 1968 fore.
1096 1930 1170 1968 Sed
1197 1940 1235 1970 et
1264 1929 1346 1970 haec
1373 1940 1411 1970 et
1440 1932 1513 1970 alia
1541 1945 1705 1973 coram;

317 1995 437 2035 hodie
457 1996 634 2051 quidem,
667 2005 710 2035 ut
730 1995 882 2042 scribis,
913 2005 978 2034 aut
999 2008 1095 2035 cras.

655 2199 896 2237 Cxcnno
937 2200 1192 2237 ATTICO
1234 2198 1363 2237 SAL.

320 2326 479 2365 XXIII.
504 2326 894 2398 MIRIFICE
932 2336 1130 2379 torqueor,
1168 2326 1245 2363 fine
1277 2325 1410 2364 dolore
1441 2335 1599 2366 tamen:
1639 2328 1701 2367 sed

625 2393 821 2443 permulta
860 2392 961 2431 mihi
1001 2393 1047 2429 de
1086 2391 1214 2430 nostro
1248 2392 1387 2430 itinere
1421 2393 1462 2431 in
1496 2403 1702 2446 utramque

317 2466 468 2511 partem
489 2467 714 2495 occurrunt.
749 2458 964 2511 Qousque
984 2459 996 2495 ?
1019 2458 1188 2510 inquies.
1222 2458 1362 2509 Qoad
1383 2459 1455 2496 erit
1476 2459 1697 2511 integrum:

311 2523 390 2562 erit
424 2531 555 2562 autem
590 2521 710 2575 usque
744 2522 842 2562 dum
875 2524 923 2562 ad
956 2537 1108 2563 navem.
1161 2524 1280 2563 Pansa
1313 2524 1340 2563 fi
1374 2523 1621 2578 rescripserit,
1662 2534 1700 2566 ex
