2243 3008
531 292 637 330 AD
695 290 1460 332 ATTICUML113.1V.
1638 310 1688 346 90

304 389 455 427 causam
476 402 582 434 areae,
615 388 904 434 incendiorum,
926 388 1090 441 periculi
1113 389 1205 434 mei,
1231 388 1385 442 judicio
1406 393 1686 444 complectere-

305 464 381 499 tur,
404 468 523 506 eaque
543 455 676 492 omnia
695 455 869 492 comitiis
890 454 1096 492 anteferret
1115 469 1123 492 :
1148 455 1383 508 proscripsit,
1408 457 1441 494 se
1462 471 1529 509 per
1549 472 1683 496 omnes

303 519 383 557 dies
417 520 634 558 comitiales
669 520 716 557 de
750 521 845 558 caelo
879 519 1133 559 servaturum.
1192 522 1412 560 Conciones
1450 523 1683 560 turbulentae

302 585 475 630 Metelli,
510 585 719 624 temerariae
755 586 892 638 Appii,
924 585 1176 623 furiofiffimae
1213 586 1360 625 Publii.
1419 588 1517 625 Haec
1552 597 1681 625 tamen

301 649 478 695 summa;
513 651 581 688 nisi
612 650 718 689 Milo
748 651 787 688 in
818 664 1004 703 campum
1035 650 1310 696 obnuntiaffet,
1342 653 1502 690 comitia
1534 652 1678 690 futura.

300 716 405 752 Ante
425 715 531 752 diem
555 728 620 753 xt1
645 715 735 753 Kal.
761 716 953 754 Decemb.
986 715 1092 753 Milo
1114 715 1240 754 media
1271 719 1383 755 noete
1404 731 1543 770 magna
1563 732 1680 756 manu

298 778 338 816 in
360 792 546 831 campum
566 780 686 817 venit.
732 780 912 824 Clodius,
944 793 1036 818 cum
1057 779 1216 818 haberet
1236 780 1496 833 fugitivorum
1517 782 1681 820 delectas

299 845 445 896 copias,
465 845 502 882 in
524 857 710 897 campum
733 845 786 882 ire
807 859 884 883 non
906 845 958 883 est
979 845 1104 883 ausus.
1138 845 1244 883 Milo
1264 848 1471 898 permanfit
1492 847 1537 885 ad
1559 849 1677 885 meri-

298 909 404 947 diem
425 909 590 948 mirifica
611 909 821 948 hominum
844 911 991 955 laetitia,
1010 911 1160 949 summa
1181 924 1273 949 cum
1293 912 1430 964 gloria.
1465 913 1680 951 Contentio

298 973 464 1012 fratrum
486 976 605 1012 trium
629 977 768 1028 turpis,
800 975 917 1013 fracta
937 976 1009 1020 vis,
1041 985 1292 1028 contemptus
1320 976 1442 1015 furor.
1487 978 1678 1016 Metellus

296 1049 427 1078 tamen
449 1040 630 1092 postulat,
664 1051 705 1078 ut
728 1041 796 1078 fibi
817 1040 968 1093 postero
991 1041 1053 1078 die
1074 1042 1114 1079 in
1144 1041 1230 1079 foro
1258 1043 1543 1081 obnuntietur:
1576 1044 1678 1082 nihil

296 1104 368 1143 effe
387 1105 494 1157 quod
514 1106 554 1142 in
576 1118 761 1157 campum
782 1107 895 1144 nocte
914 1107 1138 1152 veniretur;
1171 1107 1206 1144 se
1226 1106 1320 1145 hora
1339 1109 1466 1160 prima
1486 1109 1523 1146 in
1547 1110 1676 1147 comi-

295 1170 352 1207 tio
372 1169 469 1207 fore.
516 1170 653 1222 Itaque
682 1179 770 1208 ante
796 1170 902 1207 diem
930 1184 975 1208 XI
1007 1171 1173 1209 Kalend.
1206 1172 1245 1209 in
1273 1173 1483 1211 comitium
1505 1174 1610 1212 Milo
1631 1176 1678 1213 de

295 1236 407 1273 nocte
427 1234 547 1273 venit.
599 1235 789 1273 Metellus
810 1248 903 1273 cum
924 1236 1051 1287 prima
1070 1236 1158 1273 luce
1177 1235 1317 1274 furtim
1339 1239 1379 1275 in
1401 1251 1586 1291 campum
1607 1240 1676 1277 iti-

294 1299 452 1338 neribus
473 1314 594 1353 prope
614 1300 735 1339 deviis
757 1301 960 1339 currebat:
988 1300 1198 1354 affequitur
1217 1302 1320 1340 inter
1339 1303 1449 1341 lucos
1471 1303 1676 1343 hominem

294 1364 428 1410 Milo;
460 1365 697 1404 obnuntiat:
729 1365 798 1404 ille
827 1365 862 1404 se
891 1366 1052 1418 recepit,
1084 1379 1227 1418 magno
1255 1376 1294 1404 et
1323 1369 1429 1420 turpi
1459 1370 1676 1420 QFlacci

292 1431 486 1469 convicio.
534 1432 638 1469 Ante
667 1431 772 1469 diem
801 1445 827 1468 x
860 1431 948 1470 Kal.
981 1431 1181 1470 nundinae.
1228 1433 1381 1471 Concio
1409 1434 1530 1472 biduo
1552 1435 1672 1474 nulla.

292 1496 398 1534 Ante
429 1496 534 1534 diem
571 1510 655 1534 V111
691 1497 781 1535 Kal.
815 1495 899 1535 haec
930 1511 1002 1548 ego
1034 1497 1249 1536 scribebam
1280 1497 1374 1536 hora
1404 1500 1529 1538 noctis
1558 1514 1671 1540 nona.

290 1561 397 1599 Milo
416 1575 602 1613 campum
616 1563 701 1613 jam
722 1562 892 1600 tenebat.
924 1562 1139 1601 Marcellus
1160 1563 1387 1602 candidatus
1409 1565 1462 1602 ita
1477 1565 1672 1612 stertebat,

291 1635 336 1663 ut
355 1639 428 1678 ego
448 1626 600 1664 vicinus
621 1626 809 1665 audirem.
858 1627 991 1665 Clodii
1022 1627 1259 1666 vestibulum
1278 1642 1446 1667 vacuum
1468 1630 1553 1668 sane
1573 1631 1675 1670 mihi

291 1691 570 1730 nuntiabatur:
602 1691 717 1744 pauci
737 1692 894 1745 pannosi
925 1693 1002 1730 fine
1022 1692 1180 1731 laterna.
1227 1694 1324 1732 Meo
1355 1695 1517 1733 consilio
1542 1697 1677 1735 omnia

290 1756 351 1794 illi
372 1756 455 1794 fieri
476 1757 753 1809 querebantur,
775 1759 898 1810 ignari
921 1768 1114 1810 quantum
1136 1760 1176 1797 in
1198 1759 1268 1797 illo
1288 1759 1405 1798 heroe
1424 1761 1514 1799 effet
1533 1763 1671 1808 animi,

289 1831 482 1875 quantum
514 1823 633 1861 etiam
664 1823 830 1862 confilii.
877 1823 1061 1861 Miranda
1087 1825 1209 1862 virtus
1240 1824 1306 1863 est.
1353 1826 1469 1864 Nova
1495 1827 1673 1879 quaedam

289 1886 421 1925 divina
441 1888 558 1926 mitto
577 1903 586 1926 :
619 1887 682 1926 sed
702 1887 785 1927 haec
807 1888 958 1926 summa
977 1888 1043 1928 est.
1078 1889 1253 1927 Comitia
1272 1888 1355 1928 fore
1376 1904 1453 1928 non
1475 1892 1668 1932 arbitror:

289 1966 400 1990 reum
422 1952 627 1999 Publium,
659 1953 729 1992 nis1
750 1963 838 1992 ante
858 1953 1007 1992 occisus
1029 1956 1116 1999 erit,
1148 1953 1231 1993 fore
1257 1968 1277 1992 a
1303 1955 1459 1993 Milone
1486 1966 1610 2009 puto:
1645 1958 1671 1996 fi

290 2017 326 2055 se
346 2017 447 2055 inter
466 2019 569 2056 viam
590 2019 794 2064 obtulerit,
817 2019 990 2057 occisum
1012 2020 1058 2057 iri
1081 2020 1127 2057 ab
1148 2020 1232 2072 ipso
1253 2020 1410 2059 Milone
1430 2021 1566 2061 video:
1591 2036 1670 2062 non

289 2082 444 2121 dubitat
475 2083 626 2129 facere3
660 2099 736 2138 prae
758 2085 794 2123 se
813 2084 917 2130 fert;
949 2085 1079 2123 casum
1107 2086 1222 2124 illum
1251 2086 1426 2125 nostrum
1456 2101 1533 2126 non
1566 2090 1670 2127 exti-

288 2148 450 2188 mescit:
475 2163 678 2202 nunquam
698 2151 805 2189 enim
826 2151 1054 2203 cujusquam
1077 2151 1199 2189 invidi
1221 2161 1258 2189 et
1279 2152 1416 2204 perfidi
1437 2154 1599 2192 confilio
1618 2154 1671 2192 est

289 2212 406 2259 usus;
439 2228 510 2252 nec
531 2215 648 2253 inerti
669 2215 794 2254 nobili
816 2216 1047 2254 crediturus.
1093 2217 1178 2254 Nos
1199 2217 1331 2254 animo
1352 2217 1538 2256 duntaxat
1558 2219 1668 2271 vige-

289 2290 405 2323 mus;
436 2280 554 2318 etiam
575 2281 698 2333 magis
721 2295 838 2334 quam
860 2295 951 2319 cum
981 2281 1240 2319 florebamus:
1276 2295 1312 2318 re
1345 2281 1527 2320 familiari
1555 2296 1668 2322 com-

289 2342 435 2381 minuti
457 2344 616 2391 sumus;
649 2347 794 2398 Qinti
815 2345 943 2384 fratris
966 2356 1093 2384 tamen
1117 2346 1340 2384 liberalitati
1370 2361 1440 2399 pro
1466 2347 1667 2387 facultati-

289 2407 363 2445 bus
384 2408 536 2454 nostris,
559 2424 606 2448 ne
625 2411 789 2450 omnino
808 2411 1014 2450 exhaustus
1035 2412 1139 2457 effet,
1167 2412 1237 2450 illo
1258 2412 1468 2457 recusante,
1493 2413 1667 2453 subsidiis

289 2472 507 2511 amicorum
535 2474 823 2526 respondemus.
870 2477 979 2529 Qid
1009 2477 1161 2515 confilii
1194 2477 1239 2514 de
1269 2478 1379 2515 omni
1413 2478 1539 2516 nostro
1571 2478 1668 2516 statu

289 2537 502 2590 capiamus,
534 2547 571 2576 te
591 2538 745 2577 absente
768 2540 974 2580 nescimus.
1008 2542 1137 2592 Qare
1157 2554 1382 2593 appropera.

1274 2605 1313 2642 N
1347 2617 1366 2642 2
