2243 3008
494 318 601 356 AD
660 315 1093 354 ATTICUM
1162 316 1450 356 LIB.VII.
1597 332 1669 371 175

279 427 425 463 autem,
462 417 571 455 nulla
599 430 662 455 me
691 415 886 468 cupiditas
909 429 1085 468 unquam
1107 417 1234 454 tenuit
1261 427 1348 455 ante
1371 419 1505 456 Bibuli
1536 419 1670 471 impu-

277 482 514 521 dentissimas
536 482 681 526 literas,
700 494 794 532 quas
816 481 1049 533 amplissime
1070 481 1304 534 supplicatio
1325 483 1531 521 consecuta
1551 484 1627 521 est:
1652 498 1673 521 a

279 561 360 600 quo
389 547 415 585 fi
444 560 487 585 ea
515 546 617 599 gesta
646 546 749 591 sunt,
781 560 867 599 quae
889 546 1052 599 scripsit,
1084 547 1310 599 gauderem,
1342 558 1380 586 et
1401 547 1543 586 honori
1564 548 1670 587 fave-

279 625 377 650 rem.
411 612 533 650 Nunc
554 611 686 656 illum,
716 612 786 663 qui
807 611 946 663 pedem
967 620 1093 663 porta,
1115 611 1245 662 quoad
1265 611 1385 650 hostis
1408 613 1464 650 cis
1487 613 1672 665 Euphra-

276 687 360 715 tem
380 675 474 722 fuit,
507 690 585 715 non
606 676 808 722 extulerit,
838 675 988 714 honore
1008 677 1163 729 augeri;
1197 690 1276 722 me,
1299 678 1340 715 in
1362 679 1475 730 cujus
1496 680 1673 717 exercitu

277 741 388 795 spem
420 742 530 780 illius
564 742 759 780 exercitus
793 741 955 787 habuit,
979 741 1086 780 idem
1118 755 1198 780 non
1231 742 1390 795 assequi,
1421 743 1588 782 dedecus
1621 745 1674 782 est

280 807 486 852 nostrum;
517 807 710 852 nostrum,
740 807 919 859 inquam,
941 816 980 845 te
999 808 1260 859 conjungens.
1294 809 1430 861 Itaque
1450 810 1584 847 omnia
1602 823 1673 847 ex-

282 874 434 925 periar3
466 882 519 918 et,
551 882 596 910 ut
616 872 739 925 spero,
770 872 954 925 assequar.
1001 872 1123 924 Qod
1151 872 1178 910 si
1211 882 1254 910 tu
1281 873 1440 919 valeres,
1467 876 1550 927 jam
1572 874 1672 913 mihi

276 938 456 990 quaedam
477 938 676 991 explorata
695 938 834 976 effent:
859 937 936 983 sed,
955 946 999 976 ut
1019 937 1146 990 spero,
1159 939 1321 977 valebis.
1354 940 1417 977 De
1436 940 1671 979 raudusculo

283 1004 532 1042 Numeriano
564 1003 741 1042 multum
777 1013 814 1041 te
848 1017 953 1042 amo.
999 995 1234 1042 Hortensius
1269 1005 1366 1056 quid
1400 1007 1538 1058 egerit,
1581 1020 1674 1044 aveo

281 1069 378 1107 scire
393 1088 406 1114 5
440 1070 540 1106 Cato
560 1068 658 1120 quid
677 1078 764 1120 agat
783 1084 792 1107 ι
825 1070 895 1122 qui
915 1068 1078 1121 quidem
1109 1070 1151 1107 in
1178 1083 1242 1107 me
1262 1071 1430 1122 turpiter
1450 1070 1528 1109 fuit
1548 1072 1673 1110 male-

281 1133 423 1171 volus:
456 1132 564 1170 dedit
583 1133 837 1184 integritatis,
863 1133 1039 1185 justitiae,
1071 1133 1305 1179 clementiae,
1337 1135 1444 1180 fidei,
1472 1136 1575 1174 mihi
1597 1137 1673 1175 tes-

282 1198 514 1242 timonium,
545 1196 654 1249 quod
681 1210 761 1235 non
789 1198 1011 1249 quaerebam
1027 1216 1040 1243 3
1072 1198 1180 1250 quod
1209 1199 1469 1250 postulabam,
1501 1203 1672 1254 negavit.

281 1265 420 1317 Itaque
442 1263 568 1302 Caesar
588 1263 636 1301 iis
657 1262 797 1308 literis,
819 1263 965 1316 quibus
986 1262 1090 1302 mibi
1109 1265 1342 1316 gratulatur,
1371 1274 1410 1303 et
1431 1268 1564 1305 omnia
1584 1268 1675 1320 pol-

279 1329 438 1375 licetur,
470 1342 551 1381 quo
570 1328 692 1367 modo
710 1328 863 1368 exultat
884 1329 1047 1368 Catonis
1068 1330 1110 1367 in
1130 1343 1194 1367 me
1220 1330 1469 1382 ingratiffimi
1499 1333 1641 1385 injuria
1660 1335 1673 1371 ?

280 1397 338 1434 At
356 1395 426 1434 hic
447 1395 554 1434 idem
585 1394 733 1434 Bibulo
765 1395 920 1433 dierum
950 1409 1027 1434 xx.
1069 1396 1237 1448 Ignosce
1266 1396 1383 1441 mihi,
1414 1411 1495 1435 non
1522 1398 1676 1450 poffum

279 1461 366 1500 haec
385 1461 502 1507 ferre,
520 1474 592 1500 nec
611 1460 751 1500 feram.
776 1462 908 1514 Cupio
927 1461 975 1499 ad
995 1475 1132 1500 omnes
1153 1471 1238 1500 tuas
1259 1462 1438 1514 epistolas
1453 1482 1464 1508 3
1488 1463 1550 1501 sed
1574 1463 1676 1502 nihil

283 1527 430 1565 necesse
449 1526 504 1564 est
522 1542 530 1564 :
558 1523 642 1578 jam
661 1527 770 1565 enim
791 1536 829 1564 te
849 1526 1006 1565 videbo.
1053 1527 1160 1565 Illud
1185 1536 1322 1565 tamen
1352 1528 1402 1565 de
1424 1528 1644 1582 Chrysippo
1662 1549 1673 1574 ς

281 1605 374 1630 nam
395 1591 442 1629 de
461 1592 583 1629 altero
603 1591 676 1629 illo
695 1592 828 1629 minus
849 1591 939 1630 sum
956 1591 1184 1637 admiratus,
1205 1594 1383 1645 operario
1401 1592 1588 1632 homine:
1613 1594 1676 1632 sed

283 1668 414 1696 tamen
435 1670 484 1695 ne
505 1656 577 1694 illo
596 1657 758 1709 quidem
779 1656 999 1709 quidquam
1018 1657 1256 1709 improbius.
1281 1659 1547 1711 Chryfippum
1569 1673 1674 1704 vero,

283 1737 407 1775 quem
426 1736 500 1775 ego
519 1732 680 1775 propter
699 1723 947 1761 literularum
967 1723 1097 1761 nescio
1109 1723 1214 1775 quid
1234 1724 1404 1762 libenter
1423 1725 1520 1770 vidi,
1538 1725 1577 1763 in
1597 1725 1675 1763 ho-

282 1802 378 1827 nore
398 1787 536 1832 habui,
567 1788 762 1826 discedere
792 1802 813 1826 a
843 1802 981 1841 puero,
1012 1788 1202 1827 insciente
1221 1791 1318 1827 me?
1346 1789 1478 1828 Mitto
1497 1791 1571 1829 alia
1590 1805 1677 1843 quae

282 1854 399 1893 audio
417 1853 569 1892 multa:
601 1854 722 1892 mitto
741 1853 871 1892 furta:
895 1852 1032 1906 fugam
1051 1867 1132 1892 non
1153 1853 1250 1899 fero,
1273 1868 1351 1907 qua
1368 1855 1471 1893 mihi
1492 1855 1594 1894 nihil
1616 1857 1676 1895 vi-

284 1920 371 1958 sum
391 1919 444 1958 est
464 1919 700 1958 sceleratius.
747 1921 886 1973 Itaque
916 1919 1098 1972 usurpavi
1125 1929 1236 1958 vetus
1263 1920 1365 1958 illud
1386 1921 1518 1967 Drufi,
1551 1932 1595 1959 ut
1615 1921 1675 1960 fe-

285 1995 392 2031 runt,
425 1985 604 2024 Praetoris
625 1987 667 2024 in
688 1999 748 2031 eo,
770 1986 841 2038 qui
861 1985 995 2024 eadem
1016 1985 1118 2026 liber
1137 1999 1217 2024 non
1233 1987 1404 2038 juraret;
1428 2001 1492 2025 me
1511 1987 1601 2025 istos
1623 1988 1675 2025 li-

284 2052 397 2090 beros
420 2065 499 2089 non
518 2051 732 2097 addixiffe;
765 2051 977 2104 praesertim
999 2065 1093 2090 cum
1113 2052 1253 2090 adeffet
1271 2066 1406 2099 nemo,
1436 2067 1458 2091 a
1477 2067 1557 2106 quo
1579 2055 1679 2092 reete

286 2118 590 2156 vindicarentur.
625 2117 673 2156 Id
690 2128 750 2163 tu,
773 2127 818 2156 ut
838 2118 1051 2163 videbitur,
1074 2119 1128 2157 ita
1147 2119 1342 2171 accipies:
1365 2133 1438 2172 ego
1459 2120 1534 2157 tibi
1554 2119 1676 2157 assen-

287 2184 373 2222 tiar.
416 2184 499 2221 Uni
520 2193 596 2222 tuae
615 2183 870 2222 disertiffimae
887 2184 1058 2237 epistolae
1079 2197 1158 2223 non
1181 2184 1367 2237 rescripfi,
1399 2185 1440 2222 in
1461 2198 1538 2237 qua
1557 2184 1610 2222 est
1631 2184 1678 2222 de

289 2248 474 2300 periculis
498 2249 764 2301 Reipublicae.
812 2249 923 2301 Quid
952 2249 1203 2288 rescriberem
1222 2251 1250 2286 Ρ.
1266 2249 1378 2287 valde
1396 2263 1499 2287 eram
1520 2258 1676 2302 pertur-

288 2313 401 2350 batus
419 2328 433 2351 ·.
449 2313 539 2359 ³sed,
563 2324 615 2352 *ut
635 2313 738 2352 nihil
759 2328 997 2368 magnopere
1023 2324 1214 2360 metuam,
1245 2313 1381 2353 Parthi
1410 2313 1578 2361 faciunt,
1608 2314 1678 2367 qui

291 2387 450 2430 repente
465 2379 660 2420 Bibulum
677 2381 912 2421 semivivum
933 2381 1192 2435 reliquerunt.
