2243 3008
553 305 660 342 AD
719 302 1148 341 ATTICUM
1216 303 1356 342 LIB.
1408 305 1480 342 VI.

1637 320 1707 359 153

326 403 547 449 civitatum,
578 403 625 441 de
655 416 725 440 aere
745 402 887 446 alieno,
917 401 964 439 de
985 401 1110 447 usura,
1142 401 1188 439 de
1210 402 1466 455 syngraphis3
1499 404 1537 441 in
1569 404 1705 443 codem

327 468 460 507 omnia
492 468 539 505 de
574 466 828 506 publicanis:
860 466 1042 512 alterum,
1073 466 1180 518 quod
1210 466 1286 504 fine
1319 467 1446 505 edicto
1473 467 1559 506 satis
1592 482 1703 506 com-

328 534 443 571 mode
473 534 629 586 transigi
662 546 742 571 non
776 532 914 585 potest,
946 532 992 570 de
1026 532 1287 570 hereditatum
1322 533 1628 585 poffessionibus,
1661 535 1706 571 de

327 600 440 637 bonis
478 598 728 652 poffidendis‚
773 597 964 651 magistris
999 597 1202 642 faciendis,
1247 599 1489 644 vendendis3
1535 613 1620 651 quae
1660 613 1706 637 ex

326 665 452 703 edic'to
472 675 510 703 et
532 664 715 717 postulari
736 673 774 703 et
794 664 879 702 fieri
900 664 1037 702 solent.
1084 663 1268 701 Tertium
1300 664 1347 702 de
1368 664 1520 716 reliquo
1535 665 1624 717 jure
1645 664 1706 702 di-

326 730 457 768 cundo
486 726 637 779 ἄγραφον
667 729 823 782 reliqui.
870 729 968 767 Dixi
997 742 1060 767 me
1087 728 1133 766 de
1160 742 1205 766 eo
1224 742 1364 780 genere
1385 742 1470 767 mea
1490 730 1642 767 decreta
1662 729 1709 766 ad

325 795 450 833 edieta
471 795 616 833 urbana
635 794 1023 833 accommodatururn
1042 809 1051 832 ε
1086 794 1215 846 itaque
1236 807 1346 839 curo,
1367 803 1406 832 et
1427 794 1619 832 satisfacio
1639 794 1709 832 ad-

326 860 405 899 huc
427 861 628 899 omnibus.
663 861 793 899 Graeci
814 874 904 898 vero
924 860 1116 905 exultant,
1148 859 1254 912 quod
1274 860 1488 912 peregrinis
1504 861 1710 912 judicibus

327 935 508 964 utuntur.
548 925 822 977 Nugatoribus
843 924 1020 977 quidem,
1051 924 1221 977 inquies.
1267 925 1377 975 Qid
1398 925 1546 963 refert?
1579 934 1710 962 tamen

299 1026 306 1034 ,
327 991 363 1029 se
382 987 568 1039 αὐτονομίαν
587 991 745 1044 adeptos
767 999 921 1043 putant.
954 989 1080 1028 Vestri
1100 990 1222 1035 enim,
1240 989 1370 1035 credo,
1393 1004 1525 1042 graves
1547 990 1709 1034 habent,

327 1056 576 1108 Turpionem
599 1057 805 1101 sutorium,
836 1067 874 1094 et
896 1057 1077 1094 Vettium
1106 1056 1345 1108 mancipem.
1392 1057 1454 1094 De
1482 1057 1711 1094 Publicanis

327 1120 426 1172 quid
446 1133 572 1172 agam,
594 1120 735 1158 videris
757 1133 941 1172 quaerere.
974 1119 1114 1158 Habeo
1135 1120 1175 1157 in
1197 1119 1364 1164 deliciis,
1395 1120 1600 1173 obsequor,
1623 1133 1711 1158 ver-

328 1187 388 1224 bis
413 1186 544 1231 laudo,
575 1199 700 1231 orno,
732 1186 860 1223 efficio
892 1199 940 1223 ne
971 1186 1037 1223 cui
1069 1185 1221 1224 molesti
1251 1186 1338 1224 sint.
1385 1183 1428 1220 τὶ
1449 1180 1714 1234 παραιὲὶξόπιτον,

328 1252 459 1290 usuras
490 1265 641 1297 eorum,
672 1265 766 1304 quas
799 1251 1045 1304 paetionibus
1080 1250 1370 1303 adscripserant,
1402 1251 1562 1289 servavit
1593 1251 1714 1288 etiam

329 1316 529 1355 Servilius.
562 1317 650 1368 Ego
670 1316 746 1355 fic:
769 1316 875 1354 diem
896 1316 1020 1354 statuo
1040 1315 1127 1354 satis
1149 1316 1304 1362 laxam,
1337 1329 1456 1369 quam
1477 1325 1565 1353 ante
1586 1315 1611 1353 fi
1633 1315 1711 1353 sol-

327 1382 470 1427 verint,
491 1381 580 1420 dico
601 1394 664 1419 me
679 1379 903 1420 cenIefimas
925 1381 1158 1420 ducturum:
1182 1381 1207 1419 fi
1230 1395 1308 1420 non
1329 1381 1528 1426 solverint,
1550 1394 1597 1418 ex
1618 1393 1712 1432 pac-

328 1448 451 1487 tione.
485 1449 621 1499 Itaque
641 1456 679 1485 et
701 1448 831 1485 Graeci
851 1447 1008 1485 solvunt
1027 1447 1224 1485 tolerabili
1244 1446 1409 1492 foenore,
1426 1457 1464 1485 et
1485 1446 1713 1484 Publicanis

330 1527 388 1551 res
409 1512 462 1551 est
482 1512 705 1565 gratiffima.
749 1513 811 1550 Sic
832 1512 900 1550 illa
914 1513 997 1564 jam
1019 1511 1179 1557 habent,
1210 1512 1329 1565 pleno
1350 1512 1484 1550 modio
1505 1512 1715 1550 verborum

329 1577 538 1623 honorem,
569 1577 842 1615 invitationem
863 1577 1037 1615 crebram
1058 1592 1066 1615 :
1099 1577 1195 1630 quid
1217 1577 1359 1629 plura?
1392 1578 1481 1615 sunt
1505 1590 1641 1615 omnes
1662 1577 1717 1614 ita

330 1642 433 1682 mihi
454 1642 680 1687 familiares,
711 1651 756 1679 ut
776 1641 811 1679 se
831 1641 995 1694 quisque
1015 1642 1186 1679 maxime
1206 1651 1317 1693 putet
1337 1657 1345 1680 :
1378 1641 1440 1679 sed
1473 1650 1601 1679 tamen
1621 1632 1717 1689 μηθὲν

329 1707 436 1745 αὐτοῖς
453 1723 462 1746 :
495 1707 566 1745 scis
587 1707 749 1759 reliqua.
783 1707 844 1745 De
865 1706 985 1744 statua
1005 1705 1198 1751 Africani,
1233 1700 1277 1758 (ὦ
1293 1703 1512 1755 πραγμάτων
1531 1704 1714 1752 amm}-

329 1774 420 1812 ςωνέ
454 1773 516 1811 sed
542 1786 606 1810 me
637 1772 766 1825 ipsum
798 1772 1002 1810 delectavit
1032 1773 1072 1810 in
1105 1773 1182 1810 tuis
1212 1770 1355 1822 literis)
1379 1771 1453 1808 ain'
1476 1771 1550 1808 tu?
1583 1771 1717 1822 Scipio

330 1839 398 1878 hic
419 1838 610 1877 Metellus
639 1850 828 1890 proavum
849 1837 962 1875 suum
984 1837 1106 1875 nescit
1134 1837 1346 1876 Censorem
1374 1849 1451 1873 non
1480 1834 1623 1874 fuiffe?
1654 1845 1717 1875 at-

330 1906 401 1958 qui
422 1904 523 1943 nihil
550 1903 690 1941 habuit
710 1903 815 1941 aliud
845 1902 1078 1955 inscriptum
1100 1903 1169 1940 nisi
1192 1903 1302 1941 COS.
1335 1915 1377 1939 ea
1397 1901 1530 1946 statua,
1563 1915 1649 1954 quae
1669 1901 1717 1940 ad

333 1971 434 2024 Opis
466 1983 534 2024 per
563 1978 600 2007 te
631 1969 753 2021 pofita
783 1969 824 2006 in
856 1968 1008 2007 excelso
1039 1968 1106 2007 est.
1153 1970 1198 2006 In
1230 1967 1297 2006 illa
1327 1968 1439 2011 item,
1470 1980 1556 2018 quae
1585 1965 1638 2004 est
1669 1966 1716 2004 ad

332 2029 541 2075 Πολυὸεόκκς,
567 2034 729 2073 hercule
763 2035 996 2087 inscriptum
1031 2035 1083 2073 est
1119 2036 1150 2073 C
1154 2035 1229 2073 OS.
1268 2047 1387 2086 quam
1422 2032 1494 2070 effe
1526 2032 1714 2084 ejusdem,

332 2101 465 2146 status,
497 2101 676 2146 amictus,
706 2101 861 2146 anulus,
893 2101 1023 2153 imago
1053 2100 1146 2153 ipsa,
1178 2100 1359 2138 declarat.
1406 2100 1461 2136 At
1492 2097 1717 2135 mehercule

331 2180 419 2219 ego,
442 2180 535 2205 cum
555 2167 595 2204 in
618 2175 746 2205 turma
765 2168 1027 2205 inauratarum
1047 2166 1298 2219 equestrium,
1321 2177 1414 2218 quas
1436 2163 1502 2201 hic
1523 2162 1715 2201 Metellus

334 2233 374 2270 in
396 2232 596 2285 Capitolio
616 2232 759 2285 posuit,
790 2232 1138 2271 animadvertiffem
1160 2233 1200 2270 in
1224 2230 1439 2283 Serapionis
1460 2228 1716 2281 subscriptio-

335 2311 384 2335 ne
414 2297 593 2336 Africani
626 2299 855 2351 imaginem,
887 2308 1056 2336 erratum
1092 2297 1231 2335 fabrile
1264 2296 1424 2349 putavi;
1467 2307 1572 2332 nunc
1603 2294 1717 2332 video

337 2362 509 2401 Metelli.
555 2364 593 2401 O
622 2363 820 2418 ἀνιςοςησ-ίαιν
841 2375 994 2416 turpem
1016 2364 1022 2400 !
1056 2365 1162 2402 Nam
1190 2362 1290 2401 illud
1311 2361 1359 2399 de
1380 2361 1516 2399 Flavio
1535 2368 1573 2397 et
1593 2358 1714 2404 fastis,

338 2428 364 2466 sl
387 2427 492 2465 secus
512 2427 580 2473 est,
601 2441 813 2467 commune
833 2440 1002 2468 erratum
1022 2430 1101 2475 est;
1132 2440 1171 2467 et
1192 2438 1235 2467 tu
1257 2427 1358 2466 belle
1376 2424 1559 2475 ἧπόρκσαιςε
1586 2434 1624 2462 et
1646 2437 1716 2462 nos

337 2492 539 2546 publicam
560 2505 679 2544 prope
699 2494 928 2546 opinionem
948 2495 1068 2534 secuti
1090 2495 1237 2539 sumus,
1270 2503 1312 2531 ut
1332 2491 1459 2531 multa
1477 2490 1580 2542 apud
1603 2491 1715 2527 Grae-

337 2570 421 2596 cos.
511 2556 569 2594 uis
599 2556 705 2594 enim
734 2570 811 2596 non
835 2559 951 2605 dixit,
985 2559 1120 2596 Εὔπολιν
1137 2557 1188 2595 τὸν
1206 2555 1259 2600 τῆς
1277 2552 1425 2607 &zuar
1444 2555 1491 2592 ab
1513 2553 1719 2606 Alcibiade

424 2623 492 2661 To
505 2634 556 2661 M.
589 2621 705 2661 VIII.
1388 2619 1422 2655 V
