2243 3008
445 256 525 309 462
798 248 1488 290 EPISTOLARUM

451 352 524 392 Sed
544 349 641 403 quid
672 350 741 390 ista
759 349 884 389 edicta
904 349 1069 393 valeant,
1100 357 1167 386 aut
1195 361 1276 401 quo
1306 347 1492 400 spectent,
1524 347 1638 401 plane
1666 359 1746 385 non
1776 346 1840 385 vi-

449 419 550 463 de0;
584 431 655 455 nec
689 430 762 469 ego
792 428 912 460 nunc,
945 423 989 452 ut
1022 415 1166 451 Brutus
1195 413 1390 458 censebat,
1422 413 1520 451 istuc
1549 413 1596 451 ad
1627 412 1839 466 Rempub·

449 483 568 522 licam
588 481 854 536 capeffendam
873 479 1003 519 venio.
1050 477 1161 529 Qid
1189 478 1297 515 enim
1327 477 1411 516 fieri
1439 478 1590 531 potest!
1624 493 1721 517 num
1749 478 1839 531 quis

451 549 584 588 Pisoni
604 548 658 586 est
677 546 840 586 affensus
860 547 872 583 ?
905 557 1003 583 num
1023 543 1140 582 rediit
1158 542 1239 595 ipse
1259 541 1443 595 postridie
1461 545 1474 580 ?
1505 544 1577 582 Sed
1597 544 1719 583 abess‘e
1738 543 1840 582 hanc

451 622 605 653 aetatem
644 614 762 666 longe
795 625 817 650 a
849 610 1027 663 sepulcro
1062 617 1207 661 negant
1241 617 1435 660 oportere.
1486 609 1559 646 Sed
1592 609 1752 648 obsecro
1786 618 1840 655 te,

413 699 418 705 ·
451 679 549 733 quid
580 679 634 718 est
664 677 772 731 quod
801 677 934 715 audivi
965 676 1012 713 de
1045 675 1199 713 Bruto?
1233 674 1376 711 Piliam
1406 668 1616 724 πειράζεσθαι
1647 670 1842 724 “ramma-d,

451 753 491 782 te
512 743 694 796 scripfiffe
714 741 854 779 aiebat.
899 739 1024 777 Valde
1053 739 1140 777 sum
1160 747 1386 776 commotus
1406 752 1414 777 :
1447 736 1515 775 etfi
1536 736 1656 782 idem,
1688 746 1726 775 te
1747 737 1844 776 scri-

453 808 558 852 bere,
589 807 736 859 sperare
756 805 914 843 melius.
958 805 1018 843 Ita
1037 803 1153 856 plane
1172 803 1308 841 velim.
1352 803 1403 841 Ei
1423 801 1529 841 dicas
1550 801 1844 854 plurimamlsa-

451 872 593 918 lutem‚
611 880 650 910 et
670 870 895 910 suaviffimae
916 870 1077 908 Atticae.
1110 870 1209 908 Haec
1230 868 1361 922 scripsi
1382 868 1584 921 navigans,
1605 881 1697 907 cum
1721 867 1845 907 Pom-

451 938 637 991 peianum
658 935 898 981 accederem,
932 949 1009 974 x1v
1031 934 1124 973 Kal.

795 1137 1040 1175 CICERO
1079 1135 1337 1174 Ara-xeo
1379 1134 1512 1173 SAL.

449 1265 574 1305 VIII.
599 1262 667 1337 C
684 1264 787 1303 UM
816 1263 936 1303 sciam
967 1276 1048 1317 quo
1077 1262 1141 1302 die
1169 1272 1357 1302 venturus
1378 1263 1464 1310 firn,
1495 1262 1638 1301 faciam
1657 1270 1704 1301 ut
1733 1262 1844 1302 scias.

698 1329 992 1383 Impedimenta
1023 1329 1262 1382 expectanda
1294 1329 1399 1374 sunt,
1443 1342 1529 1382 quae
1564 1329 1746 1380 Anagnia
1779 1342 1848 1367 ve-

451 1396 574 1435 niunt
591 1416 602 1442 2
634 1405 674 1435 et
704 1395 857 1434 familia
880 1409 980 1448 aegra
1007 1395 1076 1433 est.
1108 1395 1199 1433 Kal.
1222 1393 1369 1447 vesperi
1390 1394 1512 1433 literae
1531 1393 1634 1432 mihi
1654 1394 1702 1432 ab
1724 1395 1848 1432 ooa-

453 1461 584 1501 viano.
630 1461 781 1513 Magna
800 1461 980 1499 molitur.
1021 1460 1252 1504 Veteranos,
1283 1460 1425 1512 quiqui
1447 1459 1608 1497 Cafilini
1628 1468 1667 1496 et
1689 1458 1850 1498 Calatiae

456 1525 561 1571 sunt,
591 1525 778 1578 perduxit
809 1525 856 1563 ad
886 1525 995 1563 suam
1023 1524 1283 1562 sententiam:
1317 1537 1388 1562 nec
1418 1524 1596 1568 mirum;
1628 1523 1850 1576 quingenos

455 1591 634 1630 denarios
655 1591 720 1629 dat
738 1606 748 1630 :
780 1590 929 1643 cogitat
950 1590 1118 1643 reliquas
1139 1589 1313 1628 colonias
1334 1589 1458 1628 obire.
1501 1589 1620 1628 Plane
1639 1588 1717 1627 hoc
1737 1589 1850 1642 spec-

454 1666 526 1702 tat,
559 1666 603 1696 ut
634 1657 671 1695 se
702 1656 802 1695 duce
835 1656 987 1695 bellum
1018 1665 1175 1709 geratur
1206 1669 1299 1694 cum
1326 1655 1521 1694 Antonio.
1568 1656 1706 1708 Itaque
1737 1655 1852 1694 video

454 1723 590 1776 paucis
611 1722 750 1761 diebus
772 1735 842 1761 nos
864 1722 905 1760 in
926 1723 1044 1761 armis
1065 1720 1163 1760 fore.
1187 1723 1321 1774 Qem
1342 1730 1474 1760 autem
1495 1721 1726 1775 sequamur?
1750 1721 1853 1760 Vide

455 1801 602 1827 nomen
621 1803 630 1827 ε
664 1788 752 1826 vide
776 1797 944 1826 aetatem.
989 1789 1123 1841 Atque
1144 1801 1164 1825 a
1184 1801 1248 1826 me
1269 1787 1452 1840 postulat,
1485 1788 1661 1840 primum
1682 1796 1727 1825 ut
1747 1786 1851 1826 clam

455 1854 708 1908 colloquatur
727 1868 902 1900 mecum,
933 1855 994 1893 vel
1017 1855 1177 1908 Capuae,
1203 1854 1264 1893 vel
1286 1868 1364 1893 non
1386 1855 1502 1907 longe
1523 1867 1543 1892 a
1564 1855 1713 1906 Capua.
1746 1853 1851 1892 Pue-

456 1921 529 1960 rile
549 1920 626 1959 hoc
647 1921 824 1974 quidem,
842 1921 868 1959 fi
889 1920 930 1959 id
952 1930 1064 1973 putat
1084 1922 1187 1959 clam
1209 1920 1293 1959 fieri
1314 1921 1432 1974 poffe.
1467 1921 1600 1959 Docui
1620 1934 1689 1973 per
1703 1920 1849 1964 literas,

457 1986 499 2024 id
521 1999 591 2024 nec
612 1999 710 2039 opus
732 1986 818 2030 effe,
851 1999 921 2024 nec
944 1986 1028 2024 fieri
1048 1986 1166 2039 posse.
1214 1987 1326 2024 Mifit
1349 1987 1395 2024 ad
1417 2000 1479 2024 me
1501 1987 1700 2024 Caecinam
1722 1998 1851 2037 quen-

457 2050 548 2089 dam
570 2051 888 2095 Volaterranum,
919 2050 1155 2089 familiarem
1188 2050 1317 2096 suum,
1349 2052 1417 2103 qui
1448 2050 1531 2089 haec
1551 2051 1730 2103 pertulit,
1764 2052 1852 2088 An-

458 2116 617 2155 tonium
649 2129 742 2154 cum
775 2116 930 2168 legione
958 2115 1202 2154 Alaudarum
1233 2116 1279 2153 ad
1303 2116 1439 2154 urbem
1462 2129 1634 2168 pergere,
1668 2116 1852 2168 pecunias

457 2182 691 2234 municipiis
712 2181 917 2234 imperare,
940 2181 1136 2234 legionem
1160 2181 1228 2219 sub
1251 2182 1367 2235 signis
1388 2181 1543 2220 ducere.
1578 2181 1852 2225 Consultabat,

460 2257 596 2287 utrum
617 2249 791 2286 Romam
812 2262 905 2286 cum
929 2249 1003 2287 clo
1029 2249 1102 2287 clo
1129 2249 1202 2287 clo
1226 2258 1498 2287 veteranorum
1525 2247 1850 2300 proficisceretur,

459 2327 508 2351 an
539 2314 717 2365 Capuam
748 2322 910 2359 teneret,
942 2323 980 2352 et
1011 2315 1235 2352 Antonium
1265 2315 1488 2352 venientem
1518 2312 1771 2357 excluderet3
1804 2325 1852 2350 an

460 2379 534 2417 iret
565 2379 612 2416 ad
645 2388 720 2417 tres
751 2379 925 2431 legiones
957 2380 1250 2425 Macedonicas,
1282 2394 1368 2433 quae
1401 2380 1472 2418 iter
1504 2379 1716 2417 secundum
1747 2392 1852 2416 mare

460 2445 644 2498 superum
666 2444 833 2491 faciunt,
856 2459 950 2498 quas
974 2446 1095 2498 sperat
1117 2446 1199 2485 suas
1220 2447 1306 2485 esse.
1341 2448 1405 2484 Em
1427 2446 1672 2498 congiarium
1694 2445 1741 2483 ab
1763 2446 1851 2482 An-

460 2511 572 2550 tonio
593 2511 768 2565 accipere
787 2512 1015 2559 noluerunt,
1034 2521 1078 2552 ut
1097 2511 1163 2551 hic
1181 2513 1343 2567 quidem
1360 2522 1501 2557 narrat,
1519 2521 1556 2549 et
1573 2511 1607 2550 ei
1625 2510 1852 2549 convicium
