2243 3008
512 240 619 278 AD
676 234 1106 276 ATTICUM
1175 235 1318 274 LIB.
1369 237 1485 275 VIII.
1615 249 1693 290 207

312 339 558 394 Reipublicae
578 346 676 391 puto
695 336 767 375 effe
787 336 900 381 utile,
932 348 1003 373 nec
1035 334 1168 373 liberis
1202 336 1327 380 meis;
1360 346 1540 389 praeterea
1569 352 1694 391 neque

312 408 475 450 redlum,
498 416 625 455 neque
644 401 866 440 honestum.
900 400 973 439 Sed
993 414 1082 438 cur.
1103 430 1111 438 .
1131 430 1139 438 .
1159 400 1344 452 Poterffize
1363 401 1479 453 igitur
1498 402 1620 442 videre
1636 413 1695 455 ty-

311 468 502 510 rannum?
532 468 650 520 Qafi
682 468 846 512 interfit,
877 467 1047 512 audiam,
1078 479 1126 504 an
1150 466 1330 512 videam3
1363 478 1428 505 aut
1461 468 1696 520 locupletior

311 535 412 575 mihi
433 535 479 573 fit
498 533 730 586 quaerendus
751 535 898 578 audior,
929 546 1048 585 quam
1070 532 1259 577 Socrates,
1290 533 1374 584 qui,
1405 546 1498 571 cum
1522 547 1608 572 xxx
1631 545 1692 585 ty-

311 601 422 640 ranni
443 598 577 644 essent,
603 599 742 652 pedem
763 608 875 652 porta
894 611 974 636 non
994 597 1153 636 extulit.
1186 597 1254 635 Est
1273 597 1374 635 mihi
1395 608 1576 650 praeterea
1595 613 1695 651 prae-

311 668 427 720 cipua
446 665 556 704 causa
576 665 761 704 manendi
777 684 790 710 ;
821 664 868 702 de
888 677 965 716 qua
984 664 1137 702 utinam
1157 663 1368 716 aliquando
1389 674 1520 702 tecum
1543 664 1694 717 loquar.

310 735 399 786 Ego
431 745 519 770 xr11
554 730 720 770 Kalend.
751 745 844 770 cum
872 730 1006 769 eadem
1033 730 1191 768 lucerna
1211 729 1284 768 hac
1304 730 1504 783 epistolam
1527 730 1697 783 scripfis-

312 799 405 844 sem,
437 811 515 850 qua
545 796 829 836 inflammaram
862 805 986 841 tuam,
1026 795 1196 834 Formiis
1229 796 1275 833 ad
1308 796 1558 849 Pompeium,
1591 797 1616 834 fi
1649 797 1696 835 de

311 878 405 918 pace
425 872 616 916 ageretur,
647 863 892 916 profecturus
913 876 1016 902 eram
1035 877 1046 901 ε
1077 862 1103 901 fi
1125 861 1171 899 de
1194 861 1312 907 bello,
1343 863 1491 901 videro.

652 1069 892 1106 Cxcssno
933 1068 1188 1105 ATT1co
1229 1067 1360 1106 SAL.

315 1197 390 1235 111.
416 1195 753 1269 MAXIMIS
783 1205 822 1234 et
842 1196 1069 1234 miserrimis
1091 1196 1205 1234 rebus
1226 1196 1489 1247 perturbatus,
1512 1210 1604 1235 cum
1625 1212 1696 1237 co-

539 1275 621 1300 ram
653 1271 785 1300 tecum
817 1261 919 1300 mihi
948 1261 1113 1314 potestas
1141 1261 1380 1299 deliberandi
1403 1275 1480 1299 non
1502 1263 1605 1309 effet,
1638 1264 1698 1302 uti

312 1337 444 1366 tamen
465 1336 535 1365 tuo
555 1328 717 1366 confilio
737 1327 860 1366 volui.
893 1327 1138 1366 Deliberatio
1158 1337 1288 1365 autem
1309 1328 1437 1365 omnis
1459 1327 1541 1366 haec
1562 1329 1642 1374 est3
1670 1330 1698 1367 fi

314 1394 526 1448 Pompeius
549 1395 662 1433 Italia
682 1394 807 1439 cedat,
838 1394 945 1446 quod
964 1408 1056 1432 eum
1077 1393 1272 1433 fadffirum
1293 1393 1364 1432 efi'e
1385 1394 1569 1446 suspicor,
1601 1396 1698 1448 quid

312 1459 414 1498 mihi
434 1460 630 1512 agendum
658 1470 798 1513 putes:
830 1469 869 1498 et
900 1473 979 1512 quo
1010 1459 1166 1498 facilius
1198 1460 1406 1498 confilium
1438 1460 1526 1498 dare
1552 1461 1695 1512 poffis5

313 1526 411 1578 quid
440 1527 481 1563 in
510 1535 715 1577 utramque
742 1535 891 1579 partem
912 1525 1014 1563 mihi
1046 1526 1087 1563 in
1114 1535 1289 1563 mentem
1319 1527 1461 1571 veniat,
1493 1527 1699 1578 explicabo

313 1591 436 1629 brevi.
484 1591 590 1629 Cum
619 1593 758 1629 merita
785 1592 963 1643 Pompeii
994 1591 1145 1629 summa
1169 1605 1258 1643 erga
1278 1591 1441 1630 salutem
1463 1606 1605 1638 meam,
1637 1592 1697 1630 fa-

314 1655 609 1708 miliaritasque,
627 1670 714 1708 quae
736 1656 835 1694 mihi
857 1669 949 1693 cum
969 1669 1014 1694 eo
1030 1656 1097 1701 est,
1116 1666 1202 1694 tum
1223 1656 1303 1708 ipsa
1323 1657 1569 1708 Reipublicae
1589 1658 1700 1696 causa

313 1734 378 1759 me
397 1721 571 1766 adducit,
603 1731 646 1759 ut
667 1721 768 1759 mihi
789 1721 849 1759 vel
870 1716 1077 1768 confilium
1099 1734 1232 1759 meum
1260 1734 1352 1759 cum
1384 1721 1492 1759 illius
1520 1722 1697 1767 confilio,

313 1786 374 1825 vel
403 1785 562 1825 fortuna
592 1801 686 1825 cum
715 1786 875 1825 fortuna
905 1786 1180 1838 conjungenda
1210 1786 1281 1824 effe
1310 1787 1498 1825 videatur.
1534 1788 1700 1827 Accedit

313 1852 438 1892 illud:
471 1853 498 1891 fi
519 1866 672 1899 maneo,
693 1862 732 1892 et
752 1853 869 1891 illum
890 1853 1126 1891 comitatum
1145 1853 1390 1907 optimorum
1410 1863 1448 1891 et
1469 1854 1698 1893 clariffimo·

315 1932 404 1957 rum
433 1919 582 1957 civium
613 1919 757 1965 desero,
789 1919 1008 1957 cadendum
1038 1918 1092 1956 est
1118 1919 1160 1956 in
1188 1919 1303 1957 unius
1325 1919 1580 1971 potestatem:
1614 1921 1699 1971 qui,

314 1985 381 2023 ets1
401 1985 539 2023 multis
562 1985 676 2023 rebus
698 1985 888 2038 fignificat
908 1984 945 2023 se
971 1984 1085 2023 nobis
1106 1984 1178 2022 effe
1207 1985 1408 2030 amicum;
1440 1994 1493 2030 et,
1526 1995 1568 2023 ut
1594 1985 1698 2030 effer,

312 2066 333 2090 a
363 2066 426 2091 me
457 2052 510 2090 est
544 2053 647 2105 (tute
678 2052 769 2103 scis)
803 2062 962 2106 propter
993 2051 1255 2104 suspicionem
1286 2052 1404 2105 hujus
1434 2053 1698 2105 impendentis

316 2118 553 2172 tempestatis
575 2119 704 2158 multo
725 2128 813 2157 ante
833 2118 1053 2172 provisum:
1079 2127 1206 2156 tamen
1224 2128 1438 2171 utrumque
1453 2119 1698 2157 consideran-

316 2184 412 2222 dum
432 2183 500 2229 est,
531 2193 569 2222 et
589 2193 735 2237 quanta
754 2184 848 2223 fides
870 2185 905 2222 ei
926 2184 971 2221 fit
991 2182 1196 2228 habenda;
1229 2193 1281 2228 et,
1314 2184 1339 2221 fi
1369 2184 1539 2221 maxime
1559 2183 1714 2235 explo-

318 2258 446 2287 ratum
465 2263 557 2288 eum
579 2251 692 2288 nobis
713 2251 886 2289 amicum
907 2249 1005 2295 fore,
1037 2250 1133 2287 fitne
1163 2250 1236 2287 viri
1262 2248 1375 2286 fortis
1402 2258 1440 2286 et
1470 2249 1564 2286 boni
1585 2249 1697 2293 civis,

317 2313 388 2352 effe
419 2315 460 2352 in
490 2329 533 2353 ea
564 2316 674 2362 urbe,
705 2317 745 2354 in
774 2330 850 2369 qua
880 2330 974 2354 cum
1005 2315 1168 2352 summis
1201 2314 1418 2352 honoribus
1449 2314 1700 2367 imperiisque

319 2380 407 2417 usus
429 2379 490 2423 fit,
521 2394 577 2418 res
599 2383 788 2420 maximas
809 2381 975 2434 gesserit,
1005 2380 1217 2418 sacerdotio
1237 2380 1282 2418 fit
1303 2379 1537 2432 ampliffimo
1558 2381 1700 2432 praedi-

320 2455 397 2489 tus,
430 2458 508 2482 non
540 2444 696 2485 futurus
730 2447 775 2485 fit
806 2448 863 2485 sui
890 2447 1006 2499 juriS‚
1039 2445 1365 2498 subeundumque
1396 2446 1616 2498 periculum
1639 2446 1698 2489 fir,

319 2523 411 2550 cum
443 2510 576 2563 aliquo
607 2509 708 2550 forte
739 2511 940 2558 dedecore,
971 2511 1128 2563 quando
1156 2512 1366 2563 Pompeius
1394 2510 1702 2563 Rempublicam
