2243 3008
532 233 609 274 282
886 235 1570 276 EPISTOLARUM

891 471 1128 508 CAELlus
1173 470 1476 508 C1eERoN1
1520 471 1559 509 S.

626 598 672 636 X
672 599 716 636 A
727 597 775 636 N
784 597 812 636 I
821 597 877 635 M
879 598 922 636 A
935 594 1060 636 TUS
1085 596 1174 647 stim
1205 595 1279 635 tuis
1311 594 1428 634 literis
1442 612 1456 639 ς
1497 595 1623 648 quibus
1654 605 1692 636 te
1722 597 1826 644 nihil,
1854 596 1922 649 nist

637 663 750 715 trsse,
771 664 930 716 cogitare
948 661 1117 714 ostendisti
1127 676 1142 700 .·
1174 675 1282 716 neque
1300 661 1341 700 id
1354 660 1443 714 quid
1455 660 1549 714 effi’t,
1563 663 1795 717 perscripsisti
1806 679 1821 702 .-
1854 677 1919 702 ne-

534 742 600 781 que
618 743 687 768 non
705 737 838 773 tamen,
860 728 963 781 quale
984 726 1063 780 effet
1083 726 1176 781 quod
1188 728 1380 781 cogitares,
1399 727 1580 781 aperussi.
1610 730 1695 767 Has
1711 727 1764 767 ad
1776 737 1812 767 te
1830 727 1921 767 illico

534 795 660 833 literas
663 794 807 847 scripst.
839 795 917 833 Per
920 793 1103 846 fortunas
1122 802 1221 839 tuas,
1250 793 1388 838 Cicero,
1412 801 1483 846 per
1500 792 1640 839 liberos,
1668 807 1743 839 oro,
1771 793 1920 846 obsecro,

536 874 579 898 ne
597 861 685 913 quid
694 860 853 912 gravius
871 859 913 898 de
917 859 1044 911 salute
1070 867 1106 897 et
1137 858 1379 898 incolumitate
1409 868 1477 897 tua
1505 859 1675 910 cotfitlas.
1721 861 1822 911 Nam
1846 857 1922 897 deos

535 925 762 977 hominesque,
792 924 1052 977 amicitiamque
1071 923 1238 974 nostram,
1267 921 1443 975 testificor,
1466 938 1520 963 me
1537 923 1609 963 tibi
1617 923 1832 978 praediscfffi’,
1857 937 1920 963 ne·

535 1005 602 1044 que
620 999 749 1029 temere
767 990 886 1028 monui
909 1005 926 1028 e
941 1008 953 1034 ς
969 989 1051 1042 ſsd,
1075 989 1257 1043 postquam
1277 991 1453 1044 Caesarem
1484 991 1720 1036 convenerim,
1734 990 1921 1043 sententi-

535 1070 658 1108 amque
677 1055 762 1106 ey‘us,
781 1056 895 1108 qualis
898 1056 1044 1107 sutura
1059 1054 1136 1108 fft
1149 1064 1268 1108 parta
1285 1055 1455 1101 vicioria,
1477 1056 1714 1110 cognoverim,
1735 1056 1920 1095 te‘certio-

534 1136 610 1160 rem
615 1121 753 1174 jecfffe.
794 1121 838 1159 Si
853 1121 1025 1173 existimas
1043 1120 1186 1160 eandem
1204 1121 1378 1160 rationem
1383 1124 1474 1175 Jore
1493 1112 1636 1174 Caesari
1650 1122 1688 1161 in
1706 1121 1935 1161 dimittendis

534 1185 767 1238 adversariis,
797 1195 833 1224 et
852 1185 1103 1225 conditionibus
1109 1185 1289 1239 ferendis,
1319 1200 1423 1225 erras
1439 1203 1453 1225 .-
1482 1187 1578 1226 nihil
1589 1187 1656 1239 nfi
1670 1195 1780 1226 atrox
1798 1196 1833 1226 et
1840 1188 1922 1241 sae-

536 1267 624 1291 vum
643 1253 794 1304 cogitat,
824 1262 933 1305 atque
951 1252 1058 1291 etiam
1076 1253 1248 1305 loquitur.
1293 1253 1423 1292 Iratus
1455 1253 1609 1292 Senatui
1636 1253 1724 1292 exiit
1739 1268 1753 1291 :
1784 1253 1838 1291 his
1861 1252 1922 1291 in-

536 1317 789 1370 terceffi'onibus
808 1319 918 1371 plane
946 1318 1120 1357 incitatus
1138 1318 1183 1371 est
1196 1333 1211 1357 :
1241 1333 1323 1364 non,
1353 1319 1558 1364 mehercule,
1589 1320 1660 1358 eris
1686 1318 1928 1372 deprecationi

537 1384 642 1423 locus.
688 1385 813 1436 Qare
828 1384 872 1435 st
897 1383 968 1422 tibi
994 1392 1049 1429 tu,
1064 1385 1107 1435 st
1113 1384 1219 1435 filius
1238 1384 1374 1431 unicus,
1389 1385 1433 1436 st
1445 1384 1576 1430 domus,
1592 1385 1635 1436 fi
1635 1385 1722 1438 spes
1742 1394 1817 1424 tuce
1834 1385 1922 1423 reli-

494 1485 498 1488 .
537 1463 618 1503 quae
636 1449 706 1488 tibi
720 1451 917 1503 caraesunt
933 1467 945 1495 ς
961 1450 1006 1500 si
1026 1449 1166 1503 aliquid
1178 1450 1278 1503 apud
1303 1459 1339 1489 te
1369 1465 1442 1494 nos,
1458 1451 1502 1501 ſs
1528 1451 1592 1489 vir
1619 1450 1784 1502 optimus,
1809 1465 1922 1503 gener

536 1525 635 1561 tuus,
665 1516 781 1560 valet,
810 1529 957 1568 quorum
970 1516 1153 1569 fortunas
1184 1530 1252 1554 non
1272 1515 1370 1554 debes
1393 1516 1484 1554 velle
1512 1514 1755 1560 conturbare;
1772 1517 1923 1569 stquere

535 1595 612 1620 eam
631 1581 784 1634 causam,
814 1581 852 1619 in
871 1580 970 1633 cujus
987 1580 1143 1620 victoria
1148 1580 1254 1634 salus
1272 1580 1390 1631 nostra
1409 1579 1468 1633 est,
1496 1595 1540 1620 ne
1566 1589 1633 1619 aut
1659 1579 1757 1633 odff
1773 1590 1841 1620 aut
1860 1595 1922 1620 re-

535 1648 694 1700 linquere
711 1660 894 1699 cogamur,
923 1655 990 1685 aut
1009 1646 1150 1700 impiam
1170 1645 1401 1700 cupiditatem
1421 1655 1549 1685 contra
1554 1646 1713 1700 salman
1732 1655 1834 1685 tuam
1852 1647 1923 1686 ha-

537 1713 690 1752 beamus.
723 1711 891 1764 Denique
909 1711 1000 1750 illud
1014 1712 1146 1765 cogita,
1168 1711 1261 1765 quod
1275 1711 1560 1766 offensaesuerit,
1583 1711 1619 1751 in
1637 1711 1703 1764 ssa
1722 1713 1922 1751 cunctatis-

537 1793 579 1817 ne
598 1787 634 1817 te
639 1777 742 1832 subii
764 1793 794 1816 e.
840 1779 952 1817 Nunc
981 1787 1017 1816 te
1043 1786 1171 1817 contra
1200 1779 1371 1817 victorem
1382 1778 1530 1830 facere,
1561 1791 1660 1831 quem
1679 1777 1792 1816 dubiis
1819 1777 1924 1817 rebus

536 1843 662 1883 laedere
691 1842 853 1895 nolussi3
884 1852 921 1881 et
949 1842 1000 1881 ad
1025 1858 1078 1882 eos
1096 1844 1257 1895 jugatos
1287 1843 1462 1888 accedere,
1493 1857 1577 1896 quos
1609 1842 1798 1895 nefistentes
1815 1843 1928 1896 sequi

537 1909 702 1953 nolueris,
717 1907 1053 1960 summaestultitiae
1082 1908 1139 1960 est.
1186 1907 1285 1953 Vide,
1316 1923 1372 1954 ne,
1401 1908 1484 1947 dum
1505 1908 1619 1962 pudet
1648 1918 1684 1947 te
1703 1918 1838 1961 parum
1856 1917 1922 1962 op·-

536 1974 697 2013 timatem
715 1972 789 2026 effi,
814 1983 948 2026 parum
968 1972 1169 2026 diligenter,
1201 1973 1288 2026 quid
1311 1974 1479 2027 optimum
1491 1975 1564 2024 stt,
1594 1973 1717 2027 eligas.
1762 1973 1870 2025 Quod
1880 1974 1925 2025 st

535 2047 651 2078 totum
679 2038 752 2078 tibi
770 2037 985 2092 persuadere
1016 2052 1085 2077 non
1110 2037 1243 2091 poffinn
1260 2056 1270 2083 ;
1289 2038 1435 2088 saltem,
1466 2037 1548 2077 dum
1573 2038 1660 2091 quid
1675 2038 1715 2077 de
1736 2038 1922 2091 Hfimniis

533 2118 683 2158 agamus
685 2103 825 2158 scitur,
854 2105 999 2158 expecta
1012 2121 1024 2148 ;
1055 2117 1143 2157 quas
1162 2103 1232 2142 tibi
1247 2105 1372 2143 nuntio
1391 2103 1553 2143 adventu
1573 2104 1824 2157 Caesarisflre
1842 2105 1922 2159 '’‘ff‘

535 2180 630 2210 tras.
661 2173 780 2222 Qam
798 2169 856 2222 ssi
857 2171 962 2224 spem
979 2169 1150 2215 habeant,
1169 2170 1293 2221 amisp‘s
1314 2170 1514 2223 Hispaniis,
1541 2171 1663 2223 nescio.
1695 2169 1802 2222 Qod
1808 2178 1922 2223 porro

534 2246 636 2275 tuum
654 2236 889 2288 confiliumstt
907 2234 958 2274 ad
971 2234 1169 2289 desperatos
1187 2235 1362 2282 accedere,
1393 2250 1460 2275 non
1491 2236 1620 2274 medius
1625 2235 1739 2287 fidius
1769 2236 1919 2289 reperio.

535 2304 628 2347 Hoc,
659 2303 753 2356 quod
778 2311 833 2347 tu,
863 2316 932 2341 non
951 2301 1104 2347 dicendo,
1134 2302 1224 2341 mihi
1236 2301 1460 2355 signficasti,
1493 2303 1618 2356 Caesar
1636 2301 1802 2341 audierat
1818 2317 1832 2339 .·
1861 2315 1920 2347 ac,

517 2366 633 2419 fimul
652 2377 773 2421 atque,
804 2368 904 2412 Ave,
935 2367 1025 2406 mihi
1047 2366 1152 2417 dzlgcit,
1169 2367 1300 2418 statim
1331 2367 1417 2421 quid
1438 2367 1479 2406 de
1497 2378 1532 2406 te
1556 2365 1716 2419 audillet,
1747 2366 1919 2420 exposuit.

532 2432 685 2485 Negavi
701 2432 858 2485 mestit-e
874 2449 886 2469 .·
904 2431 976 2486 sed
990 2441 1108 2471 tamen
1127 2431 1174 2470 ab
1193 2447 1229 2470 eo
1243 2432 1347 2485 petii.
1378 2442 1419 2471 ut
1449 2432 1500 2471 ad
1527 2442 1563 2471 te
1587 2433 1713 2471 literas
1741 2431 1918 2477 mitteret.

530 2496 654 2551 quibus
690 2498 838 2538 maxime
870 2497 922 2538 ad
950 2496 1199 2538 remanendum
1234 2498 1445 2538 commoveri
1467 2497 1590 2552 paffes.
1640 2498 1708 2538 Mc
1726 2497 1848 2551 ficunt
1881 2498 1919 2536 in
