2243 3008
400 308 425 346 6
750 302 1435 342 EPISTOLARUM

402 413 448 444 ut
466 403 640 449 fratrem,
671 412 710 442 et
730 416 930 442 monerem
951 412 995 442 ut
1014 403 1223 448 minorem,
1251 412 1293 441 et
1315 403 1565 456 objurgarem
1585 411 1630 442 ut
1649 416 1779 442 erran-

401 479 497 509 tem.
548 471 685 522 Itaque
718 483 766 508 ex
800 470 862 515 iis,
893 483 979 521 quae
1014 468 1141 522 postea
1174 469 1271 521 saepe
1303 469 1352 506 ab
1385 482 1431 507 eo
1462 469 1509 507 ad
1543 482 1607 507 me
1639 469 1782 522 scripta

402 536 506 582 sunt,
537 536 694 574 confido
724 537 778 574 ita
807 535 879 574 effe
908 535 1054 580 omnia,
1087 544 1130 573 ut
1154 544 1192 573 et
1211 544 1403 588 oporteat,
1432 544 1472 573 et
1491 535 1672 574 velimus.
1719 536 1782 574 De

400 602 602 641 literarum
623 601 798 639 miffione
819 601 897 639 fine
923 600 1033 638 causa
1059 600 1125 638 abs
1159 609 1195 638 te
1223 600 1407 638 accusor:
1441 613 1642 653 nunquam
1673 601 1782 639 enim

402 680 424 705 a
455 667 674 720 Pomponia
705 667 830 704 nostra
859 667 1001 704 certior
1031 665 1114 703 sum
1147 665 1285 711 factus,
1328 665 1400 704 effe
1431 666 1495 704 cui
1530 666 1659 704 literas
1693 666 1781 703 dare

400 732 575 785 poffem:
607 745 723 785 porro
753 741 883 770 autem
911 744 1038 784 neque
1066 730 1167 768 mihi
1187 731 1330 769 accidit
1350 741 1395 769 ut
1414 729 1613 776 haberem,
1644 732 1712 784 qui
1740 731 1782 768 in

400 799 571 851 Epirum
591 797 899 851 proficisceretur
915 816 926 842 ;
959 809 1086 848 neque
1114 795 1210 834 dum
1240 805 1277 834 te
1306 795 1475 835 Athenis
1505 797 1576 835 esse
1595 796 1781 835 audieba-

400 877 504 902 mus.
551 864 611 902 De
640 863 870 901 Acutiliano
897 871 1028 900 autem
1058 862 1216 914 negotio
1236 861 1343 914 quod
1362 861 1465 900 mihi
1490 861 1706 907 mandaras,
1737 871 1782 900 ut

400 929 576 981 primum
610 942 630 966 a
664 937 733 966 tuo
764 927 929 980 digreffu
964 928 1134 965 Romam
1169 928 1272 972 veni,
1302 926 1576 966 confeceram:
1617 927 1681 965 sed
1715 940 1780 965 ac-

401 993 514 1038 cidit,
546 1002 589 1031 ut
609 1002 647 1031 et
667 994 920 1031 contentione
941 991 1042 1030 nihil
1063 1005 1161 1043 opus
1181 991 1286 1035 esset,
1317 1001 1355 1028 et
1374 1005 1462 1043 eg0‚
1494 992 1563 1043 qui
1592 991 1634 1029 in
1661 1001 1699 1029 te
1723 991 1782 1030 sa-

401 1060 451 1097 tis
483 1059 635 1097 consilii
665 1058 863 1096 statuerim
894 1057 981 1102 effe,
1011 1057 1171 1095 mallem
1204 1057 1430 1095 Peduceum
1464 1057 1540 1095 tibi
1573 1057 1783 1096 confilium

400 1138 469 1178 per
499 1125 644 1169 literas,
675 1137 794 1176 quam
823 1136 901 1168 me,
933 1122 1035 1160 dare.
1082 1122 1243 1160 Etenim
1273 1135 1366 1160 cum
1397 1121 1546 1160 multos
1571 1122 1651 1160 dies
1673 1136 1781 1162 aures

401 1203 505 1228 meas
527 1189 706 1228 Acutilio
726 1188 937 1232 dediffem;
970 1188 1082 1239 cujus
1103 1187 1290 1225 sermonis
1310 1201 1433 1240 genus
1454 1187 1529 1226 tibi
1551 1197 1691 1226 notum
1710 1188 1783 1227 esse

400 1255 586 1298 arbitror;
611 1267 688 1292 non
710 1253 810 1292 mihi
830 1266 944 1306 grave
960 1252 1056 1290 duxi
1077 1252 1240 1290 scribere
1261 1252 1308 1290 ad
1330 1262 1367 1290 te
1387 1252 1434 1291 de
1454 1253 1561 1291 illius
1578 1254 1782 1306 querimo-

400 1321 492 1366 niis,
523 1334 614 1358 cum
646 1333 706 1358 eas
738 1319 884 1365 audire,
915 1318 1022 1371 quod
1052 1328 1133 1357 erat
1164 1318 1429 1364 subodiosum,
1461 1319 1544 1357 leve
1575 1320 1778 1372 putaffem.

401 1386 474 1424 Sed
505 1386 571 1424 abs
605 1395 642 1423 te
671 1385 768 1438 ipso,
800 1385 870 1438 qui
903 1399 966 1423 me
986 1384 1153 1430 accusas,
1186 1398 1280 1423 unas
1302 1383 1403 1422 mihi
1424 1385 1521 1423 scito
1540 1385 1670 1424 literas
1692 1385 1781 1424 red-

400 1452 500 1490 ditas
521 1451 606 1496 effe,
638 1465 731 1489 cum
751 1460 789 1489 et
809 1451 881 1489 otii
901 1450 948 1488 ad
968 1450 1217 1489 scribendum
1237 1451 1326 1503 plus
1356 1459 1395 1488 et
1423 1450 1652 1490 facultatem
1683 1451 1782 1490 dan-

399 1518 441 1556 di
461 1518 648 1570 majorem
669 1515 865 1555 habueris.
912 1516 1032 1569 Qod
1062 1516 1212 1561 scribis,
1243 1517 1362 1555 etiam
1386 1516 1411 1554 si
1433 1518 1545 1569 cujus
1566 1518 1720 1556 animus
1739 1518 1782 1556 in

399 1592 438 1622 te
472 1583 562 1621 effet
596 1582 788 1628 offensior,
820 1596 840 1620 a
874 1596 936 1621 me
962 1579 1146 1634 'recolligi
1178 1592 1384 1635 oportere;
1416 1582 1513 1635 quid
1544 1582 1677 1622 dicas:
1710 1597 1780 1622 ne-

400 1663 476 1701 que
497 1648 536 1687 id
559 1649 712 1702 neglexi
732 1664 740 1687 :
773 1648 836 1687 sed
857 1648 909 1686 est
930 1649 1032 1687 miro
1051 1648 1222 1701 quodam
1244 1648 1363 1686 modo
1382 1647 1556 1686 affectus.
1605 1650 1692 1701 Ego
1711 1662 1781 1688 au-

401 1725 496 1759 tem,
527 1728 612 1766 quae
643 1714 808 1752 dicenda
836 1713 998 1752 fuerunt
1029 1713 1076 1752 de
1107 1723 1160 1758 te,
1192 1727 1270 1752 non
1302 1713 1496 1766 praeterii:
1530 1713 1626 1766 quid
1651 1724 1782 1752 autem

400 1779 717 1818 contendendum
739 1779 843 1824 esset,
860 1793 906 1817 ex
929 1788 995 1817 tua
1014 1779 1200 1831 putabam
1220 1778 1420 1816 voluntate
1441 1778 1602 1816 statuere
1622 1789 1780 1832 oporte-

401 1860 468 1890 τες
499 1858 618 1897 quam
638 1844 664 1882 fi
694 1844 740 1882 ad
768 1858 830 1883 me
851 1843 1128 1897 perscripseris,
1159 1844 1357 1896 intelliges
1379 1857 1440 1881 me
1462 1857 1587 1896 neque
1608 1844 1779 1898 diligen-

400 1912 541 1951 tiorem
561 1910 632 1950 effe
652 1911 826 1956 voluifl'e,
857 1923 977 1964 quam
1005 1919 1046 1948 tu
1076 1910 1182 1955 effes,
1215 1924 1340 1963 neque
1368 1911 1694 1963 negligentiorem
1717 1911 1779 1950 fo-

401 1991 454 2023 re,
485 1990 603 2029 quam
635 1985 677 2015 tu
709 1976 819 2015 velis.
872 1976 933 2014 De
964 1975 1139 2014 Tadiana
1169 1990 1221 2021 re,
1252 1989 1410 2015 mecum
1444 1976 1594 2015 Tadius
1625 1977 1781 2016 locutus

400 2043 468 2086 est,
492 2052 528 2080 te
549 2043 603 2080 ita
623 2041 818 2094 scripsill‘e,
846 2040 946 2079 nibil
967 2040 1038 2079 effe
1054 2042 1152 2093 jam,
1184 2041 1290 2094 quod
1312 2041 1562 2087 laboraretur,
1593 2043 1783 2095 quoniam

402 2107 593 2146 hereditas
615 2107 796 2159 usucapta
814 2105 930 2145 ess‘et:
965 2106 1003 2144 id
1032 2106 1269 2145 mirabamur
1297 2116 1333 2144 te
1366 2106 1555 2159 ignorare,
1587 2107 1634 2146 de
1662 2108 1782 2146 tutela

401 2172 592 2224 legitima,
624 2172 663 2210 in
685 2185 762 2224 qua
781 2170 927 2209 dicitur
946 2170 1018 2209 effe
1039 2171 1182 2223 puella,
1215 2170 1314 2210 nihil
1340 2171 1496 2223 usucapi
1519 2171 1634 2224 posse.
1682 2173 1782 2225 Epi-

402 2238 564 2276 roticam
585 2237 829 2290 emptionem
854 2235 1004 2289 gaudeo
1031 2237 1105 2275 tibi
1135 2237 1298 2289 placere.
1345 2238 1445 2288 Qae
1478 2237 1551 2276 tibi
1585 2238 1780 2283 mandavi,

400 2313 439 2341 et
469 2318 555 2356 qua:
589 2312 631 2341 tu
664 2302 862 2355 intelliges
893 2302 1102 2340 convenire
1137 2302 1265 2341 nostro
1297 2302 1538 2347 Tusculano,
1570 2303 1705 2348 velim.
1737 2314 1781 2342 ut

400 2369 551 2414 scribis.
582 2382 707 2414 cures,
738 2368 845 2421 quod
867 2368 942 2407 slne
962 2368 1136 2407 molestia
1156 2378 1221 2407 tua
1241 2368 1364 2408 facere
1387 2370 1529 2422 poteris
1549 2384 1557 2408 ε
1595 2384 1681 2408 nam
1712 2384 1781 2408 nos

398 2449 446 2473 ex
466 2434 652 2473 omnibus
674 2433 859 2473 molestiis
880 2443 918 2472 et
939 2433 1138 2473 laboribus
1159 2448 1238 2473 uno
1260 2434 1330 2473 illo
1351 2435 1390 2472 in
1419 2434 1506 2473 loco
1533 2436 1780 2488 conquiesci-

401 2513 504 2545 mus.
521 2514 601 2553 quo
623 2499 781 2538 fratrem
801 2499 978 2553 quotidie
998 2502 1262 2553 expectamus.
1295 2500 1481 2539 Terentia
1503 2514 1664 2552 magnos
1686 2502 1780 2540 arti-

399 2566 581 2605 culorum
613 2566 765 2605 dolores
798 2565 930 2611 habet.
962 2575 1000 2604 et
1033 2575 1085 2612 te,
1115 2575 1154 2605 et
1185 2566 1352 2605 sororem
1381 2575 1502 2610 tuam,
1533 2576 1572 2604 et
1598 2576 1779 2613 matrem,
