2243 3008
460 279 541 330 464
812 270 1506 311 EPISTOLARUM

462 372 575 412 Verti
595 371 719 425 igitur
738 383 802 409 me
831 384 852 409 a
880 370 1104 409 Minturnis
1126 371 1324 423 Arpinum
1353 369 1497 409 versus.
1545 368 1849 416 Constitueram‚

462 449 507 478 ut
537 453 560 476 v
593 437 686 476 Idus
713 445 780 475 aut
809 437 963 488 Aquini
992 448 1206 479 manerem,
1237 444 1304 472 aut
1333 435 1374 473 in
1407 437 1577 474 Arcano.
1624 436 1762 481 Nunc,
1794 435 1851 473 mi

463 505 612 550 Attice,
644 513 726 542 tota
746 512 878 541 mente
899 501 1088 540 incumbe
1109 501 1149 538 in
1171 500 1273 538 hanc
1293 513 1426 539 curam
1446 517 1455 540 :
1487 515 1629 555 magna
1656 502 1764 540 enim
1791 514 1849 539 res

461 570 529 609 est.
575 569 673 608 Tria
702 568 791 606 sunt
821 577 980 612 autem;
1014 579 1243 604 maneamne
1273 566 1432 618 Arpini,
1463 580 1511 604 an
1541 568 1706 620 propius
1737 581 1848 606 acce-

462 636 568 681 dam,
591 648 637 673 an
659 635 813 673 veniam
834 635 1019 672 Romam.
1053 631 1173 684 Qod
1194 632 1403 677 censueris,
1426 631 1581 670 faciam.
1615 633 1687 670 Sed
1706 647 1849 686 quam-

463 702 666 755 primum:
699 699 809 738 avide
843 700 1007 750 expecto
1038 706 1123 736 tuas
1155 697 1299 735 literas.
1347 697 1405 735 VI
1442 695 1534 735 Idus
1569 710 1683 735 mane
1714 699 1756 736 in
1787 699 1851 736 Si-

460 766 658 806 nueffano.

804 966 1047 1004 CICERO
1087 965 1343 1003 ATTxco
1384 964 1516 1004 SAL.

460 1097 539 1136 XI.
564 1093 650 1167 N
668 1094 705 1132 O
720 1094 762 1132 N
781 1094 798 1132 I
817 1094 839 1131 S
869 1093 1003 1146 accepi
1031 1106 1052 1130 a
1082 1101 1119 1131 te
1149 1091 1242 1131 duas
1263 1092 1470 1145 epistolas;
1503 1106 1670 1146 quarum
1692 1093 1852 1132 alteram

683 1159 773 1198 Kal.
809 1159 982 1204 dederas,
1013 1159 1175 1197 alteram
1207 1159 1360 1211 pridie:
1393 1160 1516 1212 igitur
1542 1160 1650 1213 prius
1672 1160 1717 1198 ad
1738 1160 1852 1212 supe-

462 1227 621 1265 riorem.
669 1224 862 1264 Nostrum
893 1237 992 1277 opus
1026 1224 1102 1262 tibi
1132 1223 1289 1276 probari
1321 1224 1458 1270 laet0r3
1491 1238 1538 1263 ex
1568 1239 1648 1278 quo
1675 1222 1749 1270 ἄνθη
1775 1224 1855 1277 ipsa

462 1292 639 1346 posuisti,
671 1305 757 1344 quae
788 1289 891 1328 mihi
923 1290 1148 1328 florentiora
1176 1289 1266 1328 sunt
1296 1290 1374 1328 visa
1394 1290 1660 1343 tuojudicio:
1693 1291 1851 1329 caerulas

463 1359 572 1396 enim
594 1366 677 1394 tuas
698 1355 925 1393 miniatulas
947 1355 1033 1393 illas
1064 1355 1381 1393 extimescebam.
1427 1356 1489 1393 De
1511 1357 1596 1393 Sica
1629 1357 1682 1393 ita
1710 1355 1778 1400 est,
1811 1364 1855 1393 ut

462 1423 615 1461 scribis.
648 1421 733 1466 Ast,
765 1435 864 1473 aegre
883 1434 948 1458 me
968 1420 1092 1458 tenui.
1126 1421 1263 1471 Itaque
1282 1420 1538 1473 perstringam
1558 1421 1635 1459 sine
1657 1421 1736 1459 ulla
1755 1435 1854 1459 con-

463 1489 630 1527 tumelia
650 1488 744 1525 Sicae
765 1496 831 1525 aut
852 1487 1076 1538 Septimiae,
1100 1495 1270 1531 tantum,
1293 1496 1337 1524 ut
1358 1486 1480 1524 sciant
1500 1480 1614 1524 παῖδες
1633 1481 1758 1521 πωῖὃων
1776 1487 1854 1525 fine

462 1554 567 1592 vallo
588 1553 814 1597 Luciliano,
845 1565 936 1589 eum
958 1565 1005 1589 ex
1026 1550 1218 1602 QFadii
1238 1550 1320 1588 filia
1339 1550 1482 1589 liberos
1504 1551 1678 1590 habuisse
1698 1567 1706 1590 :
1739 1561 1856 1604 atque

464 1619 618 1658 utinam
639 1632 730 1656 eum
751 1617 857 1655 diem
877 1616 1045 1661 videam,
1077 1629 1170 1654 cum
1192 1616 1261 1654 ista
1289 1616 1414 1654 oratio
1445 1618 1500 1655 ita
1527 1617 1648 1656 libere
1681 1628 1855 1670 vagetur,

463 1694 509 1723 ut
529 1685 647 1722 etiam
669 1684 710 1721 in
732 1683 827 1721 Sicae
848 1683 1012 1721 domum
1034 1683 1215 1721 introeat.
1263 1682 1335 1720 Sed
1366 1683 1437 1721 illo
1465 1693 1640 1736 tempore
1660 1697 1759 1736 opus
1787 1683 1855 1729 est,

463 1750 571 1803 quod
592 1749 670 1788 fuit
691 1749 772 1787 illis
793 1749 1050 1788 Triumviris.
1092 1748 1259 1793 Moriar,
1292 1748 1360 1786 nisi
1382 1747 1520 1788 facete.
1553 1751 1620 1787 Tu
1641 1763 1731 1787 vero
1752 1749 1856 1801 leges

465 1816 597 1861 Sexto,
627 1815 788 1868 ejusque
803 1815 1004 1867 judicium
1025 1813 1127 1853 mihi
1148 1814 1376 1867 perscribes.
1413 1811 1463 1852 Εἷς
1481 1812 1549 1863 {luel
1569 1812 1683 1864 μυρίοι.
1718 1814 1856 1853 Caleni

463 1882 733 1920 interventum
753 1890 792 1919 et
812 1881 992 1920 Calvenae
1021 1881 1190 1919 cavebis.
1236 1880 1359 1932 Qod
1390 1880 1530 1918 vereris
1564 1894 1612 1918 ne
1642 1875 1853 1924 ἁδόλεσ-χοςε

463 1945 566 1985 mihi
589 1956 630 1985 tu
650 1948 663 1984 ?
686 1947 775 1998 quis
797 1947 929 1985 minus
949 1948 962 1984 ?
985 1947 1065 1992 cui,
1089 1956 1132 1984 ut
1153 1946 1406 1999 Aristophani
1431 1945 1664 1984 Archilochi
1686 1945 1854 1991 iambus,

463 2011 515 2049 fic
536 2010 698 2063 epistola
717 2010 938 2062 longiffima
958 2024 1123 2063 quaeque
1154 2011 1306 2062 optima
1324 2010 1492 2048 videtur.
1540 2010 1660 2061 Qod
1693 2024 1754 2048 me
1786 2011 1854 2048 ad-

462 2089 631 2121 mones,
664 2085 707 2113 tu
729 2089 819 2113 vero
839 2075 956 2113 etiam
980 2075 1005 2113 si
1027 2074 1339 2128 reprehenderes,
1370 2089 1447 2112 non
1470 2075 1589 2113 modo
1610 2075 1725 2113 facile
1746 2085 1856 2128 pate-

465 2156 539 2187 rer,
572 2141 634 2180 sed
654 2142 772 2179 etiam
795 2142 970 2187 laetarer;
1004 2142 1152 2194 quippe
1181 2155 1274 2180 cum
1304 2142 1345 2179 in
1372 2141 1666 2194 reprehensione
1687 2142 1739 2180 est
1759 2157 1855 2195 pru-

464 2207 597 2246 dentia
616 2221 708 2246 cum
731 2206 885 2262 εὐμενείᾳ.
934 2209 993 2246 Ita
1024 2208 1192 2246 libenter
1224 2221 1267 2245 ea
1297 2208 1507 2260 corrigam,
1539 2221 1624 2260 quae
1656 2221 1676 2245 a
1708 2218 1745 2245 te
1770 2208 1856 2246 ani-

465 2273 663 2312 madversa
699 2273 801 2318 sunt,
843 2273 955 2311 codem
971 2274 1074 2326 jure,
1113 2288 1178 2326 quo
1207 2273 1413 2318 Rubriano,
1454 2274 1601 2326 potius,
1643 2287 1761 2326 quam
1792 2288 1859 2326 quo

467 2339 638 2392 Scipionis
654 2354 667 2376 .·
698 2348 736 2377 et
767 2339 814 2376 de
842 2340 1024 2378 laudibus
1047 2339 1265 2379 Dolabellae
1285 2339 1443 2378 deruam
1466 2340 1690 2378 cumulum.
1739 2340 1856 2377 Atta-

465 2418 557 2444 men
586 2404 639 2442 est
671 2404 742 2442 illo
769 2404 858 2443 loco
889 2405 1005 2450 bella,
1038 2415 1080 2444 ut
1113 2405 1214 2444 mihi
1247 2406 1415 2449 videtur,
1447 2400 1594 2458 εἱςωνεία,
1626 2405 1731 2458 quod
1764 2419 1857 2444 eum

468 2481 527 2510 ter
565 2479 702 2509 contra
739 2470 842 2509 cives
882 2471 922 2509 in
963 2472 1058 2510 acie.
1120 2471 1225 2511 Illud
1264 2472 1383 2510 etiam
1423 2474 1541 2517 malo,
1592 2470 1858 2524 indignyfimum

464 2537 513 2590 est
544 2537 639 2577 hunc
671 2535 812 2585 vivere,
843 2551 978 2593 quam,
1010 2537 1098 2593 quid
1123 2537 1301 2591 indignius
1317 2538 1338 2577 ἒ
1377 2541 1637 2588 Πιπλογμφιω
1671 2537 1857 2577 Varronis
