<?xml version="1.0" encoding="UTF-8"?>
<!DOCTYPE html PUBLIC "-//W3C//DTD XHTML 1.0 Transitional//EN"
    "http://www.w3.org/TR/xhtml1/DTD/xhtml1-transitional.dtd">
<html xmlns="http://www.w3.org/1999/xhtml" xml:lang="en" lang="en">
 <head>
  <title>
</title>
<meta http-equiv="Content-Type" content="text/html;charset=utf-8" />
  <meta name='ocr-system' content='tesseract 3.04.00' />
  <meta name='ocr-capabilities' content='ocr_page ocr_carea ocr_par ocr_line ocrx_word'/>
</head>
<body>
  <div class='ocr_page' id='page_1' title='image "./operacumindicibu08ciceuoft_0030.png"; bbox 0 0 2243 3008; ppageno 0'>
   <div class='ocr_carea' id='block_1_1' title="bbox 428 252 1451 294">
    <p class='ocr_par' dir='ltr' id='par_1_1' title="bbox 428 252 1451 294">
     <span class='ocr_line' id='line_1_1' title="bbox 428 252 1451 294; baseline -0.002 -1"><span class='ocrx_word' id='word_1_1' title='bbox 428 264 476 294; x_wconf 69' lang='grc' dir='ltr'>’.η</span> <span class='ocrx_word' id='word_1_2' title='bbox 768 252 1451 292; x_wconf 85' lang='lat' dir='ltr'><strong>EPISTOLARUM</strong></span> 
     </span>
    </p>
   </div>
   <div class='ocr_carea' id='block_1_2' title="bbox 421 351 1810 2565">
    <p class='ocr_par' dir='ltr' id='par_1_2' title="bbox 421 351 1810 2565">
     <span class='ocr_line' id='line_1_2' title="bbox 426 351 1804 406; baseline -0.001 -15"><span class='ocrx_word' id='word_1_3' title='bbox 426 353 480 392; x_wconf 90' lang='lat' dir='ltr'>est</span> <span class='ocrx_word' id='word_1_4' title='bbox 508 353 661 406; x_wconf 88' lang='lat' dir='ltr'>sanguis</span> <span class='ocrx_word' id='word_1_5' title='bbox 690 353 845 392; x_wconf 84' lang='lat' dir='ltr'>invidiae</span> <span class='ocrx_word' id='word_1_6' title='bbox 872 353 948 391; x_wconf 78' lang='lat' dir='ltr'>sine</span> <span class='ocrx_word' id='word_1_7' title='bbox 977 352 1125 398; x_wconf 87' lang='lat' dir='ltr'>dolore,</span> <span class='ocrx_word' id='word_1_8' title='bbox 1155 362 1272 405; x_wconf 85' lang='lat' dir='ltr'>atque</span> <span class='ocrx_word' id='word_1_9' title='bbox 1291 353 1409 391; x_wconf 89' lang='lat' dir='ltr'>etiam</span> <span class='ocrx_word' id='word_1_10' title='bbox 1429 351 1506 391; x_wconf 87' lang='lat' dir='ltr'>hoc</span> <span class='ocrx_word' id='word_1_11' title='bbox 1526 354 1666 405; x_wconf 87' lang='lat' dir='ltr'>magis,</span> <span class='ocrx_word' id='word_1_12' title='bbox 1696 351 1804 405; x_wconf 90' lang='lat' dir='ltr'>quod</span> 
     </span>
     <span class='ocr_line' id='line_1_3' title="bbox 426 417 1802 470; baseline -0.001 -13"><span class='ocrx_word' id='word_1_13' title='bbox 426 433 562 458; x_wconf 88' lang='lat' dir='ltr'>omnes</span> <span class='ocrx_word' id='word_1_14' title='bbox 595 419 656 457; x_wconf 91' lang='lat' dir='ltr'>illi</span> <span class='ocrx_word' id='word_1_15' title='bbox 690 418 858 457; x_wconf 86' lang='lat' dir='ltr'>fautores</span> <span class='ocrx_word' id='word_1_16' title='bbox 890 418 997 456; x_wconf 89' lang='lat' dir='ltr'>illius</span> <span class='ocrx_word' id='word_1_17' title='bbox 1031 417 1169 470; x_wconf 87' lang='lat' dir='ltr'>flagitii</span> <span class='ocrx_word' id='word_1_18' title='bbox 1204 431 1287 456; x_wconf 89' lang='lat' dir='ltr'>rem</span> <span class='ocrx_word' id='word_1_19' title='bbox 1320 418 1565 456; x_wconf 84' lang='lat' dir='ltr'>manifestam</span> <span class='ocrx_word' id='word_1_20' title='bbox 1598 418 1708 456; x_wconf 83' lang='lat' dir='ltr'>illam</span> <span class='ocrx_word' id='word_1_21' title='bbox 1739 431 1802 455; x_wconf 90' lang='lat' dir='ltr'>re-</span> 
     </span>
     <span class='ocr_line' id='line_1_4' title="bbox 426 483 1804 538; baseline -0.001 -15"><span class='ocrx_word' id='word_1_22' title='bbox 426 485 626 538; x_wconf 87' lang='lat' dir='ltr'>demptam</span> <span class='ocrx_word' id='word_1_23' title='bbox 660 484 731 523; x_wconf 80' lang='lat' dir='ltr'>effe</span> <span class='ocrx_word' id='word_1_24' title='bbox 764 498 785 522; x_wconf 92' lang='lat' dir='ltr'>a</span> <span class='ocrx_word' id='word_1_25' title='bbox 811 483 1014 536; x_wconf 88' lang='lat' dir='ltr'>judicibus</span> <span class='ocrx_word' id='word_1_26' title='bbox 1048 483 1302 523; x_wconf 88' lang='lat' dir='ltr'>confitentur.</span> <span class='ocrx_word' id='word_1_27' title='bbox 1347 483 1515 522; x_wconf 88' lang='lat' dir='ltr'>Accedit</span> <span class='ocrx_word' id='word_1_28' title='bbox 1545 483 1660 529; x_wconf 87' lang='lat' dir='ltr'>illud,</span> <span class='ocrx_word' id='word_1_29' title='bbox 1695 483 1804 536; x_wconf 90' lang='lat' dir='ltr'>quod</span> 
     </span>
     <span class='ocr_line' id='line_1_5' title="bbox 427 548 1804 601; baseline -0.001 -13"><span class='ocrx_word' id='word_1_30' title='bbox 427 550 496 588; x_wconf 89' lang='lat' dir='ltr'>illa</span> <span class='ocrx_word' id='word_1_31' title='bbox 514 549 753 588; x_wconf 89' lang='lat' dir='ltr'>concionalis</span> <span class='ocrx_word' id='word_1_32' title='bbox 772 548 915 587; x_wconf 88' lang='lat' dir='ltr'>hirudo</span> <span class='ocrx_word' id='word_1_33' title='bbox 934 548 1071 593; x_wconf 82' lang='lat' dir='ltr'>aerarii,</span> <span class='ocrx_word' id='word_1_34' title='bbox 1102 548 1239 586; x_wconf 79' lang='lat' dir='ltr'>misera</span> <span class='ocrx_word' id='word_1_35' title='bbox 1267 562 1308 586; x_wconf 92' lang='lat' dir='ltr'>ac</span> <span class='ocrx_word' id='word_1_36' title='bbox 1333 550 1468 600; x_wconf 86' lang='lat' dir='ltr'>jejuna</span> <span class='ocrx_word' id='word_1_37' title='bbox 1491 548 1708 601; x_wconf 85' lang='lat' dir='ltr'>plebecula,</span> <span class='ocrx_word' id='word_1_38' title='bbox 1740 561 1804 586; x_wconf 91' lang='lat' dir='ltr'>me</span> 
     </span>
     <span class='ocr_line' id='line_1_6' title="bbox 426 613 1802 667; baseline -0.002 -13"><span class='ocrx_word' id='word_1_39' title='bbox 426 616 475 653; x_wconf 89' lang='lat' dir='ltr'>ab</span> <span class='ocrx_word' id='word_1_40' title='bbox 505 615 582 654; x_wconf 90' lang='lat' dir='ltr'>hoc</span> <span class='ocrx_word' id='word_1_41' title='bbox 614 616 766 667; x_wconf 89' lang='lat' dir='ltr'>Magno</span> <span class='ocrx_word' id='word_1_42' title='bbox 796 614 911 652; x_wconf 90' lang='lat' dir='ltr'>unice</span> <span class='ocrx_word' id='word_1_43' title='bbox 944 613 1059 666; x_wconf 90' lang='lat' dir='ltr'>diligi</span> <span class='ocrx_word' id='word_1_44' title='bbox 1087 623 1225 665; x_wconf 90' lang='lat' dir='ltr'>putat:</span> <span class='ocrx_word' id='word_1_45' title='bbox 1257 624 1296 652; x_wconf 91' lang='lat' dir='ltr'>et</span> <span class='ocrx_word' id='word_1_46' title='bbox 1324 613 1483 652; x_wconf 84' lang='lat' dir='ltr'>hercule</span> <span class='ocrx_word' id='word_1_47' title='bbox 1514 614 1640 652; x_wconf 88' lang='lat' dir='ltr'>multa</span> <span class='ocrx_word' id='word_1_48' title='bbox 1670 623 1710 652; x_wconf 88' lang='lat' dir='ltr'>et</span> <span class='ocrx_word' id='word_1_49' title='bbox 1733 615 1802 665; x_wconf 87' lang='lat' dir='ltr'>ju-</span> 
     </span>
     <span class='ocr_line' id='line_1_7' title="bbox 426 679 1805 734; baseline -0.001 -15"><span class='ocrx_word' id='word_1_50' title='bbox 426 681 555 719; x_wconf 87' lang='lat' dir='ltr'>cunda</span> <span class='ocrx_word' id='word_1_51' title='bbox 580 680 862 734; x_wconf 85' lang='lat' dir='ltr'>consuetudine</span> <span class='ocrx_word' id='word_1_52' title='bbox 889 679 1090 731; x_wconf 70' lang='lat' dir='ltr'>conjunffi</span> <span class='ocrx_word' id='word_1_53' title='bbox 1119 679 1221 717; x_wconf 87' lang='lat' dir='ltr'>inter</span> <span class='ocrx_word' id='word_1_54' title='bbox 1249 693 1319 718; x_wconf 88' lang='lat' dir='ltr'>nos</span> <span class='ocrx_word' id='word_1_55' title='bbox 1349 679 1496 724; x_wconf 91' lang='lat' dir='ltr'>sumus,</span> <span class='ocrx_word' id='word_1_56' title='bbox 1528 679 1649 731; x_wconf 90' lang='lat' dir='ltr'>usque</span> <span class='ocrx_word' id='word_1_57' title='bbox 1668 693 1728 723; x_wconf 87' lang='lat' dir='ltr'>eo,</span> <span class='ocrx_word' id='word_1_58' title='bbox 1759 687 1805 717; x_wconf 89' lang='lat' dir='ltr'>ut</span> 
     </span>
     <span class='ocr_line' id='line_1_8' title="bbox 426 744 1803 797; baseline -0.002 -13"><span class='ocrx_word' id='word_1_59' title='bbox 426 746 545 785; x_wconf 85' lang='lat' dir='ltr'>nostri</span> <span class='ocrx_word' id='word_1_60' title='bbox 578 745 640 784; x_wconf 86' lang='lat' dir='ltr'>isti</span> <span class='ocrx_word' id='word_1_61' title='bbox 673 745 932 784; x_wconf 78' lang='lat' dir='ltr'>comiffatores</span> <span class='ocrx_word' id='word_1_62' title='bbox 965 745 1263 796; x_wconf 87' lang='lat' dir='ltr'>conjurationis,</span> <span class='ocrx_word' id='word_1_63' title='bbox 1305 744 1499 783; x_wconf 89' lang='lat' dir='ltr'>barbatuli</span> <span class='ocrx_word' id='word_1_64' title='bbox 1526 746 1706 797; x_wconf 82' lang='lat' dir='ltr'>juvenes,</span> <span class='ocrx_word' id='word_1_65' title='bbox 1750 745 1803 781; x_wconf 84' lang='lat' dir='ltr'>il-</span> 
     </span>
     <span class='ocr_line' id='line_1_9' title="bbox 427 810 1806 863; baseline -0.002 -13"><span class='ocrx_word' id='word_1_66' title='bbox 427 813 513 850; x_wconf 90' lang='lat' dir='ltr'>lum</span> <span class='ocrx_word' id='word_1_67' title='bbox 543 812 583 849; x_wconf 92' lang='lat' dir='ltr'>in</span> <span class='ocrx_word' id='word_1_68' title='bbox 613 811 855 849; x_wconf 89' lang='lat' dir='ltr'>sermonibus</span> <span class='ocrx_word' id='word_1_69' title='bbox 885 811 1052 848; x_wconf 80' lang='lat' dir='ltr'>Cnaeum</span> <span class='ocrx_word' id='word_1_70' title='bbox 1080 810 1314 848; x_wconf 87' lang='lat' dir='ltr'>Ciceronem</span> <span class='ocrx_word' id='word_1_71' title='bbox 1341 810 1553 863; x_wconf 87' lang='lat' dir='ltr'>appellent.</span> <span class='ocrx_word' id='word_1_72' title='bbox 1599 811 1737 862; x_wconf 85' lang='lat' dir='ltr'>Itaque</span> <span class='ocrx_word' id='word_1_73' title='bbox 1765 818 1806 847; x_wconf 90' lang='lat' dir='ltr'>et</span> 
     </span>
     <span class='ocr_line' id='line_1_10' title="bbox 427 873 1804 928; baseline -0.008 -13"><span class='ocrx_word' id='word_1_74' title='bbox 427 877 530 916; x_wconf 91' lang='lat' dir='ltr'>ludis</span> <span class='ocrx_word' id='word_1_75' title='bbox 568 887 607 914; x_wconf 87' lang='lat' dir='ltr'>et</span> <span class='ocrx_word' id='word_1_76' title='bbox 644 875 924 928; x_wconf 82' lang='lat' dir='ltr'>gladiatoribus</span> <span class='ocrx_word' id='word_1_77' title='bbox 962 875 1154 913; x_wconf 88' lang='lat' dir='ltr'>mirandas</span> <span class='ocrx_word' id='word_1_78' title='bbox 1187 873 1414 922; x_wconf 59' lang='grc' dir='ltr'>ἐπισημασίας</span> <span class='ocrx_word' id='word_1_79' title='bbox 1447 875 1525 913; x_wconf 80' lang='lat' dir='ltr'>sine</span> <span class='ocrx_word' id='word_1_80' title='bbox 1562 874 1644 912; x_wconf 90' lang='lat' dir='ltr'>ulla</span> <span class='ocrx_word' id='word_1_81' title='bbox 1676 874 1804 926; x_wconf 82' lang='lat' dir='ltr'>pasto-</span> 
     </span>
     <span class='ocr_line' id='line_1_11' title="bbox 427 935 1805 990; baseline -0.002 -10"><span class='ocrx_word' id='word_1_82' title='bbox 427 935 515 980; x_wconf 87' lang='lat' dir='ltr'>ritia</span> <span class='ocrx_word' id='word_1_83' title='bbox 534 941 660 979; x_wconf 89' lang='lat' dir='ltr'>fistula</span> <span class='ocrx_word' id='word_1_84' title='bbox 678 939 961 978; x_wconf 84' lang='lat' dir='ltr'>auferebamus.</span> <span class='ocrx_word' id='word_1_85' title='bbox 995 940 1118 978; x_wconf 91' lang='lat' dir='ltr'>Nunc</span> <span class='ocrx_word' id='word_1_86' title='bbox 1136 939 1191 976; x_wconf 88' lang='lat' dir='ltr'>est</span> <span class='ocrx_word' id='word_1_87' title='bbox 1210 939 1426 990; x_wconf 68' lang='lat' dir='ltr'>expe-statio</span> <span class='ocrx_word' id='word_1_88' title='bbox 1446 939 1702 977; x_wconf 88' lang='lat' dir='ltr'>comitiorum</span> <span class='ocrx_word' id='word_1_89' title='bbox 1719 954 1729 977; x_wconf 70' lang='grc' dir='ltr'>ε</span> <span class='ocrx_word' id='word_1_90' title='bbox 1762 939 1805 977; x_wconf 90' lang='lat' dir='ltr'>in</span> 
     </span>
     <span class='ocr_line' id='line_1_12' title="bbox 426 1003 1804 1060; baseline -0.003 -15"><span class='ocrx_word' id='word_1_91' title='bbox 426 1021 503 1060; x_wconf 86' lang='lat' dir='ltr'>qua</span> <span class='ocrx_word' id='word_1_92' title='bbox 526 1006 712 1045; x_wconf 86' lang='lat' dir='ltr'>omnibus</span> <span class='ocrx_word' id='word_1_93' title='bbox 741 1005 875 1043; x_wconf 88' lang='lat' dir='ltr'>invitis</span> <span class='ocrx_word' id='word_1_94' title='bbox 906 1004 1030 1042; x_wconf 85' lang='lat' dir='ltr'>trudit</span> <span class='ocrx_word' id='word_1_95' title='bbox 1059 1003 1186 1042; x_wconf 88' lang='lat' dir='ltr'>noster</span> <span class='ocrx_word' id='word_1_96' title='bbox 1218 1003 1391 1055; x_wconf 86' lang='lat' dir='ltr'>Magnus</span> <span class='ocrx_word' id='word_1_97' title='bbox 1423 1004 1522 1042; x_wconf 91' lang='lat' dir='ltr'>Auli</span> <span class='ocrx_word' id='word_1_98' title='bbox 1553 1003 1711 1049; x_wconf 79' lang='lat' dir='ltr'>filium3</span> <span class='ocrx_word' id='word_1_99' title='bbox 1742 1013 1804 1042; x_wconf 86' lang='lat' dir='ltr'>at-</span> 
     </span>
     <span class='ocr_line' id='line_1_13' title="bbox 425 1069 1806 1126; baseline -0.002 -15"><span class='ocrx_word' id='word_1_100' title='bbox 425 1087 503 1126; x_wconf 90' lang='lat' dir='ltr'>que</span> <span class='ocrx_word' id='word_1_101' title='bbox 523 1073 562 1110; x_wconf 89' lang='lat' dir='ltr'>in</span> <span class='ocrx_word' id='word_1_102' title='bbox 583 1086 629 1110; x_wconf 90' lang='lat' dir='ltr'>eo</span> <span class='ocrx_word' id='word_1_103' title='bbox 649 1084 776 1124; x_wconf 89' lang='lat' dir='ltr'>neque</span> <span class='ocrx_word' id='word_1_104' title='bbox 795 1070 1036 1115; x_wconf 74' lang='lat' dir='ltr'>auctoritate,</span> <span class='ocrx_word' id='word_1_105' title='bbox 1067 1083 1194 1122; x_wconf 90' lang='lat' dir='ltr'>neque</span> <span class='ocrx_word' id='word_1_106' title='bbox 1213 1069 1350 1122; x_wconf 90' lang='lat' dir='ltr'>gratia,</span> <span class='ocrx_word' id='word_1_107' title='bbox 1382 1079 1545 1123; x_wconf 85' lang='lat' dir='ltr'>pugnat,</span> <span class='ocrx_word' id='word_1_108' title='bbox 1576 1069 1639 1109; x_wconf 89' lang='lat' dir='ltr'>sed</span> <span class='ocrx_word' id='word_1_109' title='bbox 1659 1070 1806 1122; x_wconf 82' lang='lat' dir='ltr'>quibus</span> 
     </span>
     <span class='ocr_line' id='line_1_14' title="bbox 426 1134 1806 1191; baseline -0.002 -15"><span class='ocrx_word' id='word_1_110' title='bbox 426 1137 637 1191; x_wconf 88' lang='lat' dir='ltr'>Philippus</span> <span class='ocrx_word' id='word_1_111' title='bbox 671 1136 803 1175; x_wconf 90' lang='lat' dir='ltr'>omnia</span> <span class='ocrx_word' id='word_1_112' title='bbox 840 1135 995 1180; x_wconf 78' lang='lat' dir='ltr'>castella</span> <span class='ocrx_word' id='word_1_113' title='bbox 1029 1134 1246 1187; x_wconf 87' lang='lat' dir='ltr'>expugnari</span> <span class='ocrx_word' id='word_1_114' title='bbox 1284 1134 1388 1187; x_wconf 83' lang='lat' dir='ltr'>poffe</span> <span class='ocrx_word' id='word_1_115' title='bbox 1425 1135 1595 1180; x_wconf 86' lang='lat' dir='ltr'>dicebat,</span> <span class='ocrx_word' id='word_1_116' title='bbox 1639 1136 1681 1174; x_wconf 91' lang='lat' dir='ltr'>in</span> <span class='ocrx_word' id='word_1_117' title='bbox 1719 1149 1806 1188; x_wconf 86' lang='lat' dir='ltr'>quae</span> 
     </span>
     <span class='ocr_line' id='line_1_15' title="bbox 426 1199 1805 1253; baseline -0.002 -12"><span class='ocrx_word' id='word_1_118' title='bbox 426 1203 546 1241; x_wconf 90' lang='lat' dir='ltr'>modo</span> <span class='ocrx_word' id='word_1_119' title='bbox 578 1202 716 1241; x_wconf 87' lang='lat' dir='ltr'>asellus</span> <span class='ocrx_word' id='word_1_120' title='bbox 749 1201 909 1240; x_wconf 86' lang='lat' dir='ltr'>onustus</span> <span class='ocrx_word' id='word_1_121' title='bbox 942 1213 1037 1238; x_wconf 89' lang='lat' dir='ltr'>auro</span> <span class='ocrx_word' id='word_1_122' title='bbox 1069 1199 1190 1253; x_wconf 83' lang='lat' dir='ltr'>poffet</span> <span class='ocrx_word' id='word_1_123' title='bbox 1223 1199 1439 1238; x_wconf 83' lang='lat' dir='ltr'>ascendere.</span> <span class='ocrx_word' id='word_1_124' title='bbox 1490 1200 1640 1239; x_wconf 89' lang='lat' dir='ltr'>Consul</span> <span class='ocrx_word' id='word_1_125' title='bbox 1673 1210 1805 1239; x_wconf 87' lang='lat' dir='ltr'>autem</span> 
     </span>
     <span class='ocr_line' id='line_1_16' title="bbox 427 1265 1806 1318; baseline -0.002 -11"><span class='ocrx_word' id='word_1_126' title='bbox 427 1270 510 1314; x_wconf 92' lang='lat' dir='ltr'>ille,</span> <span class='ocrx_word' id='word_1_127' title='bbox 541 1267 768 1307; x_wconf 89' lang='lat' dir='ltr'>Doterionis</span> <span class='ocrx_word' id='word_1_128' title='bbox 802 1265 1000 1304; x_wconf 87' lang='lat' dir='ltr'>histrionis</span> <span class='ocrx_word' id='word_1_129' title='bbox 1035 1265 1188 1310; x_wconf 83' lang='lat' dir='ltr'>fimilis,</span> <span class='ocrx_word' id='word_1_130' title='bbox 1231 1265 1429 1318; x_wconf 85' lang='lat' dir='ltr'>suscepiffe</span> <span class='ocrx_word' id='word_1_131' title='bbox 1463 1266 1669 1318; x_wconf 86' lang='lat' dir='ltr'>negotium</span> <span class='ocrx_word' id='word_1_132' title='bbox 1703 1266 1806 1305; x_wconf 89' lang='lat' dir='ltr'>dici-</span> 
     </span>
     <span class='ocr_line' id='line_1_17' title="bbox 426 1330 1809 1383; baseline -0.003 -10"><span class='ocrx_word' id='word_1_133' title='bbox 426 1343 507 1379; x_wconf 84' lang='lat' dir='ltr'>tur,</span> <span class='ocrx_word' id='word_1_134' title='bbox 536 1342 576 1372; x_wconf 88' lang='lat' dir='ltr'>et</span> <span class='ocrx_word' id='word_1_135' title='bbox 595 1333 703 1372; x_wconf 90' lang='lat' dir='ltr'>domi</span> <span class='ocrx_word' id='word_1_136' title='bbox 723 1332 904 1370; x_wconf 87' lang='lat' dir='ltr'>divisores</span> <span class='ocrx_word' id='word_1_137' title='bbox 924 1330 1093 1369; x_wconf 80' lang='lat' dir='ltr'>habere:</span> <span class='ocrx_word' id='word_1_138' title='bbox 1124 1331 1232 1383; x_wconf 90' lang='lat' dir='ltr'>quod</span> <span class='ocrx_word' id='word_1_139' title='bbox 1259 1344 1334 1383; x_wconf 89' lang='lat' dir='ltr'>ego</span> <span class='ocrx_word' id='word_1_140' title='bbox 1360 1344 1439 1369; x_wconf 91' lang='lat' dir='ltr'>non</span> <span class='ocrx_word' id='word_1_141' title='bbox 1465 1331 1596 1370; x_wconf 89' lang='lat' dir='ltr'>credo.</span> <span class='ocrx_word' id='word_1_142' title='bbox 1642 1331 1716 1369; x_wconf 88' lang='lat' dir='ltr'>Sed</span> <span class='ocrx_word' id='word_1_143' title='bbox 1747 1331 1809 1369; x_wconf 88' lang='lat' dir='ltr'>se-</span> 
     </span>
     <span class='ocr_line' id='line_1_18' title="bbox 427 1395 1808 1449; baseline -0.002 -11"><span class='ocrx_word' id='word_1_144' title='bbox 427 1398 742 1438; x_wconf 87' lang='lat' dir='ltr'>natus-consulta</span> <span class='ocrx_word' id='word_1_145' title='bbox 771 1397 850 1436; x_wconf 90' lang='lat' dir='ltr'>duo</span> <span class='ocrx_word' id='word_1_146' title='bbox 873 1398 958 1449; x_wconf 89' lang='lat' dir='ltr'>jam</span> <span class='ocrx_word' id='word_1_147' title='bbox 988 1395 1088 1435; x_wconf 70' lang='lat' dir='ltr'>faeta</span> <span class='ocrx_word' id='word_1_148' title='bbox 1113 1397 1202 1435; x_wconf 89' lang='lat' dir='ltr'>sunt</span> <span class='ocrx_word' id='word_1_149' title='bbox 1225 1396 1372 1441; x_wconf 85' lang='lat' dir='ltr'>odiosa,</span> <span class='ocrx_word' id='word_1_150' title='bbox 1402 1397 1508 1449; x_wconf 90' lang='lat' dir='ltr'>quod</span> <span class='ocrx_word' id='word_1_151' title='bbox 1529 1398 1570 1435; x_wconf 90' lang='lat' dir='ltr'>in</span> <span class='ocrx_word' id='word_1_152' title='bbox 1591 1396 1808 1436; x_wconf 88' lang='lat' dir='ltr'>Consulem</span> 
     </span>
     <span class='ocr_line' id='line_1_19' title="bbox 426 1461 1810 1517; baseline -0.003 -13"><span class='ocrx_word' id='word_1_153' title='bbox 426 1463 527 1504; x_wconf 61' lang='lat' dir='ltr'>fasta</span> <span class='ocrx_word' id='word_1_154' title='bbox 559 1473 760 1517; x_wconf 83' lang='lat' dir='ltr'>putantur,</span> <span class='ocrx_word' id='word_1_155' title='bbox 804 1463 955 1501; x_wconf 89' lang='lat' dir='ltr'>Catone</span> <span class='ocrx_word' id='word_1_156' title='bbox 987 1470 1027 1500; x_wconf 88' lang='lat' dir='ltr'>et</span> <span class='ocrx_word' id='word_1_157' title='bbox 1066 1462 1249 1500; x_wconf 89' lang='lat' dir='ltr'>Domitio</span> <span class='ocrx_word' id='word_1_158' title='bbox 1285 1461 1531 1514; x_wconf 85' lang='lat' dir='ltr'>postulante;</span> <span class='ocrx_word' id='word_1_159' title='bbox 1577 1475 1719 1508; x_wconf 88' lang='lat' dir='ltr'>unum,</span> <span class='ocrx_word' id='word_1_160' title='bbox 1763 1470 1810 1500; x_wconf 89' lang='lat' dir='ltr'>ut</span> 
     </span>
     <span class='ocr_line' id='line_1_20' title="bbox 427 1527 1808 1583; baseline -0.003 -14"><span class='ocrx_word' id='word_1_161' title='bbox 427 1530 531 1583; x_wconf 86' lang='lat' dir='ltr'>apud</span> <span class='ocrx_word' id='word_1_162' title='bbox 561 1528 804 1582; x_wconf 89' lang='lat' dir='ltr'>magistratus</span> <span class='ocrx_word' id='word_1_163' title='bbox 833 1527 982 1580; x_wconf 90' lang='lat' dir='ltr'>inquiri</span> <span class='ocrx_word' id='word_1_164' title='bbox 1010 1527 1175 1572; x_wconf 84' lang='lat' dir='ltr'>liceret;</span> <span class='ocrx_word' id='word_1_165' title='bbox 1207 1527 1389 1573; x_wconf 83' lang='lat' dir='ltr'>alterum,</span> <span class='ocrx_word' id='word_1_166' title='bbox 1420 1528 1534 1579; x_wconf 89' lang='lat' dir='ltr'>eujus</span> <span class='ocrx_word' id='word_1_167' title='bbox 1565 1527 1674 1566; x_wconf 91' lang='lat' dir='ltr'>domi</span> <span class='ocrx_word' id='word_1_168' title='bbox 1703 1527 1808 1565; x_wconf 87' lang='lat' dir='ltr'>divi-</span> 
     </span>
     <span class='ocr_line' id='line_1_21' title="bbox 428 1582 1807 1645; baseline -0.003 -11"><span class='ocrx_word' id='word_1_169' title='bbox 428 1596 526 1634; x_wconf 89' lang='lat' dir='ltr'>sores</span> <span class='ocrx_word' id='word_1_170' title='bbox 565 1595 767 1638; x_wconf 78' lang='lat' dir='ltr'>haberent,</span> <span class='ocrx_word' id='word_1_171' title='bbox 811 1582 988 1631; x_wconf 84' lang='lat' dir='ltr'>adversus</span> <span class='ocrx_word' id='word_1_172' title='bbox 1022 1591 1325 1645; x_wconf 85' lang='lat' dir='ltr'>rempublicam.</span> <span class='ocrx_word' id='word_1_173' title='bbox 1376 1593 1509 1630; x_wconf 87' lang='lat' dir='ltr'>Lurco</span> <span class='ocrx_word' id='word_1_174' title='bbox 1541 1601 1688 1637; x_wconf 88' lang='lat' dir='ltr'>autem,</span> <span class='ocrx_word' id='word_1_175' title='bbox 1733 1593 1807 1630; x_wconf 88' lang='lat' dir='ltr'>tri-</span> 
     </span>
     <span class='ocr_line' id='line_1_22' title="bbox 428 1656 1806 1712; baseline -0.004 -12"><span class='ocrx_word' id='word_1_176' title='bbox 428 1661 557 1700; x_wconf 87' lang='lat' dir='ltr'>bunus</span> <span class='ocrx_word' id='word_1_177' title='bbox 590 1659 733 1712; x_wconf 87' lang='lat' dir='ltr'>plebis,</span> <span class='ocrx_word' id='word_1_178' title='bbox 764 1659 835 1710; x_wconf 92' lang='lat' dir='ltr'>qui</span> <span class='ocrx_word' id='word_1_179' title='bbox 868 1657 1136 1709; x_wconf 85' lang='lat' dir='ltr'>magistratum</span> <span class='ocrx_word' id='word_1_180' title='bbox 1168 1656 1281 1695; x_wconf 87' lang='lat' dir='ltr'>fimul</span> <span class='ocrx_word' id='word_1_181' title='bbox 1315 1669 1409 1694; x_wconf 85' lang='lat' dir='ltr'>cum</span> <span class='ocrx_word' id='word_1_182' title='bbox 1444 1657 1529 1710; x_wconf 87' lang='lat' dir='ltr'>lege</span> <span class='ocrx_word' id='word_1_183' title='bbox 1560 1657 1667 1696; x_wconf 85' lang='lat' dir='ltr'>AElia</span> <span class='ocrx_word' id='word_1_184' title='bbox 1700 1657 1806 1703; x_wconf 87' lang='lat' dir='ltr'>iniit,</span> 
     </span>
     <span class='ocr_line' id='line_1_23' title="bbox 428 1721 1806 1775; baseline -0.004 -10"><span class='ocrx_word' id='word_1_185' title='bbox 428 1727 575 1765; x_wconf 82' lang='lat' dir='ltr'>solutus</span> <span class='ocrx_word' id='word_1_186' title='bbox 608 1724 661 1763; x_wconf 84' lang='lat' dir='ltr'>est</span> <span class='ocrx_word' id='word_1_187' title='bbox 694 1732 734 1762; x_wconf 91' lang='lat' dir='ltr'>et</span> <span class='ocrx_word' id='word_1_188' title='bbox 767 1723 871 1761; x_wconf 84' lang='lat' dir='ltr'>AElia</span> <span class='ocrx_word' id='word_1_189' title='bbox 902 1732 942 1760; x_wconf 88' lang='lat' dir='ltr'>et</span> <span class='ocrx_word' id='word_1_190' title='bbox 980 1721 1107 1767; x_wconf 86' lang='lat' dir='ltr'>Fufia,</span> <span class='ocrx_word' id='word_1_191' title='bbox 1151 1731 1196 1760; x_wconf 91' lang='lat' dir='ltr'>ut</span> <span class='ocrx_word' id='word_1_192' title='bbox 1229 1722 1356 1775; x_wconf 88' lang='lat' dir='ltr'>legem</span> <span class='ocrx_word' id='word_1_193' title='bbox 1390 1722 1439 1761; x_wconf 89' lang='lat' dir='ltr'>de</span> <span class='ocrx_word' id='word_1_194' title='bbox 1471 1722 1625 1761; x_wconf 86' lang='lat' dir='ltr'>ambitu</span> <span class='ocrx_word' id='word_1_195' title='bbox 1659 1721 1806 1768; x_wconf 82' lang='lat' dir='ltr'>ferret;</span> 
     </span>
     <span class='ocr_line' id='line_1_24' title="bbox 426 1787 1808 1845; baseline -0.003 -15"><span class='ocrx_word' id='word_1_196' title='bbox 426 1805 545 1845; x_wconf 88' lang='lat' dir='ltr'>quam</span> <span class='ocrx_word' id='word_1_197' title='bbox 566 1790 634 1829; x_wconf 89' lang='lat' dir='ltr'>ille</span> <span class='ocrx_word' id='word_1_198' title='bbox 655 1790 759 1827; x_wconf 93' lang='lat' dir='ltr'>bono</span> <span class='ocrx_word' id='word_1_199' title='bbox 778 1787 950 1841; x_wconf 87' lang='lat' dir='ltr'>auspicio</span> <span class='ocrx_word' id='word_1_200' title='bbox 980 1787 1142 1826; x_wconf 85' lang='lat' dir='ltr'>claudus</span> <span class='ocrx_word' id='word_1_201' title='bbox 1169 1787 1292 1826; x_wconf 90' lang='lat' dir='ltr'>homo</span> <span class='ocrx_word' id='word_1_202' title='bbox 1322 1787 1602 1841; x_wconf 85' lang='lat' dir='ltr'>promulgavit.</span> <span class='ocrx_word' id='word_1_203' title='bbox 1649 1789 1707 1826; x_wconf 83' lang='lat' dir='ltr'>lta</span> <span class='ocrx_word' id='word_1_204' title='bbox 1738 1801 1808 1826; x_wconf 92' lang='lat' dir='ltr'>co-</span> 
     </span>
     <span class='ocr_line' id='line_1_25' title="bbox 427 1852 1807 1895; baseline -0.002 0"><span class='ocrx_word' id='word_1_205' title='bbox 427 1857 541 1895; x_wconf 82' lang='lat' dir='ltr'>mitia</span> <span class='ocrx_word' id='word_1_206' title='bbox 561 1857 600 1894; x_wconf 90' lang='lat' dir='ltr'>in</span> <span class='ocrx_word' id='word_1_207' title='bbox 621 1864 708 1893; x_wconf 89' lang='lat' dir='ltr'>ante</span> <span class='ocrx_word' id='word_1_208' title='bbox 729 1853 833 1891; x_wconf 88' lang='lat' dir='ltr'>diem</span> <span class='ocrx_word' id='word_1_209' title='bbox 855 1866 917 1891; x_wconf 90' lang='lat' dir='ltr'>v1.</span> <span class='ocrx_word' id='word_1_210' title='bbox 941 1853 1031 1891; x_wconf 87' lang='lat' dir='ltr'>Kal.</span> <span class='ocrx_word' id='word_1_211' title='bbox 1056 1853 1162 1891; x_wconf 85' lang='lat' dir='ltr'>Sext.</span> <span class='ocrx_word' id='word_1_212' title='bbox 1185 1853 1304 1891; x_wconf 87' lang='lat' dir='ltr'>dilata</span> <span class='ocrx_word' id='word_1_213' title='bbox 1324 1853 1426 1891; x_wconf 91' lang='lat' dir='ltr'>sunt.</span> <span class='ocrx_word' id='word_1_214' title='bbox 1472 1853 1581 1892; x_wconf 88' lang='lat' dir='ltr'>Novi</span> <span class='ocrx_word' id='word_1_215' title='bbox 1607 1852 1660 1891; x_wconf 82' lang='lat' dir='ltr'>est</span> <span class='ocrx_word' id='word_1_216' title='bbox 1687 1854 1726 1891; x_wconf 93' lang='lat' dir='ltr'>in</span> <span class='ocrx_word' id='word_1_217' title='bbox 1749 1854 1807 1892; x_wconf 89' lang='lat' dir='ltr'>le-</span> 
     </span>
     <span class='ocr_line' id='line_1_26' title="bbox 427 1918 1807 1975; baseline -0.002 -15"><span class='ocrx_word' id='word_1_218' title='bbox 427 1937 474 1975; x_wconf 85' lang='lat' dir='ltr'>ge</span> <span class='ocrx_word' id='word_1_219' title='bbox 508 1921 599 1966; x_wconf 83' lang='lat' dir='ltr'>hoc,</span> <span class='ocrx_word' id='word_1_220' title='bbox 631 1930 689 1964; x_wconf 90' lang='lat' dir='ltr'>ut,</span> <span class='ocrx_word' id='word_1_221' title='bbox 720 1920 789 1972; x_wconf 90' lang='lat' dir='ltr'>qui</span> <span class='ocrx_word' id='word_1_222' title='bbox 824 1932 1008 1957; x_wconf 92' lang='lat' dir='ltr'>nummos</span> <span class='ocrx_word' id='word_1_223' title='bbox 1044 1918 1084 1956; x_wconf 92' lang='lat' dir='ltr'>in</span> <span class='ocrx_word' id='word_1_224' title='bbox 1116 1919 1221 1957; x_wconf 90' lang='lat' dir='ltr'>tribu</span> <span class='ocrx_word' id='word_1_225' title='bbox 1256 1918 1534 1971; x_wconf 86' lang='lat' dir='ltr'>pronuntiarit,</span> <span class='ocrx_word' id='word_1_226' title='bbox 1567 1919 1591 1957; x_wconf 77' lang='lat' dir='ltr'>si</span> <span class='ocrx_word' id='word_1_227' title='bbox 1627 1932 1704 1957; x_wconf 89' lang='lat' dir='ltr'>non</span> <span class='ocrx_word' id='word_1_228' title='bbox 1737 1919 1807 1957; x_wconf 92' lang='lat' dir='ltr'>de-</span> 
     </span>
     <span class='ocr_line' id='line_1_27' title="bbox 427 1983 1807 2039; baseline -0.004 -13"><span class='ocrx_word' id='word_1_229' title='bbox 427 1988 542 2032; x_wconf 88' lang='lat' dir='ltr'>derit,</span> <span class='ocrx_word' id='word_1_230' title='bbox 575 1987 735 2039; x_wconf 90' lang='lat' dir='ltr'>impune</span> <span class='ocrx_word' id='word_1_231' title='bbox 757 1985 828 2030; x_wconf 80' lang='lat' dir='ltr'>sit;</span> <span class='ocrx_word' id='word_1_232' title='bbox 860 1985 914 2023; x_wconf 78' lang='lat' dir='ltr'>sin</span> <span class='ocrx_word' id='word_1_233' title='bbox 935 1983 1100 2029; x_wconf 89' lang='lat' dir='ltr'>dederit,</span> <span class='ocrx_word' id='word_1_234' title='bbox 1126 1993 1185 2030; x_wconf 91' lang='lat' dir='ltr'>ut,</span> <span class='ocrx_word' id='word_1_235' title='bbox 1206 1984 1335 2038; x_wconf 91' lang='lat' dir='ltr'>quoad</span> <span class='ocrx_word' id='word_1_236' title='bbox 1354 1985 1472 2029; x_wconf 86' lang='lat' dir='ltr'>vivat,</span> <span class='ocrx_word' id='word_1_237' title='bbox 1496 1984 1656 2037; x_wconf 82' lang='lat' dir='ltr'>singulis</span> <span class='ocrx_word' id='word_1_238' title='bbox 1679 1985 1807 2022; x_wconf 87' lang='lat' dir='ltr'>tribu-</span> 
     </span>
     <span class='ocr_line' id='line_1_28' title="bbox 428 2050 1808 2103; baseline -0.003 -11"><span class='ocrx_word' id='word_1_239' title='bbox 428 2055 501 2092; x_wconf 89' lang='lat' dir='ltr'>bus</span> <span class='ocrx_word' id='word_1_240' title='bbox 523 2053 614 2091; x_wconf 83' lang='lat' dir='ltr'>H-S</span> <span class='ocrx_word' id='word_1_241' title='bbox 637 2053 711 2091; x_wconf 71' lang='lat' dir='ltr'>clo</span> <span class='ocrx_word' id='word_1_242' title='bbox 737 2053 810 2091; x_wconf 74' lang='lat' dir='ltr'>clo</span> <span class='ocrx_word' id='word_1_243' title='bbox 835 2052 908 2089; x_wconf 73' lang='lat' dir='ltr'>cla</span> <span class='ocrx_word' id='word_1_244' title='bbox 931 2050 1082 2089; x_wconf 84' lang='lat' dir='ltr'>debeat.</span> <span class='ocrx_word' id='word_1_245' title='bbox 1134 2051 1246 2095; x_wconf 86' lang='lat' dir='ltr'>Dixi,</span> <span class='ocrx_word' id='word_1_246' title='bbox 1278 2050 1378 2089; x_wconf 89' lang='lat' dir='ltr'>hanc</span> <span class='ocrx_word' id='word_1_247' title='bbox 1400 2051 1527 2103; x_wconf 86' lang='lat' dir='ltr'>legem</span> <span class='ocrx_word' id='word_1_248' title='bbox 1550 2051 1595 2089; x_wconf 87' lang='lat' dir='ltr'>P.</span> <span class='ocrx_word' id='word_1_249' title='bbox 1619 2051 1808 2088; x_wconf 88' lang='lat' dir='ltr'>Clodium</span> 
     </span>
     <span class='ocr_line' id='line_1_29' title="bbox 421 2116 1806 2173; baseline -0.002 -15"><span class='ocrx_word' id='word_1_250' title='bbox 421 2122 505 2173; x_wconf 82' lang='lat' dir='ltr'>jam</span> <span class='ocrx_word' id='word_1_251' title='bbox 525 2129 612 2157; x_wconf 88' lang='lat' dir='ltr'>ante</span> <span class='ocrx_word' id='word_1_252' title='bbox 633 2118 785 2157; x_wconf 80' lang='lat' dir='ltr'>servaffe</span> <span class='ocrx_word' id='word_1_253' title='bbox 804 2133 812 2156; x_wconf 92' lang='lat'>:</span> <span class='ocrx_word' id='word_1_254' title='bbox 846 2118 1097 2170; x_wconf 86' lang='lat' dir='ltr'>pronuntiare</span> <span class='ocrx_word' id='word_1_255' title='bbox 1119 2117 1227 2155; x_wconf 88' lang='lat' dir='ltr'>enim</span> <span class='ocrx_word' id='word_1_256' title='bbox 1249 2117 1407 2155; x_wconf 87' lang='lat' dir='ltr'>solitum</span> <span class='ocrx_word' id='word_1_257' title='bbox 1427 2116 1514 2162; x_wconf 74' lang='lat' dir='ltr'>ess‘e,</span> <span class='ocrx_word' id='word_1_258' title='bbox 1545 2127 1583 2155; x_wconf 86' lang='lat' dir='ltr'>ct</span> <span class='ocrx_word' id='word_1_259' title='bbox 1605 2131 1682 2155; x_wconf 91' lang='lat' dir='ltr'>non</span> <span class='ocrx_word' id='word_1_260' title='bbox 1705 2118 1806 2155; x_wconf 72' lang='lat' dir='ltr'>darc.</span> 
     </span>
     <span class='ocr_line' id='line_1_30' title="bbox 429 2181 1807 2234; baseline -0.001 -12"><span class='ocrx_word' id='word_1_261' title='bbox 429 2185 501 2222; x_wconf 85' lang='lat' dir='ltr'>Sed</span> <span class='ocrx_word' id='word_1_262' title='bbox 530 2185 626 2223; x_wconf 87' lang='lat' dir='ltr'>heus</span> <span class='ocrx_word' id='word_1_263' title='bbox 655 2193 712 2227; x_wconf 82' lang='lat' dir='ltr'>tu.</span> <span class='ocrx_word' id='word_1_264' title='bbox 743 2182 896 2221; x_wconf 87' lang='lat' dir='ltr'>videsne</span> <span class='ocrx_word' id='word_1_265' title='bbox 928 2182 1175 2221; x_wconf 80' lang='lat' dir='ltr'>consulatum</span> <span class='ocrx_word' id='word_1_266' title='bbox 1205 2182 1321 2220; x_wconf 88' lang='lat' dir='ltr'>illum</span> <span class='ocrx_word' id='word_1_267' title='bbox 1352 2181 1541 2227; x_wconf 87' lang='lat' dir='ltr'>nostrum,</span> <span class='ocrx_word' id='word_1_268' title='bbox 1572 2196 1689 2234; x_wconf 85' lang='lat' dir='ltr'>quem</span> <span class='ocrx_word' id='word_1_269' title='bbox 1722 2185 1807 2221; x_wconf 87' lang='lat' dir='ltr'>Cu-</span> 
     </span>
     <span class='ocr_line' id='line_1_31' title="bbox 429 2245 1807 2293; baseline -0.002 -5"><span class='ocrx_word' id='word_1_270' title='bbox 429 2252 487 2289; x_wconf 87' lang='lat' dir='ltr'>rio</span> <span class='ocrx_word' id='word_1_271' title='bbox 507 2260 616 2288; x_wconf 86' lang='lat' dir='ltr'>antea</span> <span class='ocrx_word' id='word_1_272' title='bbox 643 2245 816 2284; x_wconf 48' lang='lat' dir='ltr'>&amp;noema</span> <span class='ocrx_word' id='word_1_273' title='bbox 840 2249 1018 2293; x_wconf 81' lang='lat' dir='ltr'>vocabat,</span> <span class='ocrx_word' id='word_1_274' title='bbox 1050 2248 1075 2286; x_wconf 79' lang='lat' dir='ltr'>si</span> <span class='ocrx_word' id='word_1_275' title='bbox 1107 2247 1172 2286; x_wconf 90' lang='lat' dir='ltr'>hic</span> <span class='ocrx_word' id='word_1_276' title='bbox 1205 2247 1327 2286; x_wconf 64' lang='lat' dir='ltr'>fastus</span> <span class='ocrx_word' id='word_1_277' title='bbox 1357 2248 1445 2293; x_wconf 88' lang='lat' dir='ltr'>erit,</span> <span class='ocrx_word' id='word_1_278' title='bbox 1476 2246 1607 2286; x_wconf 78' lang='lat' dir='ltr'>sabam</span> <span class='ocrx_word' id='word_1_279' title='bbox 1637 2248 1807 2285; x_wconf 82' lang='lat' dir='ltr'>mimum</span> 
     </span>
     <span class='ocr_line' id='line_1_32' title="bbox 428 2311 1805 2367; baseline -0.003 -13"><span class='ocrx_word' id='word_1_280' title='bbox 428 2316 640 2356; x_wconf 84' lang='lat' dir='ltr'>futurum?</span> <span class='ocrx_word' id='word_1_281' title='bbox 683 2316 827 2365; x_wconf 85' lang='lat' dir='ltr'>Qarc,</span> <span class='ocrx_word' id='word_1_282' title='bbox 870 2324 915 2353; x_wconf 93' lang='lat' dir='ltr'>ut</span> <span class='ocrx_word' id='word_1_283' title='bbox 946 2314 1101 2367; x_wconf 87' lang='lat' dir='ltr'>opinor,</span> <span class='ocrx_word' id='word_1_284' title='bbox 1133 2311 1365 2360; x_wconf 71' lang='grc' dir='ltr'>Φιλοστφπίον,</span> <span class='ocrx_word' id='word_1_285' title='bbox 1402 2313 1441 2351; x_wconf 92' lang='lat' dir='ltr'>id</span> <span class='ocrx_word' id='word_1_286' title='bbox 1475 2313 1581 2366; x_wconf 87' lang='lat' dir='ltr'>quod</span> <span class='ocrx_word' id='word_1_287' title='bbox 1617 2323 1657 2351; x_wconf 85' lang='lat' dir='ltr'>tn</span> <span class='ocrx_word' id='word_1_288' title='bbox 1695 2313 1805 2357; x_wconf 73' lang='lat' dir='ltr'>facis,</span> 
     </span>
     <span class='ocr_line' id='line_1_33' title="bbox 427 2375 1809 2430; baseline -0.001 -12"><span class='ocrx_word' id='word_1_289' title='bbox 427 2390 467 2419; x_wconf 87' lang='lat' dir='ltr'>et</span> <span class='ocrx_word' id='word_1_290' title='bbox 492 2381 580 2419; x_wconf 86' lang='lat' dir='ltr'>istos</span> <span class='ocrx_word' id='word_1_291' title='bbox 613 2379 848 2418; x_wconf 84' lang='lat' dir='ltr'>Consulatus</span> <span class='ocrx_word' id='word_1_292' title='bbox 880 2393 958 2418; x_wconf 90' lang='lat' dir='ltr'>non</span> <span class='ocrx_word' id='word_1_293' title='bbox 992 2379 1104 2418; x_wconf 88' lang='lat' dir='ltr'>flocci</span> <span class='ocrx_word' id='word_1_294' title='bbox 1137 2375 1253 2414; x_wconf 53' lang='grc' dir='ltr'>ἰνίον.</span> <span class='ocrx_word' id='word_1_295' title='bbox 1298 2379 1416 2430; x_wconf 83' lang='lat' dir='ltr'>Qod</span> <span class='ocrx_word' id='word_1_296' title='bbox 1438 2378 1567 2417; x_wconf 80' lang='lat' dir='ltr'>adme</span> <span class='ocrx_word' id='word_1_297' title='bbox 1589 2377 1739 2421; x_wconf 60' lang='lat' dir='ltr'>scribis.</span> <span class='ocrx_word' id='word_1_298' title='bbox 1773 2389 1809 2417; x_wconf 80' lang='lat' dir='ltr'>te</span> 
     </span>
     <span class='ocr_line' id='line_1_34' title="bbox 427 2444 1808 2498; baseline -0.001 -15"><span class='ocrx_word' id='word_1_299' title='bbox 427 2446 469 2484; x_wconf 83' lang='lat' dir='ltr'>in</span> <span class='ocrx_word' id='word_1_300' title='bbox 491 2447 620 2485; x_wconf 81' lang='lat' dir='ltr'>Asiam</span> <span class='ocrx_word' id='word_1_301' title='bbox 652 2444 814 2483; x_wconf 77' lang='lat' dir='ltr'>statuisse</span> <span class='ocrx_word' id='word_1_302' title='bbox 845 2459 922 2484; x_wconf 90' lang='lat' dir='ltr'>non</span> <span class='ocrx_word' id='word_1_303' title='bbox 953 2446 1034 2490; x_wconf 85' lang='lat' dir='ltr'>ire;</span> <span class='ocrx_word' id='word_1_304' title='bbox 1067 2444 1249 2498; x_wconf 86' lang='lat' dir='ltr'>equidem</span> <span class='ocrx_word' id='word_1_305' title='bbox 1281 2444 1441 2483; x_wconf 82' lang='lat' dir='ltr'>mallem</span> <span class='ocrx_word' id='word_1_306' title='bbox 1469 2454 1512 2482; x_wconf 90' lang='lat' dir='ltr'>ut</span> <span class='ocrx_word' id='word_1_307' title='bbox 1542 2446 1643 2482; x_wconf 85' lang='lat' dir='ltr'>ires:</span> <span class='ocrx_word' id='word_1_308' title='bbox 1677 2459 1719 2482; x_wconf 80' lang='lat' dir='ltr'>ac</span> <span class='ocrx_word' id='word_1_309' title='bbox 1741 2459 1808 2482; x_wconf 80' lang='lat' dir='ltr'>ve-</span> 
     </span>
     <span class='ocr_line' id='line_1_35' title="bbox 425 2509 1810 2565; baseline -0.002 -14"><span class='ocrx_word' id='word_1_310' title='bbox 425 2524 512 2551; x_wconf 73' lang='lat' dir='ltr'>teor</span> <span class='ocrx_word' id='word_1_311' title='bbox 544 2525 591 2551; x_wconf 89' lang='lat' dir='ltr'>ne</span> <span class='ocrx_word' id='word_1_312' title='bbox 622 2511 719 2565; x_wconf 89' lang='lat' dir='ltr'>quid</span> <span class='ocrx_word' id='word_1_313' title='bbox 748 2511 789 2550; x_wconf 90' lang='lat' dir='ltr'>in</span> <span class='ocrx_word' id='word_1_314' title='bbox 816 2510 883 2549; x_wconf 81' lang='lat' dir='ltr'>ista</span> <span class='ocrx_word' id='word_1_315' title='bbox 909 2525 948 2550; x_wconf 83' lang='lat' dir='ltr'>rc</span> <span class='ocrx_word' id='word_1_316' title='bbox 974 2511 1107 2550; x_wconf 86' lang='lat' dir='ltr'>minus</span> <span class='ocrx_word' id='word_1_317' title='bbox 1133 2509 1341 2549; x_wconf 86' lang='lat' dir='ltr'>commode</span> <span class='ocrx_word' id='word_1_318' title='bbox 1370 2509 1463 2549; x_wconf 80' lang='lat' dir='ltr'>fiat:</span> <span class='ocrx_word' id='word_1_319' title='bbox 1498 2509 1557 2548; x_wconf 86' lang='lat' dir='ltr'>scd</span> <span class='ocrx_word' id='word_1_320' title='bbox 1581 2519 1708 2549; x_wconf 76' lang='lat' dir='ltr'>tamen</span> <span class='ocrx_word' id='word_1_321' title='bbox 1732 2522 1810 2548; x_wconf 89' lang='lat' dir='ltr'>non</span> 
     </span>
    </p>
   </div>
  </div>
 </body>
</html>
