2243 3008
539 244 614 293 184
879 242 1567 281 EPISTOLARUM

535 344 594 380 Ut
615 342 684 380 bos
706 350 892 387 armenta,
924 342 975 380 fic
1006 355 1079 394 ego
1111 343 1234 381 bonos
1262 343 1380 387 viros,
1411 352 1478 380 aut
1497 356 1577 387 eos,
1608 342 1835 395 quicunque
1854 343 1918 381 di·-

531 417 674 446 centur
694 407 803 453 boni,
836 407 983 460 sequar,
1015 409 1132 446 etiam
1155 408 1180 445 si
1202 417 1329 447 ruent.
1377 408 1488 460 Qid
1507 408 1553 446 fit
1572 409 1786 461 optimum,
1818 409 1919 446 male

534 473 743 511 contraCtis
773 473 903 517 rebus,
935 473 1048 525 plane
1077 472 1217 510 video:
1251 473 1401 510 nemini
1431 472 1486 510 est
1515 473 1623 511 enim
1654 474 1917 527 exploratum,

534 552 628 576 cum
649 538 695 576 ad
716 551 820 576 arma
840 548 1003 576 ventum
1023 537 1090 582 est,
1113 537 1209 589 quid
1229 536 1411 575 futurum
1432 537 1477 575 fit
1495 556 1504 582 ;
1537 548 1574 575 at
1594 539 1696 577 illud
1715 539 1917 583 omnibus,

533 604 561 642 fi
585 603 677 642 boni
699 603 791 641 vieti
811 603 915 648 sunt,
948 616 1018 641 nec
1039 603 1080 640 in
1101 602 1204 642 caede
1230 602 1458 655 principum
1485 602 1782 642 clementiorem
1813 603 1920 642 hunc

532 668 633 714 fore,
664 681 783 720 quam
809 669 937 706 Cinna
966 667 1100 712 fuerit,
1132 681 1203 706 nec
1234 667 1549 710 moderatiorem.
1580 681 1698 719 quam
1729 669 1846 720 Sylla,
1879 669 1919 706 in

533 734 712 788 pecuniis
734 733 1012 786 locupletium.
1044 728 1321 781 ἐμπολιτεόομαλ
1338 747 1378 766 am
1394 731 1631 784 jamdudum
1651 748 1660 771 z
1692 743 1731 772 et
1750 733 1919 772 facerem

533 800 698 844 diutius,
716 799 785 837 nifi
807 812 871 836 me
890 799 1049 837 lucerna
1067 797 1268 836 desereret.
1301 798 1366 836 Ad
1387 797 1596 842 summam,
1618 798 1711 843 Dic,
1728 799 1791 837 M.
1808 796 1920 838 Tulli.

533 865 731 904 Assentior
752 865 830 902 Cn.
855 865 1059 916 Pompeio,
1082 863 1121 901 id
1142 863 1209 907 est,
1232 864 1284 901 T.
1310 863 1545 916 Pomponio.
1579 863 1755 908 Alexim,
1776 862 1920 902 huma-

534 931 735 969 nisfimum
758 943 939 982 puerum,
971 930 1040 967 nili
1061 929 1178 974 forte,
1209 929 1304 967 dum
1325 942 1398 981 ego
1419 929 1569 974 absum,
1595 929 1815 969 adolescens
1836 929 1919 968 fac-

533 1006 598 1034 tus
619 995 687 1041 est,
721 994 780 1047 (id
801 995 909 1034 enim
929 1008 1039 1047 agere
1059 994 1281 1044 videbatur)
1305 993 1445 1033 salvere
1460 995 1599 1048 jubeas
1620 995 1754 1034 velim.

871 1199 1115 1238 C1C1-:Ro
1156 1198 1412 1236 ATT1co
1453 1199 1584 1238 SAL.

533 1327 651 1366 VIII.
676 1326 889 1415 QUID
919 1340 1018 1380 opus
1038 1326 1092 1365 est
1112 1326 1159 1366 de
1180 1327 1371 1379 Dionysio
1393 1336 1471 1365 tam
1493 1327 1603 1366 valde
1623 1328 1813 1367 affirmare
1832 1330 1845 1366 ?
1873 1342 1921 1367 an

773 1393 877 1432 mihi
911 1403 1030 1432 nutus
1065 1401 1156 1431 tuus
1187 1407 1267 1431 non
1299 1392 1441 1431 faceret
1475 1392 1627 1432 fidem?
1660 1394 1922 1447 suspicionem

531 1468 663 1498 autem
684 1473 730 1498 eo
750 1458 853 1498 mihi
873 1461 1062 1512 majorem
1083 1468 1150 1497 tua
1169 1459 1414 1498 taciturnitas
1444 1459 1641 1505 attulerat,
1671 1461 1779 1513 quod
1808 1470 1847 1498 et
1880 1471 1923 1499 tu

532 1526 629 1564 soles
661 1526 935 1578 conglutinare
964 1525 1156 1564 amicitias
1187 1525 1421 1563 testimoniis
1452 1526 1559 1570 tuis;
1591 1535 1630 1564 et
1660 1527 1778 1564 illum
1810 1527 1923 1565 aliter

531 1605 624 1629 cum
645 1591 732 1629 aliis
754 1591 801 1629 de
822 1591 935 1629 nobis
957 1582 1140 1629 locutum
1160 1590 1366 1629 audiebam
1385 1605 1393 1628 :
1426 1589 1491 1628 sed
1511 1591 1666 1643 prorsus
1687 1592 1741 1630 ita
1759 1591 1847 1636 effe,
1879 1601 1924 1630 ut

531 1656 684 1701 scribis,
715 1656 816 1695 mihi
839 1656 1069 1709 persuades;
1101 1657 1234 1709 itaque
1253 1669 1327 1709 ego
1347 1656 1379 1694 is
1404 1656 1445 1694 in
1468 1656 1585 1695 illum
1607 1656 1708 1703 sum,
1739 1670 1858 1710 quem
1879 1666 1924 1696 tu

530 1736 596 1761 me
615 1722 687 1761 effe
707 1723 780 1761 vis.
827 1723 948 1761 Diem
977 1731 1091 1760 tuum
1122 1736 1195 1775 ego
1224 1735 1382 1775 quoque
1403 1735 1451 1760 ex
1471 1722 1633 1775 epistola
1652 1723 1820 1775 quadam
1842 1731 1922 1768 tua,

530 1802 651 1843 quam
672 1789 887 1842 incipiente
907 1787 1102 1827 febricula
1122 1788 1338 1841 scripseras,
1369 1787 1472 1826 mihi
1494 1798 1715 1826 notaveram
1731 1807 1744 1834 ς
1775 1797 1816 1826 et
1835 1789 1921 1826 ani-

531 1855 828 1899 madverteram,
861 1853 978 1906 posse,
1010 1867 1081 1906 pro
1101 1867 1140 1891 re
1162 1862 1264 1898 nata,
1296 1862 1334 1891 te
1354 1866 1433 1891 non
1455 1853 1708 1892 incommode
1728 1853 1774 1891 ad
1796 1867 1859 1892 mc
1881 1854 1922 1892 in

532 1921 734 1959 Albanum
755 1919 886 1957 venire
911 1933 964 1957 111
999 1920 1136 1958 Nonas
1158 1919 1246 1970 Jan.
1270 1918 1348 1963 sed,
1380 1918 1519 1957 amabo
1549 1928 1600 1965 te,
1633 1918 1734 1957 nihil
1766 1919 1923 1958 incom-

531 1986 656 2025 modo'
672 1985 906 2024 valetudinis
936 1983 1102 2022 feceris:
1135 1984 1233 2037 quid
1264 1985 1371 2022 enim
1401 1984 1454 2022 est
1487 1994 1640 2023 tantum
1672 1985 1712 2023 in
1747 1999 1825 2024 uno
1856 1995 1924 2024 aut

530 2053 652 2091 altero
681 2051 776 2090 die?
809 2050 1061 2089 Dolabellam
1085 2050 1199 2088 video
1231 2050 1354 2088 Liviae
1385 2050 1614 2089 testamento
1644 2065 1737 2089 cum
1767 2051 1922 2090 duobus

529 2117 790 2156 coheredibus
822 2115 895 2154 esse
929 2116 970 2154 in
1004 2116 1172 2160 triente;
1205 2114 1268 2153 sed
1297 2115 1428 2167 juberi
1464 2125 1616 2154 mutare
1648 2129 1808 2155 nomen.
1855 2116 1922 2154 Est

530 2179 689 2218 ωλιτικὸν
706 2179 859 2230 σκέμμα,
888 2183 1088 2219 rectumne
1121 2181 1166 2219 sit
1195 2181 1322 2219 nobili
1348 2180 1584 2220 adolescenti
1605 2191 1754 2220 mutare
1777 2195 1921 2220 nomen

532 2247 709 2286 mulieris
732 2245 961 2285 testamento
979 2261 988 2285 :
1020 2246 1084 2285 sed
1105 2245 1144 2284 id
1165 2243 1419 2299 Φιλοσοφαῖτεςον
1437 2243 1689 2295 δὶωκρινήσεμιν,
1709 2260 1802 2284 cum
1823 2246 1920 2285 scie-

530 2327 635 2357 mus,
667 2322 862 2365 quantum
885 2312 989 2364 quasi
1013 2312 1056 2351 fit
1079 2313 1119 2351 in
1141 2311 1296 2351 trientis
1318 2312 1473 2350 triente.
1519 2311 1639 2362 Qod
1663 2311 1801 2364 putasti
1824 2311 1921 2357 sore,

531 2389 575 2418 ut
596 2388 684 2417 ante
711 2391 830 2430 quam
862 2378 959 2416 istuc
989 2379 1178 2424 venirem,
1212 2378 1447 2430 Pompeium
1469 2377 1668 2422 vidcrcm;
1703 2377 1847 2416 factum
1869 2378 1922 2416 est

532 2446 612 2483 ita:
647 2457 736 2482 nam
760 2457 800 2482 vi
828 2443 916 2482 Kal.
940 2444 985 2482 ad
1008 2444 1246 2483 Lavernium
1268 2457 1331 2482 mc
1352 2443 1583 2481 consecutus
1604 2443 1685 2482 cst:
1719 2457 1793 2482 una
1822 2444 1920 2482 For-

531 2510 629 2550 mias
651 2509 845 2555 venimus,
877 2518 915 2549 et
936 2509 983 2548 ab
1004 2508 1099 2549 hora
1119 2512 1250 2549 octava
1270 2509 1316 2548 ad
1338 2509 1538 2562 vesperum
1560 2508 1705 2549 secreto
1732 2509 1922 2548 collocuti
