2243 3008
544 261 651 301 AD
710 256 1140 299 ATTICUM
1208 257 1350 297 LIB.
1401 259 1497 299 VII.
1646 261 1719 312 189

329 366 434 411 sunt,
463 374 583 415 quam
614 359 828 414 saepiffime.
873 357 1094 411 Aequiesco
1125 358 1232 397 enim
1260 367 1298 397 et
1327 358 1499 399 scribens
1521 361 1567 400 ad
1598 370 1650 407 te,
1680 371 1721 400 et

329 431 462 484 legens
483 436 566 466 tua.

666 629 909 667 CICERO
949 626 1205 666 ATT1co
1247 626 1378 665 SAL.

329 757 426 797 XII.
451 754 529 829 U
547 757 588 796 N
603 758 639 795 A
657 757 706 795 M
734 756 863 795 adhuc
890 769 910 794 a
934 763 972 794 te
991 753 1194 807 epistolam
1214 768 1452 808 acceperam,
1484 754 1613 794 datam
1643 768 1713 794 xm

544 822 635 861 Kal.
653 822 694 860 in
711 834 789 875 qua
808 820 1111 874 significabatur,
1129 820 1245 858 aliam
1262 829 1299 858 te
1318 829 1407 858 ante
1422 820 1577 865 dedisse,
1595 834 1715 873 quam

328 901 408 926 non
429 901 667 941 acceperam.
715 886 787 924 Sed
816 885 959 939 quaeso,
991 894 1035 923 ut
1063 884 1205 923 scribas
1238 898 1357 937 quam
1389 884 1603 937 saepiffime,
1635 899 1715 924 non

329 954 448 992 modo
468 954 495 992 fi
516 952 613 1006 quid
634 952 744 997 scies,
765 960 832 990 aut
851 950 1033 996 audieris,
1058 949 1122 988 sed
1141 951 1260 989 etiam
1280 951 1306 989 fi
1327 950 1424 1003 quid
1445 950 1685 1003 suspicabere
1700 970 1714 997 ς

328 1020 580 1072 maximeque
599 1018 697 1072 quid
718 1017 834 1055 nobis
853 1016 1095 1062 faciendum,
1125 1026 1192 1054 aut
1212 1029 1292 1054 non
1311 1015 1554 1061 faciendum,
1584 1025 1714 1069 putes.

328 1086 436 1124 Nam
457 1085 564 1139 quod
584 1098 712 1136 roga8‚
733 1097 869 1122 curem
889 1092 933 1122 ut
954 1083 1063 1128 scias,
1085 1083 1182 1136 quid
1204 1083 1416 1136 Pompeius
1437 1092 1550 1135 agat3
1584 1096 1631 1121 ne
1651 1083 1717 1136 ip-

328 1151 414 1189 sum
435 1151 596 1203 quidem
619 1150 714 1188 scire
733 1158 831 1202 puto
846 1167 860 1194 3
891 1148 1067 1187 nostrum
1087 1148 1251 1200 quidem
1272 1162 1404 1187 nemo.
1445 1148 1540 1186 Vidi
1561 1149 1716 1187 Lentu-

328 1216 414 1254 lum
433 1218 526 1255 Cos.
546 1215 718 1254 Formiis
741 1228 767 1252 x
786 1214 876 1252 Kal.
895 1213 975 1252 vidi
996 1213 1214 1252 Libonem:
1237 1214 1353 1266 plena
1373 1214 1527 1251 timoris
1547 1223 1586 1252 et
1608 1227 1717 1253 erro-

328 1282 380 1320 ris
401 1282 547 1321 omnia.
592 1280 666 1319 Ille
685 1280 759 1318 iter
779 1279 972 1318 Larinum
990 1293 999 1317 :
1032 1278 1090 1317 ibi
1110 1279 1217 1318 enim
1238 1279 1435 1324 cohortes,
1465 1288 1504 1317 et
1525 1279 1716 1325 Luceriae,

328 1357 366 1385 et
383 1347 554 1393 Theani‚
572 1346 800 1398 reliquaque
820 1346 862 1383 in
878 1344 1040 1398 Apulia.
1072 1344 1169 1383 Inde
1190 1354 1324 1383 utrum
1345 1344 1547 1383 consistere
1566 1344 1718 1397 uspiam

328 1413 439 1459 velit,
471 1427 518 1451 an
540 1425 644 1451 mare
665 1411 835 1456 translre,
867 1409 1053 1448 nescitur.
1100 1409 1139 1448 Si
1165 1419 1297 1448 manet
1313 1429 1326 1456 ς
1357 1423 1504 1455 vereor,
1536 1423 1583 1447 ne
1603 1423 1718 1448 exer-

329 1479 456 1517 citum
477 1479 639 1517 firmum
665 1476 808 1515 habere
834 1489 914 1514 non
944 1475 1086 1528 poffit:
1119 1475 1174 1513 fin
1195 1476 1374 1521 discedit,
1405 1489 1500 1528 quo,
1531 1484 1597 1513 aut
1625 1489 1718 1527 qua,

328 1553 395 1582 aut
415 1544 512 1596 quid
535 1543 650 1582 nobis
671 1541 868 1594 agendum
889 1541 949 1585 fit,
981 1539 1125 1578 nescio.
1170 1541 1279 1579 Nam
1299 1541 1416 1579 istum
1436 1540 1613 1592 quidem,
1645 1554 1718 1578 cu-

326 1611 392 1661 jus
409 1604 645 1655 ’φαλαῃσμὶν
661 1607 792 1652 times,
809 1606 943 1645 omnia
959 1607 1157 1644 teterrime
1172 1605 1368 1644 facturum
1384 1615 1497 1659 puto.
1521 1606 1609 1644 Nec
1625 1619 1717 1644 eum

331 1687 461 1713 rerum
495 1672 678 1726 prolatio,
710 1686 782 1711 nec
817 1674 977 1710 Senatus
1009 1671 1386 1724 magistratuumque
1419 1671 1614 1716 discessus,
1646 1685 1718 1710 nec

330 1740 508 1778 aerarium
528 1738 719 1783 clausum,
751 1737 933 1776 tardabit.
967 1736 1039 1774 Sed
1060 1736 1158 1782 haec,
1185 1746 1228 1775 ut
1249 1737 1402 1782 scribis,
1432 1737 1513 1775 cito
1534 1736 1715 1776 sciemus.

332 1805 498 1844 Interim
517 1804 638 1842 velim
659 1802 761 1841 mihi
782 1802 973 1855 ignoscaS,
1007 1802 1113 1854 quod
1133 1802 1180 1839 ad
1201 1812 1239 1840 te
1259 1803 1386 1841 scribo
1406 1812 1486 1840 tam
1507 1803 1634 1841 multa
1654 1812 1717 1841 to-

331 1871 402 1909 ties
422 1885 431 1909 :
463 1869 667 1923 acquiesco
687 1869 810 1914 enim,
841 1875 881 1907 et
902 1878 986 1906 tuas
1007 1867 1098 1905 volo
1118 1868 1257 1906 elicere
1277 1869 1406 1907 literas
1423 1887 1435 1913 ς
1468 1869 1719 1920 maximeque

330 1936 553 1981 confilium,
585 1934 682 1987 quid
702 1948 830 1987 agam,
860 1942 927 1972 aut
947 1947 1027 1986 quo
1048 1947 1111 1971 me
1140 1935 1252 1986 paeto
1281 1947 1426 1986 geram.
1474 1934 1718 1971 Demittam-

330 2015 379 2040 ne
399 2015 463 2040 me
482 2000 639 2054 penitus
661 2001 702 2038 in
723 2000 905 2038 causam?
937 1999 1032 2038 Non
1054 1999 1248 2037 deterreor
1266 1999 1458 2052 periculo,
1482 1998 1544 2036 sed
1564 1997 1717 2037 dirum-

331 2081 402 2120 por
423 2067 570 2106 dolore.
604 2067 759 2104 Tamne
779 2065 892 2104 nullo
913 2065 1091 2110 conufilio,
1123 2075 1189 2103 aut
1210 2074 1290 2103 tarn
1311 2074 1446 2104 contra
1465 2077 1599 2102 meum
1620 2077 1718 2102 con-

331 2134 476 2178 filium,
503 2132 605 2185 gesta
624 2131 696 2170 effe
716 2132 850 2169 omnia
869 2131 877 2168 !
909 2132 975 2168 An
996 2132 1170 2176 cuncter,
1201 2140 1239 2169 et
1260 2130 1499 2183 tergiverser,
1529 2139 1568 2167 et
1587 2129 1634 2167 iis
1656 2141 1719 2166 me

331 2199 436 2244 dem,
467 2198 537 2251 qui
572 2207 721 2243 tenent,
753 2198 823 2250 qui
858 2197 1066 2249 potiuntur
1085 2197 1097 2233 ?
1140 2189 1293 2244 Αὶὸέομαῃ
1315 2192 1446 2244 'spadam
1486 2207 1557 2231 nec
1592 2194 1720 2232 solum

332 2264 444 2309 civis,
476 2263 538 2301 sed
564 2264 684 2301 etiam
713 2263 846 2309 amici,
877 2263 1010 2301 officio
1037 2274 1222 2300 revocor:
1255 2260 1321 2298 etsl
1344 2259 1501 2311 frangor
1522 2259 1617 2311 saepe
1639 2261 1717 2298 rni-

334 2329 537 2367 sericordia
556 2342 784 2381 puerorum.
830 2330 889 2367 Ut
921 2329 1044 2380 igitur
1073 2329 1127 2365 ita
1158 2326 1400 2379 perturbato,
1430 2326 1497 2363 etsi
1529 2334 1565 2363 te
1585 2326 1719 2364 eadem

336 2394 562 2438 sollicitant,
594 2394 717 2433 scribe
737 2395 902 2448 aliquid,
933 2404 972 2432 et
993 2393 1178 2437 maxime,
1210 2392 1236 2429 s1
1271 2391 1481 2443 Pompeius
1510 2391 1621 2428 Italia
1651 2404 1717 2428 ce·-

335 2459 407 2503 dit,
439 2457 537 2510 quid
565 2459 678 2496 nobis
709 2460 906 2511 agendum
934 2470 1063 2512 putes.
1109 2459 1177 2496 M’
1208 2458 1370 2509 quidem
1400 2456 1573 2508 Lepidus
1609 2457 1719 2507 (nam

337 2524 486 2563 fuimus
513 2522 606 2573 una)
638 2536 728 2562 eum
759 2524 879 2564 finem
907 2524 1055 2570 statuit,
1087 2524 1136 2564 L.
1160 2525 1387 2576 Torquatus
1418 2520 1605 2561 eundem.
1647 2519 1723 2557 Me
