2243 3008
527 270 634 309 AD
692 266 1453 310 ATTICUML113.V1.
1608 276 1680 326 165

298 380 413 418 κάμεν,
441 362 568 417 σφόδρα,
585 360 725 401 δέδοικα.
767 360 829 409 Koa}
846 361 912 418 γέις
937 362 1037 414 πωρῖν
1055 363 1133 419 πρὶς
1151 363 1239 414 ἡμεῖς
1256 363 1558 419 καττισκεψόμῖιες,
1586 368 1641 415 καί
1654 386 1683 406 τι

300 428 400 483 χεὸὂν
418 430 573 468 ἐλπίσας.
604 425 749 475 Ἀπιγιὲς
774 421 807 464 δὲ
826 426 961 476 ἀλόγως
980 423 1092 470 einim,
1114 427 1260 470 ἐπειπὼν,
1289 427 1374 466 ‘'ina-a·
1405 431 1521 483 coc'wo‘v
1535 450 1578 470 τοι
1603 430 1684 484 δηρόν

298 509 333 531 π
367 493 489 544 μένε-«νε
519 506 663 545 meque
696 493 919 545 objurgavit
951 502 1079 531 vetere
1113 494 1333 545 proverbio,
1364 492 1408 530 τοὶ
1435 493 1494 545 μὲν
1522 492 1680 546 διδόμενοι.

301 559 472 611 Reliqua
491 558 593 603 vide,
614 567 668 602 et,
690 568 884 610 quantum
904 557 988 595 fieri
1009 557 1147 610 potest,
1178 559 1472 611 perspiciamus.
1510 561 1591 598 Etfi
1613 575 1683 599 an-

301 637 427 663 nuum
462 633 617 677 tempus
651 637 773 675 prope
801 625 885 675 jam
919 623 1128 661 emeritum
1162 622 1431 670 habebamus,
1464 625 1544 663 dies
1579 627 1686 665 enirn

302 702 457 727 xxxux
480 697 588 727 erant
610 688 751 741 reliqui
770 703 779 726 :
812 687 1077 726 sollicitudine
1096 689 1307 740 provinciae
1329 699 1459 728 tamen
1479 691 1539 729 vel
1557 693 1684 729 maxi-

302 768 366 793 me
387 754 638 806 urgebamur.
680 754 786 791 Cum
806 753 913 791 enim
933 752 1082 791 arderet
1103 754 1210 804 Syria
1231 755 1364 800 bello5
1397 765 1435 793 et
1457 757 1623 795 Bibulus
1643 757 1687 795 in

301 829 412 859 tanto
433 833 599 858 moerore
621 819 690 857 suo
708 820 923 857 maximam
943 832 1077 857 curam
1098 819 1194 857 belli
1214 820 1415 859 sustineret
1431 840 1443 866 ς
1475 822 1522 859 ad
1546 836 1688 874 meque

302 886 420 938 legati
441 887 541 938 ejus,
569 894 609 924 et
629 884 823 936 Qaestor,
851 894 890 923 et
909 885 1027 923 amici
1047 884 1176 923 literas
1198 886 1414 931 mitterent,
1448 897 1491 925 ut
1519 888 1688 926 subfidio

301 951 503 997 venirem;
549 951 616 989 etfi
655 951 874 989 exercitum
910 950 1116 988 infirmum
1153 949 1344 990 habebam
1362 971 1375 997 ;
1419 954 1563 991 auxilia
1601 954 1688 992 sane

303 1016 419 1062 bona,
451 1016 514 1055 sed
546 1030 590 1054 ea
623 1016 871 1061 Galatarum,
907 1015 1137 1062 Pifidarum‚
1175 1017 1405 1069 Lyciorum,
1445 1017 1547 1070 (haec
1580 1021 1689 1059 enim

304 1081 394 1120 sunt
414 1081 540 1120 nostra
558 1081 715 1131 robora)
741 1090 871 1119 tamen
891 1080 964 1119 effe
992 1081 1171 1120 officium
1191 1096 1325 1121 meum
1356 1085 1504 1135 putavi,
1535 1086 1687 1124 exerci-

303 1156 392 1185 tum
410 1146 552 1185 habere
572 1160 691 1199 quam
721 1147 901 1198 proxime
929 1146 1096 1192 hostem,
1127 1149 1256 1200 quoad
1285 1148 1386 1187 mihi
1414 1150 1566 1202 praeeffe
1592 1165 1688 1204 pro-

302 1213 441 1250 vinciae
460 1225 529 1265 per
555 1211 961 1250 senatus-consultum
987 1212 1137 1251 liceret.
1185 1215 1272 1259 Sed,
1303 1227 1383 1266 quo
1413 1228 1486 1266 ego
1518 1217 1690 1255 maxime

303 1277 536 1323 delectabar,
566 1276 734 1316 Bibulus
765 1276 950 1316 molestus
981 1275 1084 1315 mihi
1114 1291 1194 1316 non
1214 1288 1293 1317 erat
1309 1297 1321 1323 ς
1353 1278 1400 1316 de
1420 1281 1605 1319 omnibus
1627 1296 1689 1320 re-

304 1342 378 1380 bus
398 1341 590 1380 scribebat
609 1341 656 1380 ad
676 1355 740 1380 me
760 1342 892 1395 potius
911 1357 920 1380 :
952 1350 992 1380 et
1020 1341 1123 1380 mihi
1143 1343 1367 1382 deceffionis
1389 1343 1470 1382 dies
1498 1342 1691 1386 λεληθότως

308 1408 546 1461 obrepebat:
579 1407 651 1460 qui
680 1421 775 1446 cum
808 1407 1022 1453 advenerit,
1052 1404 1130 1442 ἄλλο
1168 1405 1368 1458 πρόζλημα,
1407 1423 1526 1462 quem
1560 1411 1691 1462 praefi-

305 1475 407 1513 ciam
423 1493 435 1520 ς
467 1474 538 1512 nifi
570 1473 718 1512 Caldus
740 1473 918 1525 Qaestor
936 1474 1085 1512 venerit
1102 1492 1113 1518 ;
1146 1473 1193 1511 de
1222 1487 1302 1526 quo
1322 1474 1450 1513 adhuc
1471 1474 1573 1513 nihil
1594 1477 1691 1514 certi

305 1539 561 1578 habebamus.
595 1539 816 1591 Cupiebam
831 1539 1056 1578 mehercule
1076 1539 1297 1592 longiorem
1317 1540 1520 1592 epistolam
1540 1540 1689 1581 facere:

306 1605 370 1644 sed
391 1619 462 1643 nec
481 1613 561 1642 erat
582 1617 655 1649 res,
687 1604 733 1642 de
753 1617 830 1656 qua
850 1604 1057 1643 scriberem
1073 1623 1085 1650 ,ς
1118 1618 1189 1643 nec
1213 1606 1338 1657 jocari
1368 1621 1444 1659 prae
1465 1620 1556 1645 cura
1575 1617 1690 1659 pote-

307 1685 404 1709 ram.
436 1669 596 1709 Valebis
618 1670 754 1722 igitur,
776 1678 815 1708 et
834 1670 973 1723 puellae
995 1669 1159 1709 salutem
1180 1671 1368 1710 Atticulae
1389 1672 1509 1718 dices,
1532 1673 1693 1713 nostrae-

308 1750 384 1789 que
406 1735 532 1774 Piliae.

648 1940 890 1979 mesko
930 1940 1185 1979 ATTrco
1227 1941 1359 1979 SAL.

311 2068 384 2107 VI.
408 2065 476 2141 E
490 2067 529 2106 G
547 2068 584 2107 O
615 2067 712 2107 dum
743 2068 785 2106 in
814 2068 1016 2122 provincia
1038 2068 1225 2108 omnibus
1246 2070 1360 2108 rebus
1381 2069 1560 2122 Appium
1580 2083 1692 2115 orno,

505 2134 636 2173 subito
655 2134 740 2173 sum
760 2133 885 2173 factus
905 2134 1137 2172 accusatoris
1162 2136 1244 2187 ejus
1274 2135 1393 2174 socer.
1440 2135 1486 2173 Id
1514 2135 1692 2187 quidem,

311 2200 461 2254 inquis,
491 2200 547 2239 dii
566 2201 798 2254 approbent.
841 2202 902 2240 Ita
919 2200 1040 2240 velim
1056 2219 1068 2246 ;
1101 2210 1218 2253 teque
1237 2203 1292 2240 ita
1310 2214 1451 2254 cupere
1471 2210 1577 2238 certo
1598 2201 1691 2239 scio.

315 2267 388 2303 Sed
407 2266 520 2305 crede
539 2265 656 2312 mihi,
687 2265 790 2305 nihil
819 2267 952 2305 minus
981 2276 1161 2319 putaram
1184 2281 1271 2319 ego,
1303 2268 1372 2319 qui
1399 2266 1446 2303 de
1475 2266 1572 2304 Tib.
1606 2267 1692 2305 Ne-

317 2343 423 2376 rone,
453 2332 523 2384 qui
553 2346 712 2371 mecum
738 2341 884 2385 egerat,
914 2341 1041 2370 certos
1070 2331 1252 2370 homines
1283 2333 1330 2370 ad
1359 2332 1541 2371 mulieres
1576 2332 1693 2370 mise-

317 2407 426 2440 ram3
457 2397 528 2447 qui
555 2397 728 2436 Romam
752 2407 945 2436 venerunt
972 2396 1083 2435 saetis
1103 2397 1361 2450 sponsalibus.
1408 2397 1480 2436 Sed
1509 2396 1586 2435 hoc
1607 2397 1694 2449 spe-

316 2474 359 2498 ro
385 2460 542 2499 melius.
587 2462 778 2502 Mulieres
797 2464 960 2517 quidem
979 2463 1090 2502 valde
1108 2464 1291 2517 intelligo
1311 2464 1490 2503 delectari
1509 2463 1696 2514 obsequio

317 2535 355 2565 et
375 2526 560 2566 comitate
579 2526 831 2568 adolescentis
850 2544 860 2569 ;
891 2538 1027 2570 caetera
1046 2529 1130 2570 noli
1149 2525 1386 2580 ὲξακανθίζαν.
1427 2529 1498 2568 Sed
1518 2527 1612 2567 heus
1636 2537 1699 2572 tu,
