2243 3008
597 264 703 305 AD
763 261 1193 301 ATT1CUM
1262 263 1507 305 L113.v.
1675 281 1746 320 139

358 366 501 404 vulnus
522 364 689 416 accepit,
719 376 844 415 eoque
865 362 1016 400 interiit
1036 362 1170 414 paucis
1192 362 1275 415 post
1296 362 1449 403 diebus.
1497 365 1590 403 Erat
1613 366 1650 403 in
1675 366 1746 416 Sy-

356 432 413 469 ria
433 430 606 469 nostrum
627 442 773 467 nomen
794 429 835 466 in
862 428 998 480 gratia.
1045 428 1167 466 Venit
1198 428 1359 467 interim
1389 429 1571 468 Bibulus.
1619 431 1747 468 Credo

356 496 483 534 voluit
511 494 773 548 appellatione
794 493 866 531 hac
887 493 994 531 inani
1016 493 1130 531 nobis
1150 493 1223 532 effe
1244 506 1326 546 par.
1373 495 1420 532 In
1450 494 1587 532 eodem
1621 497 1745 534 Ama-

356 574 408 599 no
428 561 551 613 coepit
582 560 793 598 laureolam
824 560 865 597 in
896 558 1091 597 mustaceo
1123 572 1308 611 quaerere.
1355 560 1411 597 At
1441 559 1508 597 ille
1541 559 1746 599 cohortem

356 626 524 678 primam
561 635 684 664 totam
719 625 904 678 perdidit,
939 623 1292 676 centurionemque
1327 625 1536 677 primipili,
1570 625 1747 664 nobilem

354 692 413 729 sui
434 692 602 745 generis,
631 691 812 729 Afinium
834 691 1076 734 Dentonem,
1108 699 1146 727 et
1168 690 1339 742 reliquos
1360 689 1535 728 cohortis
1556 691 1744 743 ejusdem,

353 768 394 796 et
426 760 532 797 Sext.
567 758 788 802 Lucilium,
821 758 874 795 T.
898 756 1016 794 Gavii
1053 757 1266 808 Caepionis,
1298 755 1510 808 locupletis
1542 766 1580 795 et
1615 757 1746 809 splen—

355 824 438 862 didi
460 823 650 868 hominis,
682 822 826 866 filium,
858 822 1066 860 tribunum
1088 821 1282 859 militum.
1329 822 1425 859 Sane
1456 822 1612 874 plagam
1632 822 1746 860 odio-

356 891 436 929 sam
455 899 655 943 acceperat
675 902 767 928 cum
789 902 841 933 re,
875 899 961 926 tum
983 898 1174 940 tempore.
1216 888 1302 926 Nos
1325 888 1608 933 Pindenissum,
1640 890 1748 942 quod

355 956 549 1009 oppidum
584 955 890 993 munitiffimum
928 953 1311 992 Eleutherocilicum
1343 955 1527 992 omnium
1558 957 1749 993 memoria

357 1022 398 1059 in
420 1022 536 1059 armis
558 1020 651 1065 fuit,
686 1020 778 1073 (feri
798 1020 979 1058 homines
1000 1030 1039 1057 et
1059 1033 1179 1064 acres,
1207 1028 1246 1057 et
1266 1020 1453 1058 omnibus
1474 1020 1589 1058 rebus
1610 1020 1655 1058 ad
1678 1021 1746 1059 de-

356 1086 599 1125 fendendum
631 1086 772 1139 parati)
806 1086 1006 1124 cinximus
1040 1086 1142 1123 vallo
1162 1095 1201 1123 et
1233 1085 1353 1124 fossa:
1385 1099 1523 1138 aggere
1555 1087 1745 1132 maximo,

355 1152 495 1197 vineis,
527 1160 633 1189 turre
659 1151 1026 1202 altiffima,·magna
1050 1160 1339 1188 tormentorum
1365 1152 1491 1203 copia,
1523 1151 1661 1189 multis
1688 1153 1746 1190 sa-

352 1218 538 1271 gittariis,
569 1230 714 1269 magno
743 1216 889 1261 labore,
920 1225 1120 1268 apparatu,
1158 1216 1296 1254 multis
1329 1216 1465 1254 sauciis
1496 1217 1650 1262 nostris,
1682 1219 1746 1255 in-

353 1283 507 1322 columi
527 1283 717 1327 exercitu,
750 1282 955 1334 negotium
982 1279 1244 1319 confecimus.
1296 1281 1435 1319 Hilara
1456 1281 1541 1319 sane
1563 1283 1746 1320 Saturna-

353 1349 420 1388 lia.
472 1348 679 1387 Militibus
700 1361 874 1401 quoque,
897 1347 1008 1400 equis
1029 1347 1220 1400 exceptis,
1244 1347 1436 1400 reliquam
1456 1348 1625 1400 praedam
1647 1362 1748 1386 cou-

355 1414 551 1453 ceffimus.
602 1412 813 1466 Mancipia
832 1412 1029 1451 vaenibant
1051 1412 1321 1450 Saturnalibus
1343 1412 1483 1451 tertiis.
1532 1414 1637 1451 Cum
1664 1413 1749 1452 haec

355 1479 575 1518 scribebam
594 1478 636 1516 in
658 1478 861 1523 tribunali,
894 1491 951 1515 res
973 1486 1053 1516 erat
1073 1477 1120 1516 ad
1140 1478 1233 1516 H-S
1258 1490 1362 1516 cxx.
1396 1478 1507 1516 Hinc
1528 1479 1749 1518 exercitum

356 1546 399 1583 in
419 1544 585 1583 hiberna
604 1543 686 1595 agri
706 1542 808 1581 male
829 1543 954 1595 pacati
975 1542 1252 1581 deducendum
1274 1543 1431 1595 Qinto
1451 1542 1562 1581 fratri
1582 1544 1747 1584 dabam:

357 1610 438 1664 ipse
457 1623 522 1648 me
543 1609 777 1647 Laodiceam
808 1608 1059 1661 recipiebam.
1105 1609 1206 1647 Haec
1238 1608 1382 1647 adhue.
1429 1609 1502 1647 Sed
1531 1609 1579 1648 ad
1607 1620 1748 1663 praete-

356 1677 432 1715 rita
462 1684 714 1714 revertamur.
758 1674 880 1726 Qod
908 1687 972 1712 me
992 1674 1164 1712 maxime
1183 1673 1349 1712 hortaris
1366 1694 1379 1720 ς
1410 1683 1464 1720 et,
1496 1675 1603 1728 quod
1622 1676 1748 1729 pluris

353 1741 424 1787 est,
461 1754 582 1794 quam
616 1740 763 1785 omnia,
800 1740 842 1778 in
872 1753 954 1793 quo
985 1740 1150 1785 laboras,
1182 1750 1226 1778 ut
1260 1741 1378 1778 etiam
1411 1741 1608 1793 Ligurino
1639 1738 1750 1791 μώμῳ

355 1808 590 1847 satisfaciam
607 1825 618 1852 ;
651 1806 810 1852 moriar,
842 1806 867 1844 fi
889 1807 1106 1859 quicquam
1126 1807 1210 1845 fieri
1230 1806 1355 1859 potest
1381 1807 1613 1859 elegantius.
1661 1809 1750 1847 Nec

348 1876 435 1928 jam
455 1887 529 1926 ego
549 1872 650 1911 hanc
678 1873 965 1911 continentiam
992 1872 1162 1925 appello,
1194 1886 1280 1925 quae
1310 1873 1434 1910 virtus
1464 1873 1658 1926 voluptati
1686 1887 1749 1913 re-

357 1940 482 1979 fistere
503 1938 683 1978 videtur:
715 1952 789 1991 ego
816 1938 856 1976 in
883 1938 964 1976 vita
989 1951 1075 1976 mea
1095 1938 1205 1976 nulla
1226 1951 1402 1991 unquam
1422 1939 1623 1991 voluptate
1644 1949 1751 1979 tanta

359 2006 444 2045 sum
465 2005 640 2050 affectus,
671 2013 817 2058 quanta
835 2003 985 2042 afficior
1013 2003 1086 2042 hac
1106 2004 1359 2057 integritate;
1392 2017 1464 2042 nec
1492 2018 1555 2042 me
1583 2014 1660 2043 tarn
1688 2005 1750 2044 fa-

357 2085 436 2118 ma,
467 2085 555 2124 quae
575 2071 728 2109 summa
751 2069 819 2116 est,
850 2083 970 2123 quam
998 2083 1056 2108 res
1083 2070 1178 2123 ipsa,
1211 2069 1390 2108 delectat.
1437 2069 1547 2120 Qid
1574 2071 1749 2123 quaeris?

356 2136 435 2176 fuit
456 2138 580 2176 tanti:
612 2150 676 2175 me
695 2136 776 2190 ipse
796 2149 876 2174 non
898 2149 1032 2174 noram
1047 2155 1060 2182 ς
1084 2150 1155 2175 nec
1177 2136 1264 2174 satis
1287 2134 1470 2181 sciebam,
1493 2136 1589 2189 quid
1611 2136 1650 2174 in
1672 2135 1751 2175 hoc

357 2217 498 2256 genere
527 2202 653 2242 facere
684 2202 858 2255 poffem:
891 2203 992 2240 redte
1021 2200 1261 2250 πφυσίωμοᾳε
1294 2201 1396 2240 nihil
1424 2202 1477 2239 est
1509 2201 1748 2254 praeclarius.

360 2270 525 2308 Interim
550 2268 633 2307 haec
663 2263 830 2317 λαμπρά.
876 2268 1162 2306 Ariobarzanes
1193 2281 1308 2319 opera
1339 2281 1424 2304 mea
1455 2267 1565 2312 vivit,
1598 2278 1749 2320 regnat.

359 2329 408 2369 Ἐν
426 2328 562 2385 πκςόὃῳ,
591 2334 768 2379 confilio,
799 2343 838 2372 et
867 2334 1109 2378 auctoritate,
1140 2342 1179 2371 et
1209 2333 1317 2385 quod
1346 2332 1635 2371 infidiatoribus
1665 2335 1750 2387 ejus

360 2395 527 2448 ἀπρόσ-ων
559 2412 637 2444 me,
668 2412 748 2438 non
782 2399 904 2438 modo
930 2391 1165 2449 ἀδωροδόκητον,
1200 2398 1365 2451 praebui,
1398 2411 1529 2451 regem
1559 2412 1748 2451 regnum-

359 2475 438 2515 que
465 2460 622 2502 servavi.
668 2464 820 2503 Interea
847 2478 868 2503 e
885 2463 1148 2518 'Cappadocia
1177 2477 1225 2502 ne
1255 2465 1384 2517 pilum
1410 2465 1601 2516 quidem;
1633 2474 1751 2516 atque

361 2528 482 2565 etiam
514 2528 624 2581 spero
653 2538 738 2568 toto
766 2543 870 2570 anno
897 2529 1055 2583 imperii
1085 2529 1219 2575 nostri,
1252 2530 1471 2568 teruntium
1502 2530 1678 2582 sumptus
1707 2529 1750 2568 in

1373 2596 1394 2632 S
1426 2607 1448 2633 2
