2243 3008
473 311 554 349 214
821 293 1509 336 EPISTOLARUM

471 394 602 433 subito
628 393 749 433 literae
778 393 952 432 Domitii
981 392 1027 430 ad
1057 391 1188 436 illurn,
1219 390 1337 443 ipfius
1367 389 1415 427 ad
1444 387 1650 427 Consules.
1697 387 1855 427 Fulfisse

471 459 576 499 mihi
595 459 799 498 videbatur
828 454 858 493 πὶ
877 454 981 493 κακον
1009 457 1055 495 ad
1085 456 1220 495 oculos
1251 456 1349 506 ejus,
1380 463 1420 492 et
1448 452 1674 492 exclamaffe
1694 453 1761 492 ille
1781 453 1853 498 vir,

470 526 542 579 qui
562 525 634 564 effe
654 525 806 571 debuit,

609 587 688 645 Πςὸς
706 586 790 626 ri&
807 587 836 632 ’6,
866 604 895 624 τι
919 585 998 640 χξῗι,
1022 584 1076 631 »(9)
1094 581 1340 635 παλαμάσθω,

611 649 673 697 Ka)
691 647 783 690 πέντ’
795 650 846 688 ἐπ’
859 650 925 700 ἐμοὶ
945 645 1180 687 τωιταινὲθων·

608 716 654 754 Tb
672 715 737 769 γὰρ
757 713 788 753 εὖ
805 716 879 766 μετ’
891 715 976 766 ἐμοῦ.

472 788 530 825 At
560 784 629 823 ille
656 783 731 822 tibi
761 779 879 819 πολλοὶ
895 777 1016 830 χώραν
1041 777 1087 830 τῷ
1111 777 1208 828 namq]
1237 780 1386 825 dicens,
1416 779 1545 833 pergit
1577 778 1854 819 Brundufium.

473 849 704 891 Domitium
724 856 856 886 autem
875 845 1001 890 aiunt,
1032 858 1071 883 re
1092 845 1237 891 audita,
1268 855 1307 883 et
1337 858 1418 890 eos,
1448 845 1518 896 qui
1552 857 1628 882 una
1657 843 1790 890 estem,
1822 845 1858 884 se

473 913 682 955 tradidisse.
729 912 767 949 O
789 924 872 950 rem
898 909 1136 961 lugubrem!
1168 910 1302 962 itaque
1328 909 1572 948 intercludor
1599 908 1748 955 dolore,
1779 923 1859 962 quo

472 981 604 1020 minus
625 977 672 1017 ad
693 986 731 1016 te
750 977 863 1030 plura
881 974 1063 1013 scribam.
1100 976 1208 1014 Tuas
1228 975 1357 1013 literas
1377 976 1556 1028 expedito.

814 1178 1056 1216 Crcnno
1099 1177 1356 1214 ATT1co
1399 1175 1530 1215 SAL.

475 1309 548 1348 IX.
572 1307 639 1380 E
653 1307 716 1345 ΡΙ
734 1307 756 1345 S
771 1307 809 1345 T
822 1307 860 1344 O
875 1306 959 1344 LA
972 1305 1022 1343 M
1051 1317 1179 1342 meam
1199 1302 1306 1356 quod
1325 1303 1594 1356 pervulgatam
1614 1303 1750 1343 scribis
1770 1303 1858 1350 effe,

472 1392 475 1394 ·
669 1386 749 1411 non
769 1371 852 1410 fero
871 1369 1057 1410 moleste:
1089 1369 1187 1421 quin
1206 1369 1325 1407 etiarn
1346 1369 1425 1421 ipse
1446 1370 1584 1409 multis
1604 1369 1694 1407 dedi
1714 1369 1859 1408 descri-

476 1439 671 1478 bendam:
703 1451 747 1477 ea
773 1438 882 1476 enim
908 1445 947 1474 et
973 1435 1201 1474 acciderunt
1216 1436 1315 1486 jam,
1345 1444 1385 1472 et
1404 1435 1650 1487 impendent,
1681 1444 1725 1474 ut
1745 1435 1860 1474 testa-

474 1514 563 1543 tum
594 1503 666 1542 effe
696 1503 817 1541 velim
848 1502 896 1540 de
926 1514 1020 1554 pace
1051 1500 1149 1554 quid
1179 1499 1376 1537 senserim.
1423 1501 1529 1538 Cum
1557 1509 1687 1538 autem
1708 1500 1755 1538 ad
1774 1514 1862 1539 mm

474 1571 650 1609 hortarer
667 1583 760 1608 eum
779 1568 990 1622 praesertim
1011 1566 1231 1611 hominem,
1263 1579 1342 1604 non
1363 1565 1520 1604 videbar
1541 1565 1624 1604 ullo
1649 1565 1770 1605 modo
1798 1565 1860 1605 fa-

475 1636 590 1675 cilius
611 1645 808 1680 moturuS,
839 1647 958 1687 quam
984 1633 1012 1671 fi
1041 1632 1098 1677 id,
1128 1631 1175 1669 ad
1195 1630 1303 1685 quod
1321 1644 1414 1670 eum
1432 1630 1622 1677 hortarer,
1653 1632 1863 1671 convenire

474 1703 557 1753 ejus
578 1701 773 1754 sapientiae
792 1699 978 1737 dicerem.
1025 1699 1125 1736 Eam
1145 1697 1171 1736 fi
1195 1695 1441 1736 admirabilem
1460 1697 1559 1743 dixi,
1589 1710 1683 1736 cum
1702 1711 1795 1736 eum
1814 1697 1862 1735 ad

477 1767 639 1806 salutem
660 1767 792 1820 patriae
819 1765 1002 1804 hortabar
1017 1783 1029 1810 ς
1062 1777 1142 1803 non
1172 1763 1260 1802 sum
1289 1763 1452 1808 veritus,
1482 1777 1531 1801 ne
1561 1763 1711 1802 viderer
1736 1763 1859 1802 afferi-

474 1834 546 1873 tari
563 1853 574 1879 3
606 1833 671 1871 cui
693 1833 761 1871 tali
782 1833 822 1870 in
844 1846 884 1870 re
904 1831 1086 1869 lubenter
1105 1843 1170 1868 me
1189 1829 1236 1868 ad
1255 1829 1372 1882 pedes
1392 1828 1628 1881 abjecissem.
1672 1830 1763 1881 Qua
1787 1842 1859 1868 au-

476 1910 557 1938 tem
577 1899 644 1944 est,
675 1897 814 1950 alt'quid
825 1897 1008 1949 impertias
1026 1895 1193 1948 temporis
1210 1913 1222 1940 ;
1254 1908 1332 1933 non
1354 1894 1406 1933 est
1426 1895 1473 1933 de
1493 1908 1600 1948 pace,
1632 1894 1694 1933 sed
1721 1895 1767 1933 de
1797 1909 1860 1934 me

476 1965 574 2018 ipso,
605 1973 643 2002 et
664 1963 710 2001 de
731 1977 819 2001 meo
839 1962 986 2006 officio,
1018 1971 1062 1999 ut
1083 1960 1232 2012 aliquid
1252 1961 1416 2012 cogitet.
1463 1961 1569 1999 Nam
1594 1960 1700 2013 quod
1723 1961 1860 2000 testifi-

474 2043 557 2075 cor,
589 2043 652 2067 me
681 2037 882 2081 expertem
913 2026 1008 2064 belli
1038 2025 1177 2070 fuiffe3
1209 2025 1276 2063 etsl
1307 2025 1346 2063 id
1376 2039 1415 2064 re
1436 2026 1680 2078 perspectum
1700 2026 1768 2071 est,
1801 2036 1860 2064 ta·

475 2108 566 2134 men
596 2107 643 2132 eo
674 2093 817 2146 scripsi,
848 2105 928 2146 quo
958 2092 999 2130 in
1029 2089 1223 2129 suadendo
1253 2091 1341 2143 plus
1373 2091 1611 2129 auctoritatis
1645 2090 1859 2137 haberenm

475 2160 692 2212 eodemque
719 2158 904 2211 pertinet,
934 2155 1042 2210 quod
1070 2155 1223 2195 causam
1252 2156 1335 2208 ejus
1364 2156 1504 2209 probo.
1550 2156 1621 2195 Sed
1652 2157 1749 2208 quid
1780 2156 1861 2195 haec

477 2239 582 2265 nunc
603 2226 615 2263 ?
647 2225 801 2263 utinam
821 2223 971 2277 aliquid
991 2221 1214 2276 profestum
1232 2221 1337 2260 effet.
1378 2222 1451 2260 Nae
1469 2235 1543 2275 ego
1564 2221 1648 2260 istas
1670 2223 1798 2260 literas
1822 2224 1861 2261 in

477 2291 670 2330 concione
690 2290 842 2328 recitari
862 2289 1011 2334 velim;
1043 2288 1070 2327 fi
1099 2287 1260 2340 quidem
1291 2287 1358 2326 ille
1387 2288 1466 2340 ipse
1495 2288 1543 2325 ad
1571 2288 1739 2326 eundem
1768 2288 1859 2326 scri-

478 2359 574 2397 bens
595 2357 636 2395 in
657 2356 821 2409 publico
841 2355 1042 2409 proposuit
1062 2353 1265 2408 epistolam
1286 2354 1410 2398 illam,
1443 2355 1482 2392 in
1508 2368 1584 2406 qua
1604 2354 1671 2398 est,
1696 2363 1765 2409 fro
1789 2355 1862 2394 tuis

479 2422 583 2462 rebus
596 2421 698 2475 gestis
718 2420 927 2474 amplffntis
942 2437 955 2458 :
986 2419 1308 2473 amplioribusne,
1338 2433 1458 2472 quam
1486 2420 1576 2463 suis,
1608 2433 1727 2472 quam
1747 2419 1860 2459 Afri-

479 2489 565 2527 cani
585 2488 599 2526 ?
632 2488 690 2526 lta
709 2486 912 2539 tempestus
932 2485 1095 2525 ferebat.
1132 2486 1170 2524 Si
1191 2485 1353 2538 quidem
1373 2485 1491 2524 ctiam
1511 2499 1579 2523 vos
1601 2485 1680 2524 duo
1700 2486 1793 2524 tales
1813 2486 1861 2524 ad

478 2556 667 2609 quintum
700 2553 959 2593 milliarium:
992 2553 1089 2607 quid
1120 2565 1225 2592 nunc
1258 2552 1387 2605 ipsum
1417 2551 1519 2592 unde
1554 2552 1591 2591 se
1624 2552 1859 2605 recipienti?
