2243 3008
514 286 621 325 AD
681 282 1111 323 ATTICUM
1175 282 1463 325 LIB.VII.
1609 299 1684 339 199

301 388 364 427 sed
384 396 528 432 tamen,
560 392 754 438 quantum
775 383 936 437 poteris,
977 383 1065 435 Ego
1086 383 1112 422 fi
1133 383 1230 436 quid
1250 383 1317 423 hic
1337 384 1455 424 hodie
1476 387 1566 425 novi
1586 400 1682 440 cog-

300 467 411 499 noro,
442 452 536 490 scies
554 465 564 489 :
591 452 676 503 jam
695 450 804 488 enim
824 448 988 487 aderunt
1009 449 1200 488 Consules
1220 449 1267 488 ad
1288 449 1371 489 suas
1392 452 1543 490 Nonas.
1576 454 1684 491 Tuas

301 517 479 570 quotidie
499 516 628 554 literas
649 514 876 568 expe-stabo,
909 513 974 552 Ad
993 513 1062 553 has
1083 523 1228 561 autem,
1250 529 1344 554 cum
1364 517 1525 569 poteriS,
1549 517 1684 555 rescri-

301 583 382 622 bes.
414 582 606 621 Mulieres
627 590 666 620 et
688 581 897 619 Cicerones
918 580 960 618 in
981 580 1194 620 Formiano
1214 580 1371 635 reliqui.

639 785 883 824 C1cERo
923 785 1180 822 ATTrco
1221 785 1350 823 SAL.

304 914 419 953 XXI.
444 912 522 986 D
541 914 575 951 E
605 912 719 952 malis
749 912 887 951 nostris
917 922 961 951 tu
992 912 1100 966 prius
1134 913 1260 959 audis,
1291 927 1410 966 quam
1441 927 1540 967 ego:
1574 914 1688 954 istinc

540 979 647 1017 enim
667 988 863 1018 emanant.
896 979 997 1017 Boni
1016 987 1147 1017 autem
1167 978 1263 1017 hinc
1282 979 1389 1032 quod
1408 982 1600 1033 expeffiks,
1623 982 1688 1019 ni-

302 1044 362 1083 hil
382 1045 450 1084 est.
486 1045 585 1083 Veni
607 1046 783 1098 Capuam
803 1044 850 1082 ad
871 1045 1007 1083 Nonas
1029 1044 1146 1083 Febr.
1175 1046 1230 1083 ita
1259 1053 1302 1083 ut
1323 1045 1510 1097 jufferant
1531 1046 1688 1085 Consu-

302 1110 373 1149 les.
421 1111 482 1148 Eo
512 1110 575 1148 die
604 1110 802 1148 Lentulus
832 1109 940 1147 venit
970 1109 1078 1148 sero:
1110 1109 1207 1148 alter
1236 1109 1384 1148 Consul
1414 1112 1579 1149 omnino
1608 1125 1690 1150 non

303 1184 458 1214 venerat
491 1188 556 1213 vu
592 1174 700 1213 Idus.
747 1176 809 1213 Eo
837 1176 945 1213 enim
974 1174 1037 1212 die
1062 1189 1136 1227 ego
1163 1177 1298 1228 Capua
1318 1176 1478 1221 disceffi‚
1509 1186 1548 1215 et
1568 1177 1691 1215 mansl

306 1240 497 1279 Calibus:
541 1239 632 1278 inde
665 1239 734 1278 has
770 1240 900 1279 literas
930 1239 1115 1293 postridie
1143 1250 1232 1279 ante
1261 1241 1392 1280 lucem
1424 1241 1527 1281 dedi.
1574 1243 1690 1288 Haec,

305 1307 449 1359 Capuae
470 1306 565 1344 dum
585 1305 661 1352 fui,
679 1307 862 1358 cognovi,
885 1305 987 1344 nihil
1009 1306 1050 1344 in
1073 1306 1328 1353 Consulibus,
1350 1307 1507 1346 nullum
1528 1307 1693 1360 usquam

304 1373 516 1412 delectum.
560 1373 648 1411 Nec
674 1373 782 1411 enim
802 1372 1083 1426 conquisitores
1104 1370 1376 1423 Φοανοπροσωπεῖν
1394 1373 1537 1412 audent
1553 1392 1565 1419 ς
1597 1387 1692 1412 cum

303 1440 373 1478 ille
392 1439 488 1479 adfit
508 1449 671 1485 contra3
704 1453 797 1479 cum
818 1439 944 1478 noster
963 1439 1044 1479 dux
1064 1439 1256 1492 nusquam
1277 1439 1336 1485 fit,
1359 1439 1461 1478 nihil
1483 1450 1569 1493 agat
1587 1455 1596 1479 z
1620 1454 1692 1479 nec

306 1507 467 1545 nomina
487 1506 580 1544 dant
598 1521 607 1544 :
639 1506 773 1545 deficit
794 1507 901 1545 enim
922 1520 1002 1545 non
1022 1507 1218 1552 voluntas,
1244 1506 1306 1544 sed
1328 1506 1426 1559 spes.
1459 1507 1600 1545 Cnaeus
1621 1520 1692 1545 au-

306 1581 388 1610 tem
419 1570 545 1609 noster
579 1572 636 1623 (O
668 1585 750 1609 rem
782 1571 961 1610 miseram
989 1580 1028 1609 et
1054 1570 1348 1621 incredibilem)
1372 1580 1415 1609 ut
1437 1580 1542 1609 totus
1557 1572 1690 1623 jacet!

308 1651 388 1675 non
419 1637 572 1675 animus
605 1636 671 1681 est,
714 1651 792 1675 non
823 1637 1046 1683 confilium,
1079 1651 1157 1676 non
1190 1637 1327 1689 copiae,
1358 1650 1438 1675 non
1471 1637 1692 1689 diligentia.

308 1704 473 1741 Mittam
506 1703 587 1748 illa,
619 1702 756 1755 fugam
783 1704 830 1742 ab
853 1704 948 1742 urbe
969 1703 1244 1757 turpissimam,
1276 1703 1535 1741 timidiffimas
1557 1704 1597 1741 in
1619 1717 1693 1756 op-

307 1768 410 1822 pidis
431 1769 656 1813 conciones,
688 1770 976 1821 ignorationem
998 1783 1077 1808 non
1099 1770 1225 1807 solum
1246 1769 1462 1814 adversarii,
1493 1768 1556 1807 sed
1576 1770 1696 1808 etiam

308 1834 462 1873 suarum
484 1835 711 1887 copiarum:
745 1834 821 1873 hoc
842 1835 1064 1888 cujusmodi
1085 1835 1166 1873 est?
1200 1849 1265 1880 vlt
1290 1834 1349 1873 Id.
1374 1835 1491 1873 Febr.
1517 1836 1695 1887 Capuam

309 1902 358 1940 C.
377 1900 522 1939 Caffius
544 1901 750 1939 Tribunus
771 1901 898 1954 plebis
919 1901 1042 1947 venit,
1063 1902 1198 1939 attulit
1218 1901 1398 1939 mandata
1417 1900 1464 1938 ad
1486 1900 1694 1947 Consules,

309 1975 353 2005 ut
383 1967 553 2005 Romam
572 1966 765 2012 venirent,
795 1967 1005 2020 pecuniam
1035 1966 1082 2005 de
1111 1967 1296 2005 sanctiore
1323 1966 1454 2005 aerario
1483 1965 1695 2026 auferrent,

311 2032 437 2070 statim
467 2033 618 2071 exirent
656 2033 750 2071 urbe
780 2033 925 2072 relicta.
971 2033 1177 2079 Redeant5
1209 2046 1289 2086 quo
1319 2031 1525 2085 ptaefidio?
1557 2031 1698 2070 deinde

310 2108 472 2145 exeant,
505 2099 592 2152 quis
615 2099 738 2136 sinat?
772 2099 920 2137 Consul
941 2099 976 2137 ei
997 2099 1202 2152 rescripsit,
1225 2108 1269 2136 ut
1290 2098 1397 2151 prius
1419 2097 1497 2151 ipse
1518 2099 1558 2136 in
1582 2098 1696 2135 Pice-

312 2178 421 2203 num.
462 2167 517 2202 At
538 2164 637 2203 illud
660 2174 789 2203 totum
809 2175 889 2203 erat
909 2165 1087 2204 amiffum
1107 2181 1115 2204 :
1149 2164 1292 2204 sciebat
1314 2169 1444 2209 neme,
1475 2163 1613 2216 praete‘r
1632 2176 1697 2201 me

311 2242 358 2266 ex
387 2229 510 2268 literis
542 2229 774 2268 Dolabellae.
820 2229 929 2268 Mihi
960 2231 1128 2269 dubium
1159 2244 1237 2268 non
1267 2239 1361 2274 erat,
1393 2229 1488 2280 quin
1519 2228 1587 2266 ille
1612 2229 1698 2280 jam

308 2295 469 2346 jamque
503 2294 604 2333 foret
638 2295 679 2333 in
711 2296 885 2348 Apulia;
930 2296 1071 2334 Cnaeus
1103 2295 1229 2333 noster
1258 2296 1297 2332 in
1330 2295 1431 2331 navi.
1477 2294 1565 2345 Ego
1600 2294 1698 2345 quid

313 2372 439 2411 agam,
460 2357 598 2407 σκέμμα,
619 2374 830 2414 magnum;
855 2375 983 2414 neque
1002 2360 1226 2399 mehercule
1247 2359 1347 2398 mihi
1369 2359 1531 2412 quidem
1552 2359 1696 2405 ullum,

314 2424 384 2463 nisi
405 2424 536 2462 omnia
557 2424 673 2463 effent
693 2429 774 2465 afta
795 2428 1034 2480 turpiffime3
1058 2440 1184 2479 neque
1205 2439 1277 2478 ego
1295 2426 1414 2463 ullius
1435 2425 1586 2463 consilii
1607 2438 1698 2477 par-

315 2491 437 2542 ticeps
457 2504 465 2527 :
500 2489 562 2526 sed
583 2498 727 2535 tamen,
759 2493 864 2543 quod
886 2507 948 2531 me
970 2493 1115 2531 deceat.
1164 2492 1248 2544 Ipse
1270 2505 1332 2529 me
1353 2491 1476 2529 Caesar
1497 2490 1541 2527 ad
1563 2503 1699 2541 pacem

314 2556 513 2595 hortatur:
539 2554 600 2594 sed
621 2556 859 2608 antiquiores
881 2558 1016 2604 literae,
1035 2571 1153 2610 quam
1175 2571 1284 2595 ruere
1304 2557 1439 2609 coepit.
1473 2554 1695 2601 Dolabella,
