2243 3008
502 267 573 307 118
823 266 1507 305 EPISTOLARUM

496 377 704 421 tuumque,
735 367 789 406 dii
812 367 905 406 boni
925 367 932 405 !
965 366 1298 420 quemadmodum
1319 368 1455 405 tractat
1474 366 1636 412 honore,
1667 365 1872 420 dignitate,

496 434 618 486 gratia
636 435 648 471 ?
680 447 759 472 non
780 433 885 472 secus
906 447 949 471 ac
970 433 996 471 fi
1017 446 1089 485 ego
1109 432 1224 470 effem
1244 433 1467 484 imperator.
1504 432 1727 471 Hibernam
1747 433 1873 484 legio-

496 513 588 538 nem
607 498 778 552 eligendi
797 500 908 551 optio
927 499 1051 536 delata
1065 497 1336 542 commodum,
1355 507 1399 536 ut
1418 498 1465 535 ad
1485 512 1548 536 me
1568 498 1717 536 scribit.
1751 499 1873 536 Hunc

497 573 540 602 tu
561 578 638 602 non
661 578 762 601 ames
782 566 795 601 ?
827 577 944 616 quem
966 564 1087 615 igitur
1106 563 1296 601 istorum?
1328 563 1400 601 Sed
1420 562 1517 601 heus
1539 573 1596 608 tu,
1627 563 1872 617 scripseram-

497 644 545 668 ne
576 631 648 668 tibi
681 643 743 668 me
774 630 845 668 effe
878 630 1051 682 legatum
1086 630 1306 681 Pompeio?
1337 639 1375 666 et
1407 639 1514 667 extra
1543 629 1679 667 urbem
1711 629 1874 682 quidem

497 695 579 734 fore
600 711 646 734 ex
671 697 771 734 Idib.
795 697 1020 747 Januariis?
1053 695 1192 733 Visum
1221 695 1274 733 est
1305 694 1380 733 hoc
1410 695 1510 733 mihi
1538 695 1585 732 ad
1618 695 1743 733 multa
1775 709 1872 748 qua·

497 762 618 800 drare.
663 763 735 800 Sed
755 762 851 815 quid
872 762 1014 814 plura?
1045 774 1192 806 coram,
1221 761 1375 814 opinor,
1408 761 1583 813 reliqua;
1616 769 1660 798 ut
1681 770 1724 798 tu
1745 769 1874 799 tamen

496 828 645 880 aliquid
678 830 868 882 expectes.
916 827 1105 878 Dionyfio
1136 827 1348 879 plurimam
1382 827 1571 864 salutem:
1613 827 1678 863 cui
1712 827 1875 879 quidem

495 906 569 945 ego
603 905 680 930 non
715 892 834 930 modo
867 891 1024 936 servavi.
1069 891 1132 930 sed
1164 891 1283 929 etiam
1317 890 1518 934 aedificavi,
1564 890 1712 928 locum.
1764 891 1875 942 Qid

496 958 636 1010 quaeris
656 959 668 996 ?
699 958 745 996 ad
767 957 959 996 summam
979 957 1156 995 laetitiam
1176 969 1318 1001 meam,
1350 969 1469 1008 quam
1488 969 1536 994 ex
1561 965 1630 994 tuo
1659 956 1787 994 reditu
1806 970 1872 994 ca-

495 1025 577 1076 pio,
607 1036 772 1074 magnus
792 1022 899 1061 illius
920 1022 1087 1060 adventu
1108 1021 1294 1060 cumulus
1314 1021 1477 1060 accedit.
1524 1021 1618 1072 Qo
1646 1021 1709 1060 die
1737 1021 1786 1059 ad
1810 1035 1874 1061 me

496 1089 639 1133 venies,
671 1098 729 1133 tu,
761 1087 785 1126 fi
807 1101 870 1126 me
890 1101 1008 1133 amas,
1038 1087 1142 1140 apud
1162 1101 1226 1126 me
1245 1100 1338 1126 cum
1361 1087 1437 1125 tuis
1457 1099 1625 1125 maneas.
