2243 3008
452 277 526 316 116
794 273 1484 315 EPISTOLARUM

450 377 496 415 ad
515 390 602 429 quae
623 384 799 428 tempora
818 384 856 414 te
874 376 1139 428 expectemus,
1169 373 1288 414 facias
1314 387 1379 414 me
1402 374 1611 414 certiorem
1629 374 1764 422 velim,
1793 384 1833 415 et

452 442 498 480 de
519 441 744 494 Eutychide
764 441 862 493 quid
880 441 1021 493 egeris.

792 643 1034 680 C1cssRo
1075 642 1328 680 A'rT1co
1370 642 1502 679 SAL.

457 770 592 809 XVII.
617 768 690 841 O
722 771 755 808 E
770 770 807 808 X
823 769 1135 807 PECTATA
1150 768 1173 805 S
1202 766 1304 805 mihi
1325 776 1408 807 tuas
1430 768 1586 807 literas!
1621 769 1658 806 O
1678 777 1836 822 gratum

711 833 949 872 adventum!
984 835 1021 871 Ο
1042 832 1298 871 constantiam
1318 833 1506 885 promiffi,
1536 841 1575 871 et
1606 832 1726 871 fidem
1756 834 1835 871 mi-

457 912 537 937 ram
558 900 565 936 !
601 902 637 938 O
660 900 949 952 navigationem
977 897 1181 936 amandam
1200 898 1208 934 !
1240 910 1359 949 quam
1388 897 1613 936 mehercule
1636 911 1710 951 ego
1728 897 1841 936 valde

457 964 662 1009 timebam,
698 964 902 1002 recordans
932 963 1138 1015 superioris
1169 970 1244 1000 tuae
1274 962 1567 1000 transmiffionis
1599 956 1718 1014 δὲῥρκς.
1766 962 1840 1000 Sed

456 1029 527 1066 nis1
548 1028 678 1074 fallor,
709 1030 826 1067 citius
849 1038 900 1073 te,
926 1041 1046 1080 quam
1066 1027 1218 1072 scribis,
1239 1027 1395 1066 videbo.
1428 1027 1557 1066 Credo
1576 1028 1684 1066 enim
1704 1037 1742 1066 te
1761 1042 1838 1081 pu·

456 1093 561 1138 taffe,
592 1104 674 1133 tuas
696 1094 879 1132 mulieres
900 1094 941 1131 in
962 1093 1109 1146 Apulia
1127 1092 1227 1131 effe:
1259 1093 1366 1146 quod
1386 1107 1480 1132 cum
1499 1093 1605 1132 secus
1626 1094 1715 1138 erit,
1742 1094 1840 1145 quid

456 1168 495 1196 te
522 1161 669 1212 Apulia
695 1168 869 1198 moretur
886 1160 900 1196 ?
931 1172 1022 1197 nam
1043 1157 1220 1196 Vestorio
1239 1157 1356 1196 dandi
1377 1157 1466 1197 sunt
1485 1158 1582 1204 dies,
1612 1168 1651 1197 et
1670 1158 1738 1197 ille
1758 1160 1839 1197 La-

457 1225 564 1262 tinus
585 1220 773 1272 ὰῧικισ-μὶς
792 1237 839 1262 ex
859 1223 1065 1262 intervallo
1085 1223 1351 1276 regustandus.
1374 1223 1486 1276 Qin
1506 1233 1550 1262 tu
1569 1223 1649 1262 huc
1669 1223 1842 1269 advolas,

456 1300 495 1328 et
517 1290 646 1328 invisis
667 1289 775 1328 illius
797 1289 932 1328 nostrae
954 1289 1200 1342 Reipublicae
1220 1303 1427 1341 germanae.
1473 1290 1613 1328 Putavi
1642 1289 1688 1328 de
1718 1303 1839 1328 num-

458 1358 548 1401 mis,
579 1365 667 1393 ante
687 1356 849 1394 comitia
869 1356 1052 1394 tributim
1073 1369 1152 1394 uno
1171 1355 1260 1394 loco
1280 1355 1409 1395 divifis
1429 1356 1572 1408 palam.
1605 1356 1706 1395 Vide
1726 1356 1840 1395 abso-

457 1423 591 1460 lutum
626 1421 872 1460 Gabinium:
906 1421 1018 1460 detur
1051 1421 1123 1460 effe
1155 1421 1384 1461 valiturum.
1430 1423 1493 1460 De
1522 1421 1699 1460 Messalla
1732 1422 1840 1475 quod

456 1488 614 1541 quaeris,
644 1487 741 1539 quid
775 1487 941 1525 scribam
975 1486 1131 1525 nescio:
1171 1498 1375 1540 nunquam
1403 1501 1478 1540 ego
1505 1487 1587 1525 vidi
1617 1498 1697 1526 tam
1731 1501 1839 1540 pares

456 1552 698 1591 candidatos.
737 1551 923 1590 Mess‘allae
943 1553 1073 1605 copias
1094 1551 1208 1590 nosti.
1241 1553 1429 1590 Scaurum
1449 1552 1626 1591 Triarius
1647 1565 1758 1591 reum
1778 1552 1841 1591 fe·

457 1618 528 1656 cit.
574 1618 614 1656 Si
642 1617 797 1670 quaeris,
830 1618 938 1655 nulla
963 1617 1015 1655 est
1036 1631 1270 1670 magnopere
1290 1626 1490 1657 commota
1508 1613 1744 1664 πμποίθεωιι
1777 1617 1841 1656 sed

457 1693 589 1723 tamen
621 1682 739 1722 habet
765 1683 948 1721 AEdilitas
978 1684 1061 1735 ejus
1091 1683 1323 1722 memoriam
1355 1697 1434 1722 non
1466 1684 1687 1736 ingratam;
1719 1694 1757 1722 et
1787 1684 1842 1723 est

459 1749 612 1802 pondus
632 1749 734 1802 apud
755 1748 916 1787 rusticos
946 1749 986 1786 in
1008 1749 1126 1801 patris
1148 1749 1351 1788 memoria.
1398 1749 1560 1801 Reliqui
1591 1749 1669 1787 duo
1696 1749 1841 1802 plebeii

461 1817 509 1853 fic
536 1824 802 1868 exaequantur,
835 1823 878 1853 ut
908 1815 1112 1853 Domitius
1143 1814 1265 1852 valeat
1294 1814 1447 1859 amicis,
1478 1814 1681 1866 adjuvetur
1711 1825 1842 1853 tamen

461 1895 537 1919 non
560 1880 772 1932 gratiffimo
793 1893 982 1924 munere;
1016 1879 1235 1917 Memmius
1257 1879 1415 1917 Caesaris
1442 1880 1741 1918 commendetur
1761 1882 1840 1919 mi·

461 1945 615 1989 litibus,
640 1945 816 1997 Pompeii
839 1944 970 1982 Gallia
991 1945 1163 1982 nitatur:
1187 1944 1332 1996 quibus
1355 1945 1379 1982 fi
1402 1958 1479 1982 non
1501 1945 1679 1990 valuerit,
1701 1956 1841 1998 putant

463 2010 544 2049 fore
565 2011 752 2062 aliquem,
783 2010 851 2062 qui
872 2010 1033 2047 comitia
1054 2010 1092 2047 in
1115 2010 1324 2048 adventum
1348 2010 1505 2048 Caesaris
1535 2011 1728 2056 detrudat,
1762 2014 1841 2051 Ca-

464 2087 553 2114 tone
576 2075 785 2128 praesertim
805 2074 997 2113 absoluto.
1030 2075 1095 2113 Ab
1117 2075 1272 2127 Qinto
1293 2075 1423 2121 fratre,
1446 2086 1483 2114 et
1504 2090 1524 2114 a
1544 2077 1690 2115 Caesare
1710 2079 1841 2130 accepi

461 2156 494 2180 a.
519 2142 557 2180 d.
584 2155 645 2180 xx.
671 2141 759 2179 Kal.
789 2141 989 2179 Novemb.
1018 2141 1162 2186 literas,
1193 2141 1369 2180 confecta
1400 2143 1612 2187 Britannia,
1643 2144 1841 2182 obsidibus

463 2208 648 2259 acceptis,
681 2206 787 2244 nulla
808 2207 946 2259 praeda,
979 2207 1164 2259 imperata
1185 2216 1313 2245 tamen
1337 2209 1514 2259 pecunia,
1545 2208 1648 2246 datas
1670 2222 1690 2246 a
1710 2209 1839 2247 litori-

466 2274 536 2310 bus
573 2273 779 2310 Britanniae
812 2273 993 2324 proximo
1024 2286 1056 2309 a.
1091 2272 1130 2310 d.
1156 2286 1196 2310 νι
1236 2273 1399 2311 Kalend.
1431 2274 1576 2311 octob.
1610 2275 1841 2314 Exercitum

466 2338 664 2375 Britannia
685 2338 945 2389 reportabant.
988 2340 1052 2390 Q
1068 2338 1190 2375 Pilius
1211 2349 1288 2376 erat
1305 2340 1386 2391 jam
1408 2338 1453 2376 ad
1476 2339 1662 2378 Carsarem
1686 2340 1840 2392 profec-

466 2415 542 2441 tus.
580 2405 660 2446 Tu.
695 2403 717 2440 sl
740 2413 803 2440 aut
825 2417 932 2440 amor
955 2404 991 2440 in
1016 2414 1052 2441 tc
1071 2404 1121 2441 cst
1146 2404 1260 2442 nostri
1283 2419 1323 2442 ac
1347 2415 1520 2449 tuorum,
1553 2416 1617 2443 aut
1639 2407 1717 2444 ulla
1739 2408 1839 2444 veri-

465 2481 535 2513 tas,
567 2480 630 2506 aut
652 2469 676 2507 fi
698 2470 814 2506 etiam
838 2470 948 2521 sapis,
980 2483 1022 2507 ac
1054 2469 1128 2507 frui
1159 2472 1235 2508 tuis
1263 2471 1481 2509 commodis
1503 2472 1666 2523 cogitas,
1697 2473 1839 2511 adven-

464 2546 540 2572 tare
561 2544 596 2572 ct
621 2548 739 2587 prope
759 2534 877 2572 adesse
894 2535 974 2586 jam
997 2534 1126 2573 debes.
1162 2536 1253 2574 Nou
1279 2535 1499 2575 mehercule
1521 2551 1632 2589 arquo
1652 2538 1784 2577 animo
1806 2549 1841 2576 tc
