2243 3008
546 230 653 268 AD
712 226 1143 267 ATTICUM
1207 228 1349 265 LIB.
1400 228 1514 266 XIV.
1641 242 1720 279 419

333 328 512 382 persuasi,
543 326 645 366 mihi
675 326 730 370 id,
761 324 867 377 quod
889 333 1053 376 rogaret,
1085 337 1133 362 ne
1153 324 1270 362 licere
1291 326 1467 377 quidem,
1499 340 1577 365 non
1599 328 1717 366 modo

334 409 414 433 non
435 394 583 432 lubere.
629 391 855 429 Antonium
882 390 908 428 fi
930 390 1077 434 videro,
1107 400 1284 428 accurate
1305 404 1416 442 agam
1437 392 1483 429 de
1504 392 1713 432 Buthroto.

335 461 464 498 Venio
497 458 544 496 ad
579 457 811 495 recentiores
846 456 1004 494 literas:
1036 469 1262 508 quanquam
1297 455 1343 494 de
1378 457 1508 494 Servio
1537 459 1619 508 jam
1655 472 1715 496 re·

334 524 481 578 scripfi,
512 537 575 562 me
595 522 721 560 facere
742 535 926 574 magnam
946 517 1059 572 πρᾶξιν
1080 521 1312 560 Dolabellae.
1358 521 1470 560 Mihi
1496 521 1719 561 mehercule

335 591 390 628 ita
418 589 587 634 videtur,
619 602 698 626 non
729 587 894 640 potuiffe
924 587 1048 639 major
1075 587 1143 624 tali
1167 600 1221 631 re,
1254 587 1401 638 talique
1422 596 1624 640 tempore:
1657 588 1720 625 sed

336 664 483 701 tamen,
515 655 712 708 quidquid
741 655 777 692 ei
807 654 954 698 tribuo,
986 653 1119 691 tribuo
1148 667 1195 691 ex
1227 654 1305 690 tuis
1330 653 1469 692 literis.
1513 654 1610 692 Tibi
1633 668 1722 692 vero

335 721 528 765 assentior,
561 721 749 772 majorem
770 715 884 773 πρᾶξιν
902 720 985 771 ejus
1005 717 1104 764 fore,
1136 719 1162 756 fi
1184 718 1300 764 mihi,
1332 719 1439 771 quod
1460 719 1611 765 debuit,
1643 719 1722 757 dis-

335 787 507 825 solverit.
550 787 711 831 Brutus,
744 786 878 830 velim,
911 785 957 823 fit
987 784 1151 823 Asturae.
1194 785 1315 837 Qod
1338 794 1469 824 autem
1490 785 1622 824 laudas
1642 798 1720 831 me,

336 853 444 905 quod
478 851 581 890 nihil
615 861 704 889 ante
738 851 785 889 de
819 850 1061 904 profectione
1095 850 1345 897 constituam,
1376 865 1510 904 quam,
1541 851 1611 889 ista
1644 864 1722 902 quo

337 917 492 955 evasura
512 917 600 962 fint,
622 916 769 961 videro,
792 926 905 954 muto
926 916 1156 954 sententiam
1171 935 1184 961 ς
1207 930 1334 968 neque
1353 916 1572 969 quidquam
1593 925 1724 954 tamen

338 992 441 1028 ante,
473 996 593 1035 quam
620 992 658 1021 te
678 982 824 1021 videro.
871 983 1049 1020 Atticam
1079 995 1207 1020 meam
1236 983 1376 1035 gratias
1406 982 1509 1020 mihi
1537 995 1648 1035 agere
1677 982 1725 1020 de

339 1058 463 1087 matre
483 1048 632 1101 gaudeo
651 1063 660 1087 :
692 1049 758 1087 cui
779 1048 941 1101 quidem
961 1061 1034 1100 ego
1055 1057 1179 1086 totam
1198 1049 1334 1087 villam
1354 1048 1573 1101 cellamque
1603 1047 1725 1086 tradi-

339 1115 379 1153 di
397 1134 408 1160 ς
440 1127 604 1168 eamque
624 1115 848 1167 cogitabam
870 1128 894 1152 v
917 1114 1010 1152 Idus
1032 1114 1176 1153 videre.
1219 1116 1286 1153 Tu
1308 1115 1452 1153 Atticae
1480 1114 1642 1153 salutem
1663 1113 1725 1152 di-

339 1192 402 1218 ces
421 1194 431 1219 :
463 1194 534 1220 nos
555 1180 699 1219 Piliam
719 1180 930 1232 diligenter
949 1179 1165 1218 tuebimur.

677 1382 920 1419 CICERO
960 1380 1217 1419 ATTICO
1259 1380 1389 1418 SAL.

344 1508 438 1547 XX.
464 1507 529 1578 E
555 1508 947 1546 POMPEIANO
979 1507 1068 1544 navi
1087 1506 1267 1544 advectus
1289 1506 1374 1544 sum
1394 1505 1436 1544 in
1458 1507 1621 1546 Luculli
1640 1507 1730 1547 nos-

560 1574 612 1611 tri
637 1572 856 1625 hospitium
878 1584 923 1609 v1
947 1570 1056 1616 Idus,
1087 1570 1183 1609 hora
1202 1570 1283 1609 fere
1303 1572 1442 1610 tertia:
1474 1572 1640 1624 egressus
1661 1587 1731 1612 au-

344 1648 427 1677 tem
447 1652 468 1677 e
487 1638 591 1683 navi,
622 1638 754 1691 accepi
775 1647 859 1675 tuas
880 1637 1025 1681 literas,
1047 1649 1143 1688 quas
1164 1645 1254 1674 tuus
1276 1636 1499 1675 tabellarius
1520 1637 1562 1675 in
1583 1639 1733 1676 Cuma-

345 1718 444 1743 num
464 1704 632 1742 attuliffe
653 1704 870 1749 dicebatur,
892 1703 1023 1742 Nonis
1045 1703 1146 1741 Mai.
1165 1703 1293 1748 datas;
1316 1717 1337 1740 a
1355 1703 1530 1742 Lucullo
1552 1704 1735 1756 postridie

346 1769 481 1808 eadem
500 1768 582 1807 fere
601 1768 711 1815 hora,
743 1782 820 1821 qua
839 1768 943 1813 veni,
967 1781 1032 1806 vu
1057 1768 1150 1806 Idus
1173 1768 1353 1806 Lanuvio
1373 1767 1494 1806 datas.
1526 1769 1635 1807 Audi
1655 1769 1734 1821 igi-

347 1844 413 1874 tur
441 1836 488 1874 ad
519 1848 671 1874 omnes.
716 1835 913 1880 Primum,
944 1848 1031 1887 quae
1051 1834 1098 1872 de
1118 1848 1158 1872 re
1178 1847 1265 1872 mea
1283 1834 1386 1886 gesta
1405 1843 1444 1872 et
1464 1834 1506 1872 in
1526 1834 1735 1881 solutione,

347 1910 386 1940 et
406 1901 448 1939 in
469 1901 642 1939 Albiano
663 1901 838 1953 negotio,
869 1908 991 1953 grata.
1024 1900 1087 1938 De
1107 1909 1177 1938 tuo
1197 1908 1328 1938 autem
1349 1898 1560 1945 Buthroto,
1582 1913 1676 1938 cum
1696 1901 1738 1939 in

349 1967 592 2021 Pompeiano
620 1966 750 2011 estem,
782 1966 987 2004 Misenum
1017 1965 1126 2003 venit
1156 1965 1385 2004 Antonius:
1417 1964 1508 2002 inde
1537 1974 1626 2003 ante
1657 1965 1737 2004 dis-

350 2032 471 2078 ceffit,
493 2046 613 2084 quam
633 2032 751 2070 illum
771 2031 912 2070 veniffe
932 2029 1118 2068 audiffem
1135 2045 1144 2069 ε
1176 2044 1197 2068 a
1216 2044 1296 2084 quo
1316 2030 1357 2068 in
1380 2031 1583 2069 Samnium
1602 2045 1611 2069 z
1635 2031 1738 2077 vide,

351 2097 449 2150 quid
471 2097 610 2150 speres.
649 2098 789 2135 Romae
809 2096 932 2148 igitur
952 2095 999 2134 de
1020 2095 1231 2134 Buthroto.
1273 2097 1323 2134 L.
1346 2096 1515 2133 Antonii
1536 2094 1739 2134 horribilis

350 2163 508 2207 concio,
549 2161 767 2201 Dolabellae
798 2162 994 2214 praeclara.
1039 2163 1130 2213 Jam
1163 2161 1225 2199 vel
1259 2161 1330 2199 fibi
1363 2159 1504 2197 habeat
1537 2173 1738 2207 nummos,

353 2228 474 2266 modo
501 2236 681 2266 numeret
711 2227 863 2267 Idibus.
908 2227 1099 2266 Tertullae
1121 2227 1270 2265 nollem
1290 2225 1500 2263 abortum:
1533 2234 1613 2263 tam
1633 2226 1741 2264 enim

355 2293 473 2332 Caffii
493 2294 582 2332 sunt
597 2296 696 2347 jam,
727 2308 847 2347 quam
869 2294 996 2339 Bruti,
1029 2293 1190 2332 serendi.
1223 2293 1286 2330 De
1307 2292 1440 2344 regina
1458 2291 1593 2337 velim,
1624 2301 1742 2345 atque

355 2359 474 2398 etiam
491 2359 537 2396 de
555 2360 700 2398 Caesare
721 2360 807 2399 illo.
840 2359 1010 2398 Persolvi
1031 2359 1167 2411 primae
1187 2357 1378 2410 epistolae:
1402 2357 1516 2395 venio
1536 2357 1582 2395 ad
1603 2357 1742 2396 secun-

357 2423 462 2461 dam.
496 2424 558 2461 De
579 2425 744 2475 Qintis
765 2438 808 2462 ac
831 2424 1043 2469 Buthroto,
1074 2437 1167 2462 cum
1190 2437 1344 2468 venero,
1376 2432 1420 2460 ut
1441 2422 1590 2461 scribis.
1624 2423 1744 2474 Qod

363 2489 552 2529 Ciceroni
591 2488 829 2542 suppeditas,
873 2500 1043 2543 gratum.
1096 2489 1216 2542 Qod
1249 2502 1371 2527 errare
1409 2501 1473 2526 me
1506 2498 1634 2541 putas,
1679 2489 1748 2541 qui

1250 2555 1289 2592 G
1317 2566 1344 2605 g
1373 2566 1399 2605 g
1429 2565 1452 2593 2
