2243 3008
927 247 1159 301 [147]

586 500 1494 547 EPISTOLARUM

483 718 673 775 AD
803 716 1607 776 ATTICUM

826 939 1104 978 LIBER
1178 939 1257 978 VI.

687 1139 928 1177 CICERO
968 1140 1222 1178 ATTrco
1264 1140 1392 1178 SAL.

345 1267 379 1305 1.
532 1266 564 1304 C
580 1266 613 1304 C
629 1266 661 1304 E
681 1265 744 1305 ΡΙ
775 1274 858 1305 tuas
884 1266 1014 1304 literas
1035 1280 1068 1305 a.
1093 1265 1132 1304 d.
1155 1266 1344 1318 quintum
1366 1267 1607 1305 Terminalia
1628 1269 1732 1306 Lao-

557 1332 691 1377 diceae,
713 1345 807 1385 quas
829 1332 908 1385 legi
929 1331 1195 1376 libentiffime,
1218 1332 1454 1385 pleniffimas
1476 1334 1632 1377 amoris,
1656 1333 1732 1370 hu-

344 1397 558 1443 manitatis,
590 1397 726 1442 officii,
750 1397 979 1450 diligentiae.
1013 1397 1090 1436 His
1112 1398 1235 1450 igitur
1255 1397 1522 1449 respondebo;
1556 1398 1605 1436 sic
1627 1400 1734 1436 enim

346 1463 514 1515 postulas
534 1478 542 1502 ε
576 1476 647 1501 nec
679 1461 850 1510 ninevquioev
879 1477 1007 1501 meam
1027 1462 1262 1507 institutam,
1294 1463 1357 1501 sed
1377 1464 1555 1502 ordinem
1577 1463 1732 1503 conser-

344 1529 445 1568 vabo
475 1538 604 1567 tuum.
651 1527 948 1567 Recentiffimas
980 1542 1000 1567 a
1033 1528 1224 1579 Cybistris
1258 1537 1295 1566 te
1316 1542 1418 1566 meas
1441 1529 1570 1567 literas
1591 1528 1732 1568 habere

345 1593 415 1639 ais,
447 1607 480 1632 a.
504 1592 542 1631 d.
569 1607 594 1631 x
619 1592 707 1631 Kal.
733 1593 878 1631 oetob.
902 1593 1006 1631 datas
1026 1608 1034 1631 :
1067 1603 1106 1631 et
1134 1593 1228 1631 scire
1248 1593 1320 1638 vis,
1353 1602 1436 1631 tuas
1458 1607 1531 1645 ego
1551 1607 1645 1646 quas
1667 1608 1731 1632 ac-

343 1659 544 1712 ceperim:
587 1670 724 1697 omnes
758 1656 838 1696 fere
872 1672 966 1711 quas
1001 1672 1302 1703 commemoras,
1345 1668 1483 1710 praeter
1516 1672 1592 1704 eas,
1636 1673 1731 1712 quas

344 1725 480 1763 scribis
502 1724 665 1764 Lentuli
685 1724 815 1776 pueris
836 1733 874 1762 et
896 1725 1143 1777 Equotutico
1163 1733 1202 1761 et
1224 1723 1442 1762 Brundufio
1463 1723 1583 1762 datas.
1619 1727 1730 1777 Qa-

344 1803 384 1828 re
414 1803 493 1828 non
523 1787 638 1834 οἴχεπιι
668 1798 733 1826 tua
753 1788 955 1834 industria,
987 1789 1094 1841 quod
1123 1788 1279 1833 vereris,
1312 1788 1374 1827 sed
1403 1789 1583 1840 praeclare
1613 1791 1730 1842 poni-

343 1864 408 1893 tur
423 1874 436 1900 ,
470 1855 495 1894 fi
516 1853 678 1907 quidem
698 1853 738 1891 id
759 1853 885 1907 egisti,
917 1864 961 1893 ut
980 1868 1053 1907 ego
1073 1854 1281 1892 delectarer
1299 1869 1307 1891 ε
1342 1867 1431 1892 nam
1457 1855 1565 1892 nulla
1586 1869 1625 1893 re
1646 1855 1731 1894 sum

343 1920 555 1959 delectatus
576 1921 716 1972 magis.
763 1920 884 1972 Qod
910 1932 1038 1959 meam
1064 1913 1242 1961 βαθύτηῦ-
1269 1919 1309 1957 in
1331 1919 1465 1972 Appio
1488 1920 1575 1964 tibi,
1607 1921 1729 1958 liber-

343 1996 464 2026 tatem
491 1986 610 2025 etiam
637 1987 685 2043 in.
709 1986 846 2032 Bruto,
879 1987 1030 2039 probo,
1063 1983 1314 2024 vehementer
1342 1985 1519 2038 gaudeo:
1552 2000 1594 2024 ac
1616 1996 1731 2039 puta-

343 2065 426 2090 ram
442 2051 564 2090 secuS.
586 2041 743 2103 Appius
759 2051 866 2090 enim
883 2052 929 2090 ad
945 2066 1009 2091 me
1024 2065 1072 2090 ex
1092 2050 1232 2089 itinere
1253 2050 1312 2089 bis
1334 2060 1438 2089 terve
1458 2045 1733 2100 ὑπιμεμψμοίρκς

342 2117 473 2156 literas
494 2117 663 2162 miserat,
694 2116 801 2170 quod
822 2118 1000 2170 quaedam
1020 2132 1041 2156 a
1062 2117 1097 2156 se
1118 2116 1328 2156 constituta
1355 2115 1626 2157 rescinderem.
1674 2116 1732 2154 Ut

343 2183 371 2220 fi
398 2183 591 2228 medicus,
622 2197 716 2222 cum
745 2193 913 2235 aegrotus
941 2184 1008 2222 alii
1038 2182 1193 2222 medico
1221 2183 1385 2223 traditus
1408 2182 1468 2225 fit,
1499 2179 1609 2218 irasci
1636 2179 1731 2218 velit

343 2250 380 2286 ei
401 2249 570 2294 medico,
601 2249 671 2302 qui
692 2249 763 2287 fibi
783 2249 1015 2295 successerit,
1048 2251 1088 2295 fi,
1118 2261 1203 2299 quae
1224 2248 1303 2301 ipse
1329 2249 1371 2288 in
1392 2245 1564 2287 curando
1584 2245 1730 2285 consti·

346 2314 480 2359 tuerit,
512 2323 638 2353 mutet
670 2314 765 2353 ille:
798 2315 850 2354 fic
882 2316 1054 2368 Appius,
1085 2327 1178 2352 cum
1204 2309 1236 2360 ἐξ
1254 2310 1460 2361 ἀφαιρέσεως
1488 2310 1732 2364 provinciam

344 2378 505 2422 curarit,
535 2379 764 2431 sanguinem
796 2380 960 2425 miserit,
991 2374 1187 2433 quidquid
1217 2376 1347 2429 potuit
1374 2375 1598 2420 detraxerit,
1631 2375 1730 2414 mihi

348 2442 551 2481 tradiderit
570 2447 760 2490 enectam,
790 2441 1134 2500 περσωνατςεφομένίιυ
1153 2456 1238 2484 eam
1259 2456 1279 2481 a
1299 2456 1362 2482 me
1382 2455 1460 2481 non
1484 2441 1650 2480 libenter
1671 2442 1730 2478 vi-

344 2507 427 2547 det.
459 2507 534 2546 Sed
554 2508 674 2548 modo
694 2508 906 2555 succenset,
936 2509 1056 2549 modo
1075 2508 1216 2562 gratias
1237 2509 1317 2560 agit
1337 2522 1345 2545 ε
1380 2506 1483 2544 nihil
1503 2507 1610 2546 enim
1631 2519 1649 2544 a
1670 2519 1733 2544 me

1341 2573 1379 2610 T
1411 2583 1433 2610 2
