2243 3008
471 260 543 299 182
818 256 1505 296 EPISTOLARUM

469 358 490 394 ὲ
507 356 572 409 γῖιρ
592 356 632 394 ἂν
650 351 718 394 τάδε
734 353 838 409 μεῖξον
858 353 910 397 {nd
928 354 1042 395 κακὸν,
1071 369 1191 410 quam
1212 369 1306 394 cum
1327 354 1647 409 quinquennium
1669 367 1857 408 proroga-

470 427 609 463 bamus
626 443 638 469 ;
669 433 736 461 aut
756 437 864 468 cum,
887 432 931 460 ut
951 422 1118 460 absentis
1139 422 1238 460 ratio
1256 420 1479 467 haberetur,
1502 421 1737 460 ferebamus.
1770 421 1858 461 Nifi

469 490 572 529 forte
591 489 675 528 haec
707 488 769 527 illi
801 497 887 526 tum
916 501 1023 526 arma
1051 486 1247 531 dedimus,
1278 495 1323 525 ut
1350 500 1456 525 nunc
1486 500 1580 525 curn
1607 487 1706 526 bene
1726 495 1859 539 parato

470 567 750 609 pugnaremus.
801 553 938 598 Dices,
969 552 1066 605 quid
1088 561 1130 590 tu
1158 551 1281 603 igitur
1310 551 1486 590 sensurus
1516 553 1587 590 es?
1620 552 1716 591 Non
1737 551 1858 595 idem,

470 621 578 674 quod
599 620 788 659 dicturus.
840 619 1013 658 Sentiam
1041 619 1149 656 enim
1179 617 1313 655 omnia
1342 616 1534 661 facienda,
1565 631 1616 656 ne
1640 618 1757 656 armis
1789 616 1860 655 de-

471 695 668 726 certetur:
701 685 830 723 dicam
856 684 977 730 idem,
1008 684 1116 737 quod
1137 683 1348 736 Pompeius
1370 701 1383 728 ;
1414 696 1541 735 neque
1561 682 1601 721 id
1621 681 1762 721 faciam
1782 682 1862 721 hu-

470 754 560 792 mili
581 752 727 790 animo.
780 751 853 788 Sed
879 750 1008 788 rursus
1036 748 1113 787 hoc
1143 761 1402 801 permagnum
1433 747 1682 800 Reipublicae
1708 747 1862 786 malum

471 819 552 858 est:
584 828 622 855 at
649 816 821 869 quodam
852 815 972 854 modo
1001 814 1103 853 mihi
1133 823 1271 867 praeter
1300 822 1458 853 caeteros
1493 827 1572 852 non
1603 814 1768 858 reditum,
1798 825 1862 850 me

473 887 514 924 in
536 885 654 924 tantis
675 883 790 921 rebus
811 896 833 920 a
852 881 1044 934 Pompeio
1064 879 1253 919 diffidere.

813 1083 1056 1122 CICERO
1097 1082 1354 1119 ATTxco
1395 1081 1525 1119 SAL.

474 1215 571 1254 VII.
593 1214 683 1290 D
695 1213 723 1252 I
730 1214 764 1252 Ο
774 1213 822 1252 Ν
828 1213 869 1250 Υ
874 1212 902 1250 S
913 1211 942 1250 Ι
949 1210 1036 1255 Us‚‘
1066 1210 1130 1249 vir
1148 1209 1313 1263 optimus,
1332 1217 1373 1247 ut
1388 1208 1479 1247 mihi
1492 1222 1625 1262 quoque
1638 1206 1683 1261 ss
1695 1210 1865 1263 perspec-

711 1288 785 1324 tus,
815 1285 850 1316 et
880 1275 1099 1326 docfijffimus,
1129 1275 1253 1328 tuique
1281 1273 1548 1325 amantffmus,
1579 1276 1729 1314 Romam
1763 1276 1866 1314 venit

474 1359 530 1382 χν
555 1345 643 1384 Kal.
676 1346 847 1398 Januor.
882 1350 918 1380 et
943 1341 1070 1380 literas
1099 1355 1123 1379 a
1151 1349 1189 1379 te
1217 1340 1307 1378 mihi
1330 1339 1483 1379 reddidit
1498 1355 1512 1377 :
1544 1349 1604 1379 tot
1623 1340 1731 1379 enim
1751 1341 1868 1380 verba

475 1412 565 1450 sunt
585 1411 632 1449 de
653 1409 844 1462 Dionyfio
864 1408 905 1446 in
926 1407 1088 1460 epistola
1107 1415 1187 1446 tua.
1221 1406 1342 1452 Illud,
1366 1415 1480 1459 puto,
1499 1415 1542 1444 tu
1564 1419 1643 1445 non
1663 1406 1866 1451 adscribis,

473 1484 511 1515 et
531 1474 602 1514 tibi
612 1475 761 1528 gratias
779 1473 883 1526 egit:
915 1472 1025 1525 atqui
1057 1481 1161 1511 certe
1192 1471 1260 1510 ille
1289 1484 1400 1524 agere
1434 1470 1573 1509 debuit
1589 1490 1601 1516 ς
1633 1479 1686 1516 et,
1719 1471 1746 1510 fi
1776 1471 1869 1510 effet

474 1542 638 1587 factum,
657 1555 743 1595 quae
765 1550 830 1578 tua
849 1537 902 1577 est
922 1537 1162 1584 humanitas,
1179 1535 1446 1590 adscripfiffes.
1475 1534 1587 1574 Mihi
1607 1545 1738 1575 autem
1760 1537 1872 1575 nulla

474 1607 523 1646 de
541 1621 588 1646 eo
606 1600 802 1655 παλινῳδῖᾰ
823 1604 936 1642 datur
964 1612 1124 1656 propter
1153 1601 1360 1655 superioris
1389 1600 1559 1654 epistolae
1581 1600 1869 1641 testimonium.

477 1674 534 1712 Sit
554 1673 678 1726 igitur
698 1671 785 1710 sane
809 1670 936 1708 bonus
966 1670 1053 1708 vir:
1083 1668 1162 1707 hoc
1191 1668 1300 1706 enim
1329 1666 1459 1721 ipsum
1489 1667 1589 1706 bene
1617 1666 1730 1713 fecit,
1760 1667 1871 1721 quod

474 1737 578 1778 mihi
609 1737 666 1777 sui
697 1735 959 1789 cognoscendi
990 1734 1148 1788 penitus
1182 1733 1304 1772 etiam
1334 1732 1446 1771 istam
1476 1731 1708 1771 facultatem
1741 1731 1868 1772 dedit.

476 1803 714 1857 Philogenes
747 1803 847 1840 recle
878 1801 924 1839 ad
958 1810 994 1839 te
1026 1800 1202 1852 scripsit:
1235 1799 1386 1838 curavit
1416 1798 1540 1843 enim,
1570 1797 1679 1851 quod
1710 1797 1865 1837 debuit.

478 1871 585 1908 Eum
605 1882 679 1921 ego
699 1867 759 1906 uti
779 1880 822 1904 ea
842 1867 1008 1919 pecunia
1027 1865 1150 1909 volui,
1182 1863 1311 1915 quoad
1335 1863 1471 1901 liceret
1489 1877 1498 1900 :
1531 1863 1663 1915 itaque
1694 1861 1783 1901 usus
1816 1862 1870 1901 est

476 1934 626 1974 menses
650 1946 756 1971 x111.
790 1931 1023 1969 Pontinium
1044 1931 1164 1983 cupio
1184 1929 1308 1967 valere
1324 1958 1335 1974 ‚
1366 1937 1419 1973 et,
1451 1927 1558 1980 quod
1580 1927 1715 1966 scribis
1738 1928 1778 1966 in
1800 1942 1868 1966 ur-

478 2001 570 2039 bem
591 1997 777 2043 introiss‘e,
808 2010 942 2035 vereor
961 1995 1058 2049 quid
1079 1996 1124 2033 fit
1143 2010 1151 2033 :
1184 2008 1275 2033 nam
1305 1993 1345 2032 id
1374 1994 1442 2032 nisl
1463 1993 1571 2046 gravi
1592 1993 1638 2031 de
1659 1993 1770 2032 causa
1790 2007 1870 2033 non

476 2066 639 2106 seciffet.
686 2065 788 2117 Ego,
820 2063 1008 2117 quoniam
1043 2076 1085 2101 ιν
1109 2062 1246 2100 Nonas
1267 2062 1426 2112 Januar.
1460 2060 1760 2113 Compitalitius
1788 2059 1870 2099 dies

477 2133 546 2179 est,
578 2131 672 2171 nolo
691 2144 738 2169 eo
757 2129 820 2169 die
840 2129 881 2168 in
903 2129 1106 2168 Albanum
1127 2128 1273 2173 venire,
1305 2141 1352 2166 ne
1383 2126 1568 2166 molestus
1590 2126 1660 2164 fim
1691 2124 1868 2165 familiae.

479 2199 649 2237 Veniam
672 2209 728 2235 111
752 2195 890 2235 Nonas
912 2195 1061 2248 igitur:
1095 2193 1186 2233 inde
1206 2193 1253 2232 ad
1275 2193 1413 2232 urbem
1435 2191 1561 2245 pridie
1582 2191 1734 2230 Nonas.
1780 2193 1872 2230 Tua

478 2258 583 2311 >xii-sias
603 2275 722 2317 quem
743 2261 783 2300 in
805 2260 911 2300 diem
933 2261 1121 2306 incurrat,
1139 2259 1290 2299 nescio:
1315 2259 1377 2298 sed
1399 2257 1552 2312 prorsus
1570 2266 1607 2296 te
1628 2257 1871 2296 commoveri

481 2328 737 2369 incommodo
756 2327 991 2367 valetudinis
1014 2337 1089 2367 tuae
1110 2326 1217 2366 nolo.
1256 2326 1317 2364 De
1338 2324 1486 2364 honore
1507 2323 1650 2367 nostro,
1684 2323 1752 2362 nisi
1774 2322 1873 2376 quid

480 2395 636 2436 occulte
658 2394 783 2434 Caesar
803 2407 870 2447 per
891 2393 977 2433 suos
999 2393 1204 2433 Tribunos
1225 2391 1388 2432 molitus
1413 2391 1502 2435 crit,
1533 2399 1669 2429 certem
1689 2389 1875 2428 videntur

479 2462 551 2502 effe
572 2459 810 2513 tranquilla:
844 2458 1186 2513 tranquillissimus
1215 2468 1347 2497 autem
1374 2458 1527 2496 animus
1558 2468 1685 2501 meus,
1715 2455 1786 2509 qui
1808 2464 1872 2494 to-

482 2538 568 2568 tum
598 2526 695 2569 istuc
725 2526 828 2581 aequi
858 2525 954 2567 boni
980 2524 1106 2572 facim
1138 2533 1177 2565 ct
1206 2539 1253 2565 eo
1280 2525 1421 2577 magis,
1453 2522 1561 2576 quod
1584 2523 1666 2576 jam
1693 2534 1714 2561 a
1733 2519 1872 2561 multis
