<?xml version="1.0" encoding="UTF-8"?>
<!DOCTYPE html PUBLIC "-//W3C//DTD XHTML 1.0 Transitional//EN"
    "http://www.w3.org/TR/xhtml1/DTD/xhtml1-transitional.dtd">
<html xmlns="http://www.w3.org/1999/xhtml" xml:lang="en" lang="en">
 <head>
  <title>
</title>
<meta http-equiv="Content-Type" content="text/html;charset=utf-8" />
  <meta name='ocr-system' content='tesseract 3.04.00' />
  <meta name='ocr-capabilities' content='ocr_page ocr_carea ocr_par ocr_line ocrx_word'/>
</head>
<body>
  <div class='ocr_page' id='page_1' title='image "./operacumindicibu08ciceuoft_0164.png"; bbox 0 0 2243 3008; ppageno 0'>
   <div class='ocr_carea' id='block_1_1' title="bbox 459 200 1487 260">
    <p class='ocr_par' dir='ltr' id='par_1_1' title="bbox 459 200 1487 260">
     <span class='ocr_line' id='line_1_1' title="bbox 459 200 1487 260; baseline -0.007 -13"><span class='ocrx_word' id='word_1_1' title='bbox 459 206 532 260; x_wconf 84' lang='lat'>156</span> <span class='ocrx_word' id='word_1_2' title='bbox 802 200 1487 242; x_wconf 88' lang='lat' dir='ltr'>EPISTOLARUM</span> 
     </span>
    </p>
   </div>
   <div class='ocr_carea' id='block_1_2' title="bbox 456 297 1846 943">
    <p class='ocr_par' dir='ltr' id='par_1_2' title="bbox 456 297 1846 943">
     <span class='ocr_line' id='line_1_2' title="bbox 456 297 1840 358; baseline -0.005 -16"><span class='ocrx_word' id='word_1_3' title='bbox 456 305 700 358; x_wconf 85' lang='lat' dir='ltr'>negligenter</span> <span class='ocrx_word' id='word_1_4' title='bbox 720 301 832 342; x_wconf 91' lang='lat' dir='ltr'>ferat.</span> <span class='ocrx_word' id='word_1_5' title='bbox 869 303 968 342; x_wconf 89' lang='lat' dir='ltr'>Haec</span> <span class='ocrx_word' id='word_1_6' title='bbox 989 311 1027 341; x_wconf 89' lang='lat' dir='ltr'>te</span> <span class='ocrx_word' id='word_1_7' title='bbox 1046 301 1153 341; x_wconf 88' lang='lat' dir='ltr'>volui</span> <span class='ocrx_word' id='word_1_8' title='bbox 1172 297 1407 356; x_wconf 46' lang='lat' dir='ltr'>vagas-ophar:</span> <span class='ocrx_word' id='word_1_9' title='bbox 1441 299 1573 339; x_wconf 87' lang='lat' dir='ltr'>sumus</span> <span class='ocrx_word' id='word_1_10' title='bbox 1594 297 1701 338; x_wconf 89' lang='lat' dir='ltr'>enim</span> <span class='ocrx_word' id='word_1_11' title='bbox 1722 297 1840 336; x_wconf 87' lang='lat' dir='ltr'>ambo</span> 
     </span>
     <span class='ocr_line' id='line_1_3' title="bbox 458 364 1839 418; baseline -0.005 -10"><span class='ocrx_word' id='word_1_12' title='bbox 458 369 560 408; x_wconf 90' lang='lat' dir='ltr'>belle</span> <span class='ocrx_word' id='word_1_13' title='bbox 593 368 747 407; x_wconf 87' lang='lat' dir='ltr'>curiofi.</span> <span class='ocrx_word' id='word_1_14' title='bbox 797 369 938 407; x_wconf 84' lang='lat' dir='ltr'>Unum</span> <span class='ocrx_word' id='word_1_15' title='bbox 970 367 1088 405; x_wconf 88' lang='lat' dir='ltr'>etiam</span> <span class='ocrx_word' id='word_1_16' title='bbox 1123 366 1243 405; x_wconf 87' lang='lat' dir='ltr'>velim</span> <span class='ocrx_word' id='word_1_17' title='bbox 1277 366 1442 418; x_wconf 86' lang='lat' dir='ltr'><strong>cogites.</strong></span> <span class='ocrx_word' id='word_1_18' title='bbox 1492 364 1625 404; x_wconf 89' lang='lat' dir='ltr'>Audio</span> <span class='ocrx_word' id='word_1_19' title='bbox 1659 364 1839 417; x_wconf 88' lang='lat' dir='ltr'>Appium</span> 
     </span>
     <span class='ocr_line' id='line_1_4' title="bbox 456 430 1841 484; baseline -0.005 -11"><span class='ocrx_word' id='word_1_20' title='bbox 456 430 653 483; x_wconf 72' lang='grc' dir='ltr'><strong><em>προπύλαιον</em></strong></span> <span class='ocrx_word' id='word_1_21' title='bbox 672 433 853 472; x_wconf 80' lang='lat' dir='ltr'>Eleusine</span> <span class='ocrx_word' id='word_1_22' title='bbox 874 431 998 472; x_wconf 83' lang='lat' dir='ltr'>facere</span> <span class='ocrx_word' id='word_1_23' title='bbox 1017 447 1026 471; x_wconf 80' lang='lat' dir='ltr'><em>z</em></span> <span class='ocrx_word' id='word_1_24' title='bbox 1050 445 1148 470; x_wconf 87' lang='lat' dir='ltr'>num</span> <span class='ocrx_word' id='word_1_25' title='bbox 1168 431 1293 484; x_wconf 85' lang='lat' dir='ltr'><strong>inepti</strong></span> <span class='ocrx_word' id='word_1_26' title='bbox 1313 430 1521 475; x_wconf 89' lang='lat' dir='ltr'>fuerimus,</span> <span class='ocrx_word' id='word_1_27' title='bbox 1543 431 1570 469; x_wconf 85' lang='lat' dir='ltr'>fi</span> <span class='ocrx_word' id='word_1_28' title='bbox 1591 443 1661 469; x_wconf 91' lang='lat' dir='ltr'>nos</span> <span class='ocrx_word' id='word_1_29' title='bbox 1682 441 1841 481; x_wconf 89' lang='lat' dir='ltr'>quoque</span> 
     </span>
     <span class='ocr_line' id='line_1_5' title="bbox 457 493 1841 548; baseline -0.004 -12"><span class='ocrx_word' id='word_1_30' title='bbox 457 497 680 537; x_wconf 78' lang='lat' dir='ltr'>Academiae</span> <span class='ocrx_word' id='word_1_31' title='bbox 709 497 950 537; x_wconf 81' lang='lat' dir='ltr'>fecerimus?</span> <span class='ocrx_word' id='word_1_32' title='bbox 984 498 1100 541; x_wconf 93' lang='lat' dir='ltr'>Puto,</span> <span class='ocrx_word' id='word_1_33' title='bbox 1132 496 1314 548; x_wconf 86' lang='lat' dir='ltr'>inquies:</span> <span class='ocrx_word' id='word_1_34' title='bbox 1346 509 1438 548; x_wconf 91' lang='lat' dir='ltr'>ergo</span> <span class='ocrx_word' id='word_1_35' title='bbox 1467 495 1507 534; x_wconf 90' lang='lat' dir='ltr'>id</span> <span class='ocrx_word' id='word_1_36' title='bbox 1538 495 1668 548; x_wconf 90' lang='lat' dir='ltr'>ipsum</span> <span class='ocrx_word' id='word_1_37' title='bbox 1699 493 1841 532; x_wconf 84' lang='lat' dir='ltr'>scribes</span> 
     </span>
     <span class='ocr_line' id='line_1_6' title="bbox 458 557 1843 616; baseline -0.004 -15"><span class='ocrx_word' id='word_1_38' title='bbox 458 563 505 601; x_wconf 88' lang='lat' dir='ltr'>ad</span> <span class='ocrx_word' id='word_1_39' title='bbox 537 577 615 602; x_wconf 86' lang='lat' dir='ltr'>me.</span> <span class='ocrx_word' id='word_1_40' title='bbox 660 563 859 616; x_wconf 84' lang='lat' dir='ltr'>Equidem</span> <span class='ocrx_word' id='word_1_41' title='bbox 879 563 989 602; x_wconf 91' lang='lat' dir='ltr'>valde</span> <span class='ocrx_word' id='word_1_42' title='bbox 1018 562 1116 615; x_wconf 89' lang='lat' dir='ltr'>ipsas</span> <span class='ocrx_word' id='word_1_43' title='bbox 1137 561 1312 601; x_wconf 82' lang='lat' dir='ltr'>Athenas</span> <span class='ocrx_word' id='word_1_44' title='bbox 1332 574 1420 599; x_wconf 88' lang='lat' dir='ltr'>amo</span> <span class='ocrx_word' id='word_1_45' title='bbox 1438 576 1448 599; x_wconf 91' lang='lat'><strong>:</strong></span> <span class='ocrx_word' id='word_1_46' title='bbox 1480 560 1571 599; x_wconf 93' lang='lat' dir='ltr'>volo</span> <span class='ocrx_word' id='word_1_47' title='bbox 1590 560 1662 599; x_wconf 85' lang='lat' dir='ltr'>effe</span> <span class='ocrx_word' id='word_1_48' title='bbox 1681 557 1843 611; x_wconf 88' lang='lat' dir='ltr'>aliquod</span> 
     </span>
     <span class='ocr_line' id='line_1_7' title="bbox 458 625 1840 680; baseline -0.004 -13"><span class='ocrx_word' id='word_1_49' title='bbox 458 637 792 666; x_wconf 82' lang='lat' dir='ltr'>monumentum:</span> <span class='ocrx_word' id='word_1_50' title='bbox 824 628 891 667; x_wconf 87' lang='lat' dir='ltr'>odi</span> <span class='ocrx_word' id='word_1_51' title='bbox 920 627 1030 666; x_wconf 86' lang='lat' dir='ltr'>falsas</span> <span class='ocrx_word' id='word_1_52' title='bbox 1062 627 1334 680; x_wconf 83' lang='lat' dir='ltr'>inscriptiones</span> <span class='ocrx_word' id='word_1_53' title='bbox 1366 625 1577 663; x_wconf 88' lang='lat' dir='ltr'>statuarum</span> <span class='ocrx_word' id='word_1_54' title='bbox 1610 625 1840 663; x_wconf 81' lang='lat' dir='ltr'>alienarum.</span> 
     </span>
     <span class='ocr_line' id='line_1_8' title="bbox 460 689 1843 746; baseline -0.004 -14"><span class='ocrx_word' id='word_1_55' title='bbox 460 693 533 731; x_wconf 91' lang='lat' dir='ltr'>Sed</span> <span class='ocrx_word' id='word_1_56' title='bbox 554 702 597 732; x_wconf 91' lang='lat' dir='ltr'>ut</span> <span class='ocrx_word' id='word_1_57' title='bbox 619 694 692 732; x_wconf 87' lang='lat' dir='ltr'>tibi</span> <span class='ocrx_word' id='word_1_58' title='bbox 713 693 909 746; x_wconf 87' lang='lat' dir='ltr'>placebit:</span> <span class='ocrx_word' id='word_1_59' title='bbox 941 693 1134 746; x_wconf 81' lang='lat' dir='ltr'>faciesque</span> <span class='ocrx_word' id='word_1_60' title='bbox 1155 706 1232 738; x_wconf 88' lang='lat' dir='ltr'>me,</span> <span class='ocrx_word' id='word_1_61' title='bbox 1254 692 1294 730; x_wconf 92' lang='lat' dir='ltr'>in</span> <span class='ocrx_word' id='word_1_62' title='bbox 1316 704 1435 743; x_wconf 90' lang='lat' dir='ltr'>quem</span> <span class='ocrx_word' id='word_1_63' title='bbox 1454 690 1560 729; x_wconf 89' lang='lat' dir='ltr'>diem</span> <span class='ocrx_word' id='word_1_64' title='bbox 1581 690 1760 728; x_wconf 87' lang='lat' dir='ltr'>Romana</span> <span class='ocrx_word' id='word_1_65' title='bbox 1778 689 1843 727; x_wconf 90' lang='lat' dir='ltr'>in-</span> 
     </span>
     <span class='ocr_line' id='line_1_9' title="bbox 458 756 1846 812; baseline -0.004 -15"><span class='ocrx_word' id='word_1_66' title='bbox 458 758 591 797; x_wconf 90' lang='lat' dir='ltr'>cidant</span> <span class='ocrx_word' id='word_1_67' title='bbox 611 759 804 811; x_wconf 89' lang='lat' dir='ltr'>mysteria,</span> <span class='ocrx_word' id='word_1_68' title='bbox 835 760 1056 804; x_wconf 89' lang='lat' dir='ltr'>certiorem,</span> <span class='ocrx_word' id='word_1_69' title='bbox 1087 768 1126 797; x_wconf 91' lang='lat' dir='ltr'>et</span> <span class='ocrx_word' id='word_1_70' title='bbox 1156 772 1236 812; x_wconf 90' lang='lat' dir='ltr'>quo</span> <span class='ocrx_word' id='word_1_71' title='bbox 1267 757 1386 796; x_wconf 90' lang='lat' dir='ltr'>modo</span> <span class='ocrx_word' id='word_1_72' title='bbox 1418 756 1617 794; x_wconf 89' lang='lat' dir='ltr'>hiemaris.</span> <span class='ocrx_word' id='word_1_73' title='bbox 1663 756 1770 793; x_wconf 92' lang='lat' dir='ltr'>Cura</span> <span class='ocrx_word' id='word_1_74' title='bbox 1799 762 1846 791; x_wconf 82' lang='lat' dir='ltr'>ut</span> 
     </span>
     <span class='ocr_line' id='line_1_10' title="bbox 458 819 1845 878; baseline -0.004 -15"><span class='ocrx_word' id='word_1_75' title='bbox 458 824 598 864; x_wconf 87' lang='lat' dir='ltr'>valeas.</span> <span class='ocrx_word' id='word_1_76' title='bbox 641 825 729 863; x_wconf 88' lang='lat' dir='ltr'>Post</span> <span class='ocrx_word' id='word_1_77' title='bbox 751 827 997 865; x_wconf 58' lang='lat' dir='ltr'>Leuctricam</span> <span class='ocrx_word' id='word_1_78' title='bbox 1017 838 1194 878; x_wconf 89' lang='lat' dir='ltr'>pugnam</span> <span class='ocrx_word' id='word_1_79' title='bbox 1212 824 1274 862; x_wconf 91' lang='lat' dir='ltr'>die</span> <span class='ocrx_word' id='word_1_80' title='bbox 1295 821 1637 876; x_wconf 75' lang='lat' dir='ltr'>septingentesimo</span> <span class='ocrx_word' id='word_1_81' title='bbox 1657 819 1845 872; x_wconf 83' lang='lat' dir='ltr'>sexagefi-</span> 
     </span>
     <span class='ocr_line' id='line_1_11' title="bbox 460 890 705 943; baseline 0.008 -16"><span class='ocrx_word' id='word_1_82' title='bbox 460 902 529 928; x_wconf 91' lang='lat' dir='ltr'>mo</span> <span class='ocrx_word' id='word_1_83' title='bbox 547 890 705 943; x_wconf 87' lang='lat' dir='ltr'>quinto.</span> 
     </span>
    </p>
   </div>
   <div class='ocr_carea' id='block_1_3' title="bbox 795 1089 1508 1130">
    <p class='ocr_par' dir='ltr' id='par_1_3' title="bbox 795 1089 1508 1130">
     <span class='ocr_line' id='line_1_12' title="bbox 795 1089 1508 1130; baseline -0.003 -1"><span class='ocrx_word' id='word_1_84' title='bbox 795 1091 1038 1130; x_wconf 70' lang='lat' dir='ltr'>CrcrzRo</span> <span class='ocrx_word' id='word_1_85' title='bbox 1078 1089 1335 1130; x_wconf 71' lang='lat' dir='ltr'>A&#39;r‘r1co</span> <span class='ocrx_word' id='word_1_86' title='bbox 1377 1090 1508 1128; x_wconf 75' lang='lat' dir='ltr'>SAL.</span> 
     </span>
    </p>
   </div>
   <div class='ocr_carea' id='block_1_4' title="bbox 461 1214 1853 2515">
    <p class='ocr_par' dir='ltr' id='par_1_4' title="bbox 463 1214 1847 1292">
     <span class='ocr_line' id='line_1_13' title="bbox 463 1214 1847 1292; baseline -0.003 -35"><span class='ocrx_word' id='word_1_87' title='bbox 463 1219 520 1258; x_wconf 92' lang='lat'>11.</span> <span class='ocrx_word' id='word_1_88' title='bbox 544 1217 611 1292; x_wconf 86' lang='lat' dir='ltr'>C</span> <span class='ocrx_word' id='word_1_89' title='bbox 627 1219 665 1257; x_wconf 92' lang='lat' dir='ltr'>U</span> <span class='ocrx_word' id='word_1_90' title='bbox 680 1217 730 1256; x_wconf 96' lang='lat' dir='ltr'>M</span> <span class='ocrx_word' id='word_1_91' title='bbox 760 1217 997 1271; x_wconf 89' lang='lat' dir='ltr'>Philogenes</span> <span class='ocrx_word' id='word_1_92' title='bbox 1028 1217 1193 1256; x_wconf 89' lang='lat' dir='ltr'>libertus</span> <span class='ocrx_word' id='word_1_93' title='bbox 1225 1225 1315 1255; x_wconf 91' lang='lat' dir='ltr'>tuus</span> <span class='ocrx_word' id='word_1_94' title='bbox 1337 1215 1571 1255; x_wconf 89' lang='lat' dir='ltr'>Laodiceam</span> <span class='ocrx_word' id='word_1_95' title='bbox 1592 1214 1639 1253; x_wconf 88' lang='lat' dir='ltr'>ad</span> <span class='ocrx_word' id='word_1_96' title='bbox 1659 1227 1722 1254; x_wconf 89' lang='lat' dir='ltr'>me</span> <span class='ocrx_word' id='word_1_97' title='bbox 1743 1215 1847 1254; x_wconf 88' lang='lat' dir='ltr'>salu-</span> 
     </span>
    </p>

    <p class='ocr_par' dir='ltr' id='par_1_5' title="bbox 461 1281 1853 2515">
     <span class='ocr_line' id='line_1_14' title="bbox 643 1281 1848 1334; baseline -0.002 -12"><span class='ocrx_word' id='word_1_98' title='bbox 643 1283 753 1322; x_wconf 84' lang='lat' dir='ltr'>tandi</span> <span class='ocrx_word' id='word_1_99' title='bbox 779 1283 891 1322; x_wconf 88' lang='lat' dir='ltr'>causa</span> <span class='ocrx_word' id='word_1_100' title='bbox 918 1283 1092 1329; x_wconf 88' lang='lat' dir='ltr'>venisset,</span> <span class='ocrx_word' id='word_1_101' title='bbox 1123 1291 1162 1321; x_wconf 93' lang='lat' dir='ltr'>et</span> <span class='ocrx_word' id='word_1_102' title='bbox 1191 1281 1320 1320; x_wconf 88' lang='lat' dir='ltr'>statim</span> <span class='ocrx_word' id='word_1_103' title='bbox 1346 1281 1392 1320; x_wconf 89' lang='lat' dir='ltr'>ad</span> <span class='ocrx_word' id='word_1_104' title='bbox 1423 1291 1460 1320; x_wconf 91' lang='lat' dir='ltr'>te</span> <span class='ocrx_word' id='word_1_105' title='bbox 1481 1281 1754 1334; x_wconf 86' lang='lat' dir='ltr'>navigaturum</span> <span class='ocrx_word' id='word_1_106' title='bbox 1774 1281 1848 1319; x_wconf 82' lang='lat' dir='ltr'>esse</span> 
     </span>
     <span class='ocr_line' id='line_1_15' title="bbox 463 1347 1845 1401; baseline -0.004 -12"><span class='ocrx_word' id='word_1_107' title='bbox 463 1350 624 1396; x_wconf 86' lang='lat' dir='ltr'>diceret,</span> <span class='ocrx_word' id='word_1_108' title='bbox 654 1348 722 1388; x_wconf 86' lang='lat' dir='ltr'>has</span> <span class='ocrx_word' id='word_1_109' title='bbox 743 1349 779 1387; x_wconf 91' lang='lat' dir='ltr'>ei</span> <span class='ocrx_word' id='word_1_110' title='bbox 799 1349 928 1387; x_wconf 83' lang='lat' dir='ltr'>literas</span> <span class='ocrx_word' id='word_1_111' title='bbox 949 1348 1038 1387; x_wconf 86' lang='lat' dir='ltr'>dedi</span> <span class='ocrx_word' id='word_1_112' title='bbox 1052 1367 1064 1394; x_wconf 65' lang='grc' dir='ltr'><strong><em>ς</em></strong></span> <span class='ocrx_word' id='word_1_113' title='bbox 1096 1348 1242 1401; x_wconf 89' lang='lat' dir='ltr'>quibus</span> <span class='ocrx_word' id='word_1_114' title='bbox 1263 1347 1310 1386; x_wconf 91' lang='lat' dir='ltr'>ad</span> <span class='ocrx_word' id='word_1_115' title='bbox 1329 1360 1390 1386; x_wconf 87' lang='lat' dir='ltr'>eas</span> <span class='ocrx_word' id='word_1_116' title='bbox 1412 1347 1599 1400; x_wconf 83' lang='lat' dir='ltr'>rescripsi,</span> <span class='ocrx_word' id='word_1_117' title='bbox 1619 1359 1714 1399; x_wconf 88' lang='lat' dir='ltr'>quas</span> <span class='ocrx_word' id='word_1_118' title='bbox 1734 1359 1845 1384; x_wconf 90' lang='lat' dir='ltr'>acce-</span> 
     </span>
     <span class='ocr_line' id='line_1_16' title="bbox 463 1413 1848 1469; baseline -0.003 -15"><span class='ocrx_word' id='word_1_119' title='bbox 463 1429 594 1469; x_wconf 89' lang='lat' dir='ltr'>peram</span> <span class='ocrx_word' id='word_1_120' title='bbox 610 1428 631 1453; x_wconf 92' lang='lat' dir='ltr'>a</span> <span class='ocrx_word' id='word_1_121' title='bbox 646 1415 757 1454; x_wconf 89' lang='lat' dir='ltr'>Bruti</span> <span class='ocrx_word' id='word_1_122' title='bbox 779 1415 997 1453; x_wconf 81' lang='lat' dir='ltr'>tabellario.</span> <span class='ocrx_word' id='word_1_123' title='bbox 1026 1416 1079 1453; x_wconf 93' lang='lat' dir='ltr'>Et</span> <span class='ocrx_word' id='word_1_124' title='bbox 1101 1413 1340 1467; x_wconf 88' lang='lat' dir='ltr'>respondebo</span> <span class='ocrx_word' id='word_1_125' title='bbox 1355 1414 1530 1466; x_wconf 91' lang='lat' dir='ltr'>primum</span> <span class='ocrx_word' id='word_1_126' title='bbox 1552 1413 1751 1465; x_wconf 85' lang='lat' dir='ltr'>postremae</span> <span class='ocrx_word' id='word_1_127' title='bbox 1774 1422 1848 1450; x_wconf 82' lang='lat' dir='ltr'>tuae</span> 
     </span>
     <span class='ocr_line' id='line_1_17' title="bbox 462 1477 1849 1534; baseline -0.004 -15"><span class='ocrx_word' id='word_1_128' title='bbox 462 1481 628 1534; x_wconf 85' lang='lat' dir='ltr'>paginae,</span> <span class='ocrx_word' id='word_1_129' title='bbox 659 1493 745 1533; x_wconf 85' lang='lat' dir='ltr'>quae</span> <span class='ocrx_word' id='word_1_130' title='bbox 765 1478 866 1518; x_wconf 86' lang='lat' dir='ltr'>mihi</span> <span class='ocrx_word' id='word_1_131' title='bbox 887 1492 1038 1532; x_wconf 80' lang='lat' dir='ltr'>magnae</span> <span class='ocrx_word' id='word_1_132' title='bbox 1059 1478 1243 1516; x_wconf 85' lang='lat' dir='ltr'>molestiae</span> <span class='ocrx_word' id='word_1_133' title='bbox 1264 1477 1357 1523; x_wconf 90' lang='lat' dir='ltr'>fuit,</span> <span class='ocrx_word' id='word_1_134' title='bbox 1388 1477 1495 1530; x_wconf 90' lang='lat' dir='ltr'>quod</span> <span class='ocrx_word' id='word_1_135' title='bbox 1525 1477 1573 1515; x_wconf 90' lang='lat' dir='ltr'>ad</span> <span class='ocrx_word' id='word_1_136' title='bbox 1599 1486 1637 1515; x_wconf 90' lang='lat' dir='ltr'>te</span> <span class='ocrx_word' id='word_1_137' title='bbox 1657 1477 1849 1529; x_wconf 89' lang='lat' dir='ltr'>scriptum</span> 
     </span>
     <span class='ocr_line' id='line_1_18' title="bbox 461 1542 1848 1597; baseline -0.004 -12"><span class='ocrx_word' id='word_1_138' title='bbox 461 1547 514 1585; x_wconf 91' lang='lat' dir='ltr'>est</span> <span class='ocrx_word' id='word_1_139' title='bbox 535 1559 556 1584; x_wconf 91' lang='lat' dir='ltr'>a</span> <span class='ocrx_word' id='word_1_140' title='bbox 575 1546 719 1585; x_wconf 89' lang='lat' dir='ltr'>Cincio</span> <span class='ocrx_word' id='word_1_141' title='bbox 739 1545 786 1584; x_wconf 87' lang='lat' dir='ltr'>de</span> <span class='ocrx_word' id='word_1_142' title='bbox 807 1545 918 1584; x_wconf 85' lang='lat' dir='ltr'>Statii</span> <span class='ocrx_word' id='word_1_143' title='bbox 939 1545 1114 1584; x_wconf 88' lang='lat' dir='ltr'>sermone</span> <span class='ocrx_word' id='word_1_144' title='bbox 1129 1563 1142 1590; x_wconf 67' lang='grc' dir='ltr'><strong><em>ς</em></strong></span> <span class='ocrx_word' id='word_1_145' title='bbox 1174 1545 1215 1582; x_wconf 90' lang='lat' dir='ltr'>in</span> <span class='ocrx_word' id='word_1_146' title='bbox 1242 1558 1322 1597; x_wconf 93' lang='lat' dir='ltr'>quo</span> <span class='ocrx_word' id='word_1_147' title='bbox 1349 1543 1425 1582; x_wconf 90' lang='lat' dir='ltr'>hoc</span> <span class='ocrx_word' id='word_1_148' title='bbox 1446 1542 1758 1582; x_wconf 85' lang='lat' dir='ltr'>molestiffimum</span> <span class='ocrx_word' id='word_1_149' title='bbox 1779 1542 1848 1587; x_wconf 89' lang='lat' dir='ltr'>est,</span> 
     </span>
     <span class='ocr_line' id='line_1_19' title="bbox 464 1608 1849 1663; baseline -0.003 -13"><span class='ocrx_word' id='word_1_150' title='bbox 464 1613 632 1650; x_wconf 89' lang='lat' dir='ltr'>Statium</span> <span class='ocrx_word' id='word_1_151' title='bbox 661 1611 804 1656; x_wconf 90' lang='lat' dir='ltr'>dicere,</span> <span class='ocrx_word' id='word_1_152' title='bbox 835 1623 856 1648; x_wconf 92' lang='lat' dir='ltr'>a</span> <span class='ocrx_word' id='word_1_153' title='bbox 882 1624 946 1649; x_wconf 91' lang='lat' dir='ltr'>me</span> <span class='ocrx_word' id='word_1_154' title='bbox 974 1624 1133 1663; x_wconf 88' lang='lat' dir='ltr'>quoque</span> <span class='ocrx_word' id='word_1_155' title='bbox 1163 1609 1203 1647; x_wconf 85' lang='lat' dir='ltr'>id</span> <span class='ocrx_word' id='word_1_156' title='bbox 1235 1609 1442 1648; x_wconf 77' lang='lat' dir='ltr'>consilium</span> <span class='ocrx_word' id='word_1_157' title='bbox 1471 1608 1642 1662; x_wconf 86' lang='lat' dir='ltr'>probari.</span> <span class='ocrx_word' id='word_1_158' title='bbox 1689 1608 1849 1646; x_wconf 85' lang='lat' dir='ltr'>Probari</span> 
     </span>
     <span class='ocr_line' id='line_1_20' title="bbox 461 1674 1847 1727; baseline -0.003 -12"><span class='ocrx_word' id='word_1_159' title='bbox 461 1687 592 1715; x_wconf 85' lang='lat' dir='ltr'>autem</span> <span class='ocrx_word' id='word_1_160' title='bbox 611 1678 627 1715; x_wconf 69' lang='grc' dir='ltr'>Ρ</span> <span class='ocrx_word' id='word_1_161' title='bbox 656 1676 704 1714; x_wconf 91' lang='lat' dir='ltr'>de</span> <span class='ocrx_word' id='word_1_162' title='bbox 724 1676 795 1714; x_wconf 91' lang='lat' dir='ltr'>isto</span> <span class='ocrx_word' id='word_1_163' title='bbox 815 1675 1016 1714; x_wconf 63' lang='lat' dir='ltr'>haetenus,</span> <span class='ocrx_word' id='word_1_164' title='bbox 1050 1675 1234 1714; x_wconf 86' lang='lat' dir='ltr'>Dixerim</span> <span class='ocrx_word' id='word_1_165' title='bbox 1255 1689 1318 1713; x_wconf 91' lang='lat' dir='ltr'>me</span> <span class='ocrx_word' id='word_1_166' title='bbox 1339 1675 1399 1713; x_wconf 89' lang='lat' dir='ltr'>vel</span> <span class='ocrx_word' id='word_1_167' title='bbox 1420 1674 1592 1727; x_wconf 89' lang='lat' dir='ltr'>plurima</span> <span class='ocrx_word' id='word_1_168' title='bbox 1610 1674 1768 1712; x_wconf 86' lang='lat' dir='ltr'>vincula</span> <span class='ocrx_word' id='word_1_169' title='bbox 1788 1683 1847 1712; x_wconf 90' lang='lat' dir='ltr'>te-</span> 
     </span>
     <span class='ocr_line' id='line_1_21' title="bbox 462 1738 1846 1794; baseline -0.003 -14"><span class='ocrx_word' id='word_1_170' title='bbox 462 1756 554 1781; x_wconf 91' lang='lat' dir='ltr'>cum</span> <span class='ocrx_word' id='word_1_171' title='bbox 577 1741 738 1780; x_wconf 85' lang='lat' dir='ltr'>summae</span> <span class='ocrx_word' id='word_1_172' title='bbox 757 1741 1048 1794; x_wconf 56' lang='lat' dir='ltr'>conjunctionis</span> <span class='ocrx_word' id='word_1_173' title='bbox 1069 1750 1219 1794; x_wconf 82' lang='lat' dir='ltr'>optare,</span> <span class='ocrx_word' id='word_1_174' title='bbox 1250 1741 1316 1779; x_wconf 75' lang='lat' dir='ltr'>etsi</span> <span class='ocrx_word' id='word_1_175' title='bbox 1339 1740 1427 1778; x_wconf 91' lang='lat' dir='ltr'>sunt</span> <span class='ocrx_word' id='word_1_176' title='bbox 1447 1739 1588 1778; x_wconf 84' lang='lat' dir='ltr'>amoris</span> <span class='ocrx_word' id='word_1_177' title='bbox 1615 1738 1846 1784; x_wconf 65' lang='lat' dir='ltr'>aretiffima3</span> 
     </span>
     <span class='ocr_line' id='line_1_22' title="bbox 466 1804 1847 1859; baseline -0.003 -14"><span class='ocrx_word' id='word_1_178' title='bbox 466 1817 619 1846; x_wconf 86' lang='lat' dir='ltr'>tantum</span> <span class='ocrx_word' id='word_1_179' title='bbox 640 1806 757 1852; x_wconf 88' lang='lat' dir='ltr'>abest,</span> <span class='ocrx_word' id='word_1_180' title='bbox 789 1816 833 1845; x_wconf 89' lang='lat' dir='ltr'>ut</span> <span class='ocrx_word' id='word_1_181' title='bbox 862 1821 935 1859; x_wconf 86' lang='lat' dir='ltr'>ego</span> <span class='ocrx_word' id='word_1_182' title='bbox 966 1820 1014 1845; x_wconf 88' lang='lat' dir='ltr'>ex</span> <span class='ocrx_word' id='word_1_183' title='bbox 1043 1820 1104 1852; x_wconf 91' lang='lat' dir='ltr'>eo,</span> <span class='ocrx_word' id='word_1_184' title='bbox 1135 1819 1216 1858; x_wconf 92' lang='lat' dir='ltr'>quo</span> <span class='ocrx_word' id='word_1_185' title='bbox 1244 1805 1413 1843; x_wconf 60' lang='lat' dir='ltr'>adstricti</span> <span class='ocrx_word' id='word_1_186' title='bbox 1446 1804 1592 1849; x_wconf 89' lang='lat' dir='ltr'>sumus,</span> <span class='ocrx_word' id='word_1_187' title='bbox 1625 1804 1743 1842; x_wconf 82' lang='lat' dir='ltr'>laxari</span> <span class='ocrx_word' id='word_1_188' title='bbox 1773 1805 1847 1842; x_wconf 84' lang='lat' dir='ltr'>ali·</span> 
     </span>
     <span class='ocr_line' id='line_1_23' title="bbox 464 1868 1850 1925; baseline -0.002 -15"><span class='ocrx_word' id='word_1_189' title='bbox 464 1872 561 1925; x_wconf 86' lang='lat' dir='ltr'>quid</span> <span class='ocrx_word' id='word_1_190' title='bbox 582 1872 716 1910; x_wconf 87' lang='lat' dir='ltr'>velim.</span> <span class='ocrx_word' id='word_1_191' title='bbox 763 1871 886 1910; x_wconf 88' lang='lat' dir='ltr'>Illum</span> <span class='ocrx_word' id='word_1_192' title='bbox 914 1880 1046 1909; x_wconf 89' lang='lat' dir='ltr'>autem</span> <span class='ocrx_word' id='word_1_193' title='bbox 1077 1870 1203 1908; x_wconf 86' lang='lat' dir='ltr'>multa</span> <span class='ocrx_word' id='word_1_194' title='bbox 1231 1870 1278 1907; x_wconf 91' lang='lat' dir='ltr'>de</span> <span class='ocrx_word' id='word_1_195' title='bbox 1305 1869 1384 1908; x_wconf 89' lang='lat' dir='ltr'>istis</span> <span class='ocrx_word' id='word_1_196' title='bbox 1406 1869 1520 1907; x_wconf 91' lang='lat' dir='ltr'>rebus</span> <span class='ocrx_word' id='word_1_197' title='bbox 1541 1868 1710 1921; x_wconf 85' lang='lat' dir='ltr'>asperius</span> <span class='ocrx_word' id='word_1_198' title='bbox 1731 1868 1850 1907; x_wconf 85' lang='lat' dir='ltr'>solere</span> 
     </span>
     <span class='ocr_line' id='line_1_24' title="bbox 467 1933 1850 1990; baseline -0.001 -15"><span class='ocrx_word' id='word_1_199' title='bbox 467 1937 577 1990; x_wconf 88' lang='lat' dir='ltr'>loqui</span> <span class='ocrx_word' id='word_1_200' title='bbox 607 1937 702 1989; x_wconf 85' lang='lat' dir='ltr'>saepe</span> <span class='ocrx_word' id='word_1_201' title='bbox 732 1936 818 1975; x_wconf 90' lang='lat' dir='ltr'>sum</span> <span class='ocrx_word' id='word_1_202' title='bbox 845 1945 1057 1989; x_wconf 83' lang='lat' dir='ltr'>expertus;</span> <span class='ocrx_word' id='word_1_203' title='bbox 1090 1935 1186 1988; x_wconf 79' lang='lat' dir='ltr'>saepe</span> <span class='ocrx_word' id='word_1_204' title='bbox 1211 1935 1329 1973; x_wconf 86' lang='lat' dir='ltr'>etiam</span> <span class='ocrx_word' id='word_1_205' title='bbox 1351 1934 1470 1972; x_wconf 88' lang='lat' dir='ltr'>lenivi</span> <span class='ocrx_word' id='word_1_206' title='bbox 1491 1935 1662 1972; x_wconf 86' lang='lat' dir='ltr'>iratum:</span> <span class='ocrx_word' id='word_1_207' title='bbox 1694 1933 1734 1972; x_wconf 88' lang='lat' dir='ltr'>id</span> <span class='ocrx_word' id='word_1_208' title='bbox 1756 1934 1850 1973; x_wconf 77' lang='lat' dir='ltr'>scire</span> 
     </span>
     <span class='ocr_line' id='line_1_25' title="bbox 467 2001 1848 2054; baseline -0.003 -12"><span class='ocrx_word' id='word_1_209' title='bbox 467 2014 505 2042; x_wconf 86' lang='lat' dir='ltr'>te</span> <span class='ocrx_word' id='word_1_210' title='bbox 538 2003 718 2042; x_wconf 82' lang='lat' dir='ltr'>arbitror.</span> <span class='ocrx_word' id='word_1_211' title='bbox 770 2003 815 2041; x_wconf 87' lang='lat' dir='ltr'>In</span> <span class='ocrx_word' id='word_1_212' title='bbox 851 2001 923 2040; x_wconf 85' lang='lat' dir='ltr'>hac</span> <span class='ocrx_word' id='word_1_213' title='bbox 956 2011 1087 2040; x_wconf 90' lang='lat' dir='ltr'>autem</span> <span class='ocrx_word' id='word_1_214' title='bbox 1122 2002 1446 2054; x_wconf 83' lang='lat' dir='ltr'>peregrinatione,</span> <span class='ocrx_word' id='word_1_215' title='bbox 1484 2001 1673 2039; x_wconf 84' lang='lat' dir='ltr'>militiave</span> <span class='ocrx_word' id='word_1_216' title='bbox 1708 2001 1848 2046; x_wconf 84' lang='lat' dir='ltr'>nostra,</span> 
     </span>
     <span class='ocr_line' id='line_1_26' title="bbox 470 2060 1848 2122; baseline -0.003 -15"><span class='ocrx_word' id='word_1_217' title='bbox 470 2069 563 2122; x_wconf 82' lang='lat' dir='ltr'>saepe</span> <span class='ocrx_word' id='word_1_218' title='bbox 597 2067 798 2106; x_wconf 89' lang='lat' dir='ltr'>incensum</span> <span class='ocrx_word' id='word_1_219' title='bbox 833 2067 889 2105; x_wconf 86' lang='lat' dir='ltr'>ira</span> <span class='ocrx_word' id='word_1_220' title='bbox 921 2067 1017 2113; x_wconf 86' lang='lat' dir='ltr'>vidi,</span> <span class='ocrx_word' id='word_1_221' title='bbox 1063 2067 1158 2120; x_wconf 82' lang='lat' dir='ltr'>saepe</span> <span class='ocrx_word' id='word_1_222' title='bbox 1192 2067 1404 2120; x_wconf 83' lang='lat' dir='ltr'>placatum.</span> <span class='ocrx_word' id='word_1_223' title='bbox 1456 2066 1565 2118; x_wconf 84' lang='lat' dir='ltr'>Qid</span> <span class='ocrx_word' id='word_1_224' title='bbox 1599 2066 1645 2104; x_wconf 88' lang='lat' dir='ltr'>ad</span> <span class='ocrx_word' id='word_1_225' title='bbox 1680 2060 1848 2105; x_wconf 85' lang='lat' dir='ltr'>Statium</span> 
     </span>
     <span class='ocr_line' id='line_1_27' title="bbox 470 2131 1849 2187; baseline -0.002 -15"><span class='ocrx_word' id='word_1_226' title='bbox 470 2133 675 2187; x_wconf 85' lang='lat' dir='ltr'>scripserit,</span> <span class='ocrx_word' id='word_1_227' title='bbox 695 2132 837 2172; x_wconf 89' lang='lat' dir='ltr'>nescio.</span> <span class='ocrx_word' id='word_1_228' title='bbox 870 2132 1079 2185; x_wconf 84' lang='lat' dir='ltr'>Qidquid</span> <span class='ocrx_word' id='word_1_229' title='bbox 1100 2134 1252 2170; x_wconf 59' lang='lat' dir='ltr'>aeturus</span> <span class='ocrx_word' id='word_1_230' title='bbox 1274 2132 1319 2171; x_wconf 90' lang='lat' dir='ltr'>de</span> <span class='ocrx_word' id='word_1_231' title='bbox 1341 2132 1410 2170; x_wconf 88' lang='lat' dir='ltr'>tali</span> <span class='ocrx_word' id='word_1_232' title='bbox 1431 2145 1468 2170; x_wconf 88' lang='lat' dir='ltr'>re</span> <span class='ocrx_word' id='word_1_233' title='bbox 1490 2131 1581 2176; x_wconf 87' lang='lat' dir='ltr'>fuit,</span> <span class='ocrx_word' id='word_1_234' title='bbox 1600 2131 1849 2170; x_wconf 87' lang='lat' dir='ltr'>scribendum</span> 
     </span>
     <span class='ocr_line' id='line_1_28' title="bbox 469 2197 1848 2242; baseline -0.002 -4"><span class='ocrx_word' id='word_1_235' title='bbox 469 2210 598 2239; x_wconf 81' lang='lat' dir='ltr'>tamen</span> <span class='ocrx_word' id='word_1_236' title='bbox 620 2199 665 2237; x_wconf 86' lang='lat' dir='ltr'>ad</span> <span class='ocrx_word' id='word_1_237' title='bbox 686 2199 876 2238; x_wconf 89' lang='lat' dir='ltr'>libertum</span> <span class='ocrx_word' id='word_1_238' title='bbox 896 2212 975 2237; x_wconf 91' lang='lat' dir='ltr'>non</span> <span class='ocrx_word' id='word_1_239' title='bbox 997 2197 1087 2237; x_wconf 89' lang='lat' dir='ltr'>fuit.</span> <span class='ocrx_word' id='word_1_240' title='bbox 1135 2198 1245 2237; x_wconf 85' lang='lat' dir='ltr'>Mihi</span> <span class='ocrx_word' id='word_1_241' title='bbox 1276 2208 1407 2237; x_wconf 81' lang='lat' dir='ltr'>autem</span> <span class='ocrx_word' id='word_1_242' title='bbox 1438 2198 1512 2236; x_wconf 88' lang='lat' dir='ltr'>erit</span> <span class='ocrx_word' id='word_1_243' title='bbox 1543 2198 1712 2236; x_wconf 80' lang='lat' dir='ltr'>maxime</span> <span class='ocrx_word' id='word_1_244' title='bbox 1733 2211 1848 2242; x_wconf 69' lang='lat' dir='ltr'>curm,</span> 
     </span>
     <span class='ocr_line' id='line_1_29' title="bbox 471 2264 1846 2319; baseline -0.002 -15"><span class='ocrx_word' id='word_1_245' title='bbox 471 2280 517 2305; x_wconf 88' lang='lat' dir='ltr'>ne</span> <span class='ocrx_word' id='word_1_246' title='bbox 538 2265 634 2319; x_wconf 91' lang='lat' dir='ltr'>quid</span> <span class='ocrx_word' id='word_1_247' title='bbox 655 2265 721 2304; x_wconf 84' lang='lat' dir='ltr'>fiat</span> <span class='ocrx_word' id='word_1_248' title='bbox 742 2265 864 2310; x_wconf 86' lang='lat' dir='ltr'>secus,</span> <span class='ocrx_word' id='word_1_249' title='bbox 895 2277 1013 2317; x_wconf 87' lang='lat' dir='ltr'>quam</span> <span class='ocrx_word' id='word_1_250' title='bbox 1034 2264 1233 2309; x_wconf 88' lang='lat' dir='ltr'>volumus,</span> <span class='ocrx_word' id='word_1_251' title='bbox 1264 2277 1461 2317; x_wconf 82' lang='lat' dir='ltr'>quamque</span> <span class='ocrx_word' id='word_1_252' title='bbox 1481 2273 1650 2317; x_wconf 87' lang='lat' dir='ltr'>oportet.</span> <span class='ocrx_word' id='word_1_253' title='bbox 1684 2264 1769 2302; x_wconf 89' lang='lat' dir='ltr'>Nec</span> <span class='ocrx_word' id='word_1_254' title='bbox 1792 2264 1846 2301; x_wconf 85' lang='lat' dir='ltr'>sa-</span> 
     </span>
     <span class='ocr_line' id='line_1_30' title="bbox 471 2330 1849 2383; baseline -0.002 -14"><span class='ocrx_word' id='word_1_255' title='bbox 471 2333 520 2369; x_wconf 87' lang='lat' dir='ltr'>tis</span> <span class='ocrx_word' id='word_1_256' title='bbox 541 2331 593 2369; x_wconf 90' lang='lat' dir='ltr'>est</span> <span class='ocrx_word' id='word_1_257' title='bbox 616 2331 654 2369; x_wconf 91' lang='lat' dir='ltr'>in</span> <span class='ocrx_word' id='word_1_258' title='bbox 675 2330 866 2383; x_wconf 89' lang='lat' dir='ltr'>ejusmodi</span> <span class='ocrx_word' id='word_1_259' title='bbox 888 2344 940 2375; x_wconf 87' lang='lat' dir='ltr'>re,</span> <span class='ocrx_word' id='word_1_260' title='bbox 964 2330 999 2368; x_wconf 93' lang='lat' dir='ltr'>se</span> <span class='ocrx_word' id='word_1_261' title='bbox 1019 2344 1218 2383; x_wconf 87' lang='lat' dir='ltr'>quemque</span> <span class='ocrx_word' id='word_1_262' title='bbox 1238 2330 1410 2383; x_wconf 80' lang='lat' dir='ltr'>praestarc</span> <span class='ocrx_word' id='word_1_263' title='bbox 1429 2345 1437 2368; x_wconf 92' lang='lat'>:</span> <span class='ocrx_word' id='word_1_264' title='bbox 1470 2343 1512 2367; x_wconf 84' lang='lat' dir='ltr'>ac</span> <span class='ocrx_word' id='word_1_265' title='bbox 1534 2330 1705 2367; x_wconf 84' lang='lat' dir='ltr'>maxime</span> <span class='ocrx_word' id='word_1_266' title='bbox 1725 2339 1849 2381; x_wconf 79' lang='lat' dir='ltr'>partes</span> 
     </span>
     <span class='ocr_line' id='line_1_31' title="bbox 471 2394 1853 2448; baseline -0.001 -14"><span class='ocrx_word' id='word_1_267' title='bbox 471 2396 578 2434; x_wconf 84' lang='lat' dir='ltr'>istius</span> <span class='ocrx_word' id='word_1_268' title='bbox 598 2395 719 2434; x_wconf 77' lang='lat' dir='ltr'>oflicii</span> <span class='ocrx_word' id='word_1_269' title='bbox 742 2395 829 2433; x_wconf 90' lang='lat' dir='ltr'>sunt</span> <span class='ocrx_word' id='word_1_270' title='bbox 850 2395 959 2448; x_wconf 89' lang='lat' dir='ltr'>pueri</span> <span class='ocrx_word' id='word_1_271' title='bbox 982 2395 1201 2440; x_wconf 84' lang='lat' dir='ltr'>Ciceronis,</span> <span class='ocrx_word' id='word_1_272' title='bbox 1234 2395 1306 2434; x_wconf 81' lang='lat' dir='ltr'>sive</span> <span class='ocrx_word' id='word_1_273' title='bbox 1327 2396 1410 2448; x_wconf 85' lang='lat' dir='ltr'>jam</span> <span class='ocrx_word' id='word_1_274' title='bbox 1430 2394 1711 2440; x_wconf 71' lang='lat' dir='ltr'>adolescenti53</span> <span class='ocrx_word' id='word_1_275' title='bbox 1743 2394 1853 2447; x_wconf 83' lang='lat' dir='ltr'>quod</span> 
     </span>
     <span class='ocr_line' id='line_1_32' title="bbox 470 2459 1851 2515; baseline -0.001 -15"><span class='ocrx_word' id='word_1_276' title='bbox 470 2461 632 2515; x_wconf 89' lang='lat' dir='ltr'>quidem</span> <span class='ocrx_word' id='word_1_277' title='bbox 654 2461 770 2500; x_wconf 89' lang='lat' dir='ltr'>illum</span> <span class='ocrx_word' id='word_1_278' title='bbox 791 2461 893 2500; x_wconf 84' lang='lat' dir='ltr'>soleo</span> <span class='ocrx_word' id='word_1_279' title='bbox 917 2459 1079 2500; x_wconf 81' lang='lat' dir='ltr'>hortari.</span> <span class='ocrx_word' id='word_1_280' title='bbox 1126 2463 1185 2501; x_wconf 88' lang='lat' dir='ltr'>Ac</span> <span class='ocrx_word' id='word_1_281' title='bbox 1215 2460 1316 2501; x_wconf 88' lang='lat' dir='ltr'>mihi</span> <span class='ocrx_word' id='word_1_282' title='bbox 1345 2460 1499 2500; x_wconf 86' lang='lat' dir='ltr'>videtur</span> <span class='ocrx_word' id='word_1_283' title='bbox 1532 2469 1695 2499; x_wconf 83' lang='lat' dir='ltr'>matrem</span> <span class='ocrx_word' id='word_1_284' title='bbox 1724 2459 1851 2506; x_wconf 79' lang='lat' dir='ltr'>valde.</span> 
     </span>
    </p>
   </div>
  </div>
 </body>
</html>
