2243 3008
570 242 643 283 312
913 228 1597 272 EPISTOLARUM

896 464 1139 503 C1c1-:R0
1179 464 1432 503 Αττιςο
1473 465 1602 504 SAL.

564 592 678 632 XVI.
704 589 889 663 NON
911 605 999 630 meo
1019 591 1117 629 vitio
1136 590 1195 635 fit,
1217 589 1294 628 hoc
1314 590 1474 643 quidem
1496 600 1684 644 tempore,
1709 594 1815 644 (ante
1833 595 1941 633 enim

819 657 873 695 est
903 656 1127 710 peccatum)
1151 664 1195 694 ut
1218 669 1282 694 me
1302 655 1370 693 ista
1388 655 1548 708 epistola
1567 655 1668 694 nihil
1689 658 1911 698 consoletur
1927 675 1939 698 z

564 736 656 761 nam
676 731 714 761 et
733 723 873 775 exigue
893 722 1033 774 scripta
1052 721 1119 766 est,
1141 730 1179 759 et
1199 720 1434 774 suspiciones
1455 734 1613 774 magnas
1633 720 1751 760 habet
1771 736 1849 762 non
1869 724 1943 762 effe

564 787 612 825 ab
633 787 703 825 illo
719 806 730 833 ς
763 800 856 839 quas
878 785 1184 825 animadvertiffe
1204 794 1242 823 te
1262 785 1455 824 existimo.
1488 786 1551 824 De
1570 785 1726 824 obviam
1747 787 1869 826 itione
1889 789 1943 826 ita

563 851 719 896 faciam,
737 861 781 890 ut
801 851 954 890 suades:
978 865 1103 903 neque
1122 851 1230 888 enim
1250 850 1331 888 ulla
1349 849 1397 888 de
1416 849 1581 889 adventu
1602 851 1684 903 ejus
1705 851 1842 903 opinio
1861 852 1937 896 est3

563 929 703 968 neque,
722 915 747 954 fi
768 916 837 968 qui
857 929 905 953 ex
925 915 1014 953 Afia
1029 915 1206 959 veniunt,
1223 914 1440 966 quidquam
1460 915 1640 953 auditum
1654 915 1726 954 effe
1741 915 1880 955 dicunt
1895 916 1943 954 de

561 994 677 1033 pace:
700 982 813 1033 cujus
833 993 906 1033 ego
922 980 986 1033 spe
1006 980 1046 1017 in
1065 978 1167 1018 hanc
1187 978 1365 1017 fraudem
1384 979 1523 1019 incidi.
1555 979 1673 1019 Nihil
1690 980 1817 1026 video,
1834 982 1942 1034 quod

560 1046 791 1098 sperandum
824 1055 976 1098 putem,
1007 1058 1113 1084 nunc
1138 1044 1366 1098 praesertim,
1396 1058 1490 1084 cum
1518 1059 1561 1084 ea
1579 1046 1692 1098 plaga
1721 1047 1762 1084 in
1783 1047 1873 1085 Afia
1891 1047 1938 1086 fit

560 1119 731 1164 accepta,
762 1112 803 1149 in
837 1110 1012 1162 Illyrico,
1043 1110 1084 1148 in
1117 1109 1293 1148 Caffiano
1321 1110 1495 1162 negotio,
1527 1111 1566 1148 in
1587 1111 1669 1163 ipsa
1687 1111 1939 1157 Alexandria,

560 1177 601 1215 in
624 1176 732 1221 urbe,
763 1176 804 1214 in
833 1175 958 1214 Italia.
1005 1176 1092 1228 Ego
1118 1188 1223 1220 νει-ο,
1253 1175 1371 1214 etiam
1397 1176 1423 1214 fi
1456 1175 1649 1214 rediturus
1675 1175 1744 1214 ille
1771 1176 1840 1222 est,
1870 1178 1939 1229 qui

560 1242 688 1282 adhuc
709 1243 860 1281 bellum
879 1256 1009 1295 gerere
1034 1242 1193 1286 dicitur,
1225 1251 1355 1280 tamen
1383 1251 1472 1281 ante
1501 1242 1671 1281 reditum
1700 1244 1784 1296 ejus
1814 1257 1936 1296 nego-

560 1310 662 1348 tium
683 1307 908 1347 confectum
930 1309 977 1346 iri
999 1317 1109 1360 puto.
1146 1307 1266 1358 Qod
1286 1317 1416 1347 autem
1437 1307 1588 1353 scribis,
1618 1308 1814 1361 quandam
1835 1309 1936 1347 laeti-

559 1376 656 1414 tiam
677 1375 872 1413 bonorum
892 1374 964 1412 effe
988 1382 1250 1419 commotam,
1282 1382 1326 1412 ut
1354 1374 1400 1412 fit
1428 1374 1608 1413 auditum
1636 1374 1685 1413 de
1711 1375 1862 1419 literis;
1895 1384 1939 1413 tu

554 1441 723 1495 quidem
742 1439 843 1479 nihil
871 1441 1150 1494 praetermittis,
1182 1440 1221 1478 in
1251 1453 1332 1492 quo
1362 1450 1474 1492 putes
1503 1440 1653 1492 aliquid
1683 1440 1808 1478 solatii
1834 1440 1934 1479 effe:

559 1508 623 1546 sed
653 1521 725 1560 ego
757 1521 835 1545 non
866 1507 1051 1551 adducor,
1082 1518 1322 1559 quemquam
1354 1506 1504 1544 bonum
1535 1506 1656 1544 ullam
1677 1505 1841 1544 salutem
1860 1520 1936 1558 pu-

558 1584 638 1612 tare
658 1572 760 1611 mihi
780 1572 878 1610 tanti
907 1571 1033 1616 fuisse,
1065 1580 1109 1609 ut
1137 1584 1222 1609 eam
1251 1579 1424 1623 peterem
1453 1571 1501 1608 ab
1530 1570 1616 1616 illo,
1646 1579 1686 1609 et
1712 1583 1758 1609 eo
1786 1571 1934 1617 minus,

557 1638 664 1690 quod
685 1637 802 1690 hujus
824 1637 974 1675 confilii
997 1638 1081 1689 jam
1108 1649 1157 1674 ne
1178 1635 1331 1675 >socium
1352 1636 1512 1689 quidem
1534 1635 1659 1675 habeo
1679 1650 1933 1690 quemquam.

557 1705 640 1756 Qi
672 1704 714 1742 in
746 1703 836 1741 Afia
865 1702 969 1747 sunt,
1001 1715 1130 1740 rerum
1163 1702 1316 1740 exitum
1349 1703 1580 1754 expediant:
1619 1701 1785 1741 Achaici
1817 1703 1936 1740 etiam

557 1770 673 1809 Fufio
694 1771 801 1823 spem
821 1769 1104 1822 deprecationis
1124 1767 1318 1806 afferunt:
1351 1767 1492 1806 horum
1513 1778 1552 1806 et
1579 1768 1698 1806 timor
1726 1768 1830 1807 idem
1857 1767 1936 1807 fuit

556 1835 686 1888 primo
717 1835 784 1886 qui
817 1848 942 1879 meus,
972 1843 1010 1872 et
1042 1833 1328 1872 constitutum:
1360 1846 1468 1871 mora
1487 1833 1751 1872 Alexandrina
1782 1833 1935 1871 causam

555 1901 716 1939 illorum
747 1900 930 1944 correxit,
961 1912 1088 1937 meam
1119 1899 1271 1936 evertit.
1314 1898 1585 1949 Qamobrem
1605 1898 1709 1936 idem
1730 1912 1750 1936 a
1771 1908 1807 1936 te
1828 1911 1934 1936 nunc

554 1975 660 2019 peto,
691 1964 798 2018 quod
830 1964 1090 2017 superioribus
1122 1964 1260 2007 literis,
1291 1973 1350 2008 ut,
1381 1963 1406 2001 fi
1439 1963 1534 2015 quid
1568 1964 1606 2001 in
1636 1963 1796 2015 perditis
1819 1964 1932 2002 rebus

555 2031 776 2083 dispicercS,
807 2029 913 2082 quod
934 2028 1033 2067 mihi
1056 2038 1208 2080 putares
1230 2027 1469 2072 faciendum,
1501 2042 1563 2066 me
1584 2043 1775 2067 moneres.
1810 2030 1848 2067 Si
1870 2043 1932 2067 re-

553 2097 680 2150 cipior
699 2096 746 2134 ab
767 2095 844 2141 his,
866 2095 971 2148 quod
993 2094 1097 2132 vides
1120 2107 1195 2132 non
1219 2093 1324 2138 ficri;
1357 2103 1501 2138 tamen,
1524 2096 1651 2147 quoad
1674 2095 1821 2133 bellum
1843 2096 1931 2139 erit,

553 2161 649 2214 quid
670 2174 797 2214 agam.
826 2170 892 2199 aut
925 2160 993 2199 ubi
1024 2159 1109 2204 fim,
1142 2173 1220 2199 non
1252 2159 1427 2211 reperio:
1460 2159 1513 2197 sin
1541 2160 1678 2211 jacior,
1709 2174 1755 2198 co
1783 2160 1929 2198 minus.

556 2229 690 2279 Itaque
712 2236 794 2264 tuas
816 2226 944 2264 literas
965 2227 1153 2277 expecio;
1186 2223 1320 2276 easque
1351 2235 1393 2262 ut
1423 2224 1468 2261 ad
1501 2239 1561 2262 mc
1591 2225 1665 2262 sine
1686 2225 1931 2262 dubitatione

555 2292 710 2336 scribas,
744 2305 851 2344 rogo,
896 2290 1015 2342 Qod
1048 2289 1192 2333 suades,
1226 2298 1267 2326 ut
1300 2288 1344 2326 ad
1378 2290 1576 2341 Qintum
1611 2289 1772 2327 scribam
1801 2289 1847 2327 dc
1869 2289 1930 2327 his

553 2358 692 2400 literis.
725 2356 904 2400 facerem,
938 2356 961 2394 si
989 2370 1050 2393 me
1071 2355 1286 2408 quidquam
1308 2355 1384 2393 ista:
1407 2356 1525 2392 litcrae
1555 2355 1802 2394 delectarent,
1851 2355 1930 2394 litui

551 2422 712 2476 quidam
736 2422 881 2473 scripiit
903 2421 947 2458 ad
971 2435 1031 2458 mc
1054 2420 1114 2459 his
1135 2421 1289 2458 verbis:
1323 2423 1401 2473 Ego
1432 2430 1472 2458 ut
1505 2420 1539 2457 iu
1572 2419 1626 2457 his
1654 2421 1768 2464 nmlis,
1801 2419 1931 2458 Patris

535 2492 624 2541 sum
643 2502 711 2528 non
731 2488 868 2527 Invitus
885 2502 899 2526 .·
929 2485 1023 2540 cffim
1042 2486 1218 2531 libentius,
1233 2487 1414 2539 stfi'dssr
1432 2496 1516 2525 laus
1536 2501 1575 2525 ca
1594 2485 1635 2524 dc
1653 2494 1689 2524 tc·
1714 2486 1928 2539 loqueretur,
