2243 3008
488 220 566 273 346
832 214 1523 257 EPISTOLARUM

485 316 576 369 ipfis
609 315 750 362 literis,
787 329 882 369 quas
917 315 1062 362 mittis,
1102 315 1433 360 benevolentiam,
1472 314 1738 368 diligentiam,
1779 328 1877 370 pru-

486 382 677 428 dentiam,
706 381 875 422 mirifice
894 381 1034 434 diligo.

804 584 1070 622 ⁷⁴CICERO
1109 581 1366 620 ATtho
1407 581 1540 620 SAL.

485 711 662 751 XXXV.
688 708 828 784 TU
859 718 1004 754 tamen,
1037 708 1063 746 fi
1095 707 1193 761 quid
1223 723 1317 747 cum
1349 709 1462 755 Silio,
1492 708 1555 747 vel
1583 708 1656 748 illo
1683 709 1768 762 ipso
1795 709 1877 756 die,

794 789 876 829 quo
895 775 941 813 ad
963 775 1091 812 Sicam
1111 783 1298 812 venturus
1318 788 1398 820 ero,
1428 775 1637 813 certiorem
1664 787 1728 812 me
1753 774 1876 813 velim

484 841 619 888 facias,
649 851 688 880 et
723 842 895 880 maxime
928 841 1041 893 cujus
1076 839 1155 877 loci
1189 839 1468 879 detraffionem
1499 840 1584 878 fieri
1612 839 1736 886 velit;
1768 839 1878 893 quod

484 908 593 945 enim
614 907 766 952 scribis,
797 906 978 950 extremi,
1010 903 1099 943 vide
1118 917 1167 942 ne
1187 905 1219 943 is
1240 904 1321 957 ipse
1341 905 1452 944 locus
1474 905 1534 951 fit,
1564 906 1677 958 cujus
1698 905 1809 943 causa
1828 905 1878 943 de

484 982 567 1010 tota
594 986 648 1017 re,
680 981 724 1010 ut
755 972 844 1016 scis,
874 970 928 1008 est
948 983 969 1007 a
989 969 1103 1007 nobis
1123 970 1359 1022 cogitatum.
1405 970 1534 1009 Hirtii
1565 970 1769 1023 epistolam
1800 970 1877 1009 tibi

484 1039 586 1084 mifi,
616 1047 656 1077 et
689 1046 903 1082 recentem,
936 1045 975 1075 et
1009 1035 1197 1074 benevole
1231 1035 1431 1089 scriptam.
1476 1038 1598 1082 Ante,
1628 1048 1750 1090 quam
1782 1049 1804 1075 a
1836 1045 1877 1075 te

484 1104 666 1156 proxime
696 1103 858 1148 disceffi,
890 1115 1096 1154 nunquam
1128 1100 1233 1141 mihi
1251 1102 1360 1141 venit
1388 1102 1431 1140 in
1452 1111 1643 1147 mentem,
1674 1115 1756 1155 quo
1783 1101 1876 1155 plus

484 1170 733 1223 insumptum
764 1170 806 1208 in
836 1177 1146 1208 monumentum
1173 1167 1280 1214 effet,
1309 1181 1430 1221 quam
1461 1168 1592 1208 nescio
1622 1168 1736 1221 quid,
1766 1168 1877 1221 quod

481 1236 569 1289 lege
603 1235 847 1281 conceditur,
880 1234 1114 1274 tantundem
1142 1234 1293 1288 populo
1321 1234 1496 1274 dandum
1524 1234 1624 1273 effe:
1657 1233 1765 1286 quod
1794 1247 1876 1272 non

482 1315 720 1355 magnopere
740 1310 930 1346 moveret,
955 1301 1027 1339 nifi
1047 1299 1178 1340 nescio
1197 1300 1416 1353 quomodo,
1435 1298 1573 1347 ἀλόγως
1590 1298 1760 1345 fortaffe,
1782 1299 1876 1338 nol-

483 1367 564 1406 lem
583 1367 686 1406 illud
707 1366 790 1405 ullo
810 1366 987 1411 nomine,
1017 1365 1090 1404 nifi
1122 1364 1218 1410 fani,
1249 1365 1436 1419 appellari
1454 1380 1464 1404 ε
1495 1364 1604 1418 quod
1624 1365 1651 1403 fi
1671 1364 1877 1411 volumus,

481 1446 616 1473 vereor
636 1446 684 1472 ne
704 1431 847 1484 affequi
868 1445 947 1470 non
968 1431 1172 1485 poffimuS,
1202 1430 1274 1469 nifi
1303 1440 1458 1470 mutato
1486 1430 1591 1469 loco.
1637 1430 1730 1469 Hoc
1758 1430 1876 1482 quale

482 1499 544 1545 fit,
569 1499 698 1552 quaeso
718 1497 928 1537 confidera.
961 1498 1069 1536 Nam
1088 1497 1158 1536 etsl
1177 1497 1310 1535 minus
1332 1510 1486 1549 urgeor,
1517 1509 1661 1548 meque
1680 1495 1761 1548 ipse
1779 1509 1876 1549 pro-

481 1565 698 1619 pemodum
719 1564 890 1616 collegi;
923 1572 1053 1602 tamen
1075 1562 1236 1615 indigeo
1257 1562 1315 1600 tui
1336 1562 1505 1602 confilii.
1537 1563 1676 1614 Itaque
1696 1571 1734 1600 te
1754 1561 1876 1600 vehe-

480 1641 632 1670 menter
652 1632 770 1669 etiam
791 1640 908 1682 atque
928 1629 1048 1667 etiam
1070 1642 1180 1682 rogo,
1209 1628 1334 1681 magis
1355 1641 1477 1682 quam
1497 1641 1518 1666 a
1537 1642 1600 1667 me
1619 1629 1693 1673 vis,
1715 1637 1782 1666 aut
1802 1641 1873 1681 pa-

480 1697 588 1741 teris,
621 1706 657 1735 te
679 1697 820 1750 rogari,
852 1705 895 1734 ut
915 1694 1017 1734 hanc
1038 1694 1324 1748 cogitationem
1345 1704 1429 1734 toto
1449 1696 1604 1748 pectore
1623 1694 1869 1748 amplectare.

819 1897 1062 1935 CICERO
1104 1897 1362 1934 ATTICO
1402 1895 1533 1935 SAL.

479 2026 676 2067 XXXVI.
701 2022 960 2096 FANUM
991 2023 1075 2063 fieri
1095 2025 1213 2069 volo;
1246 2017 1372 2076 neque
1393 2022 1470 2063 hoc
1491 2022 1594 2063 mihi
1612 2023 1695 2062 erui
1718 2024 1867 2076 potest:

782 2091 950 2143 sepulcri
978 2091 1277 2131 fimilitudinem
1300 2089 1474 2143 effugere
1495 2104 1574 2129 non
1604 2099 1685 2129 tam
1712 2100 1872 2144 propter
1930 2133 1938 2138 ,

480 2171 638 2211 poenam
659 2157 756 2209 legis
777 2156 925 2202 stude0,
948 2170 1067 2209 quam
1090 2166 1132 2196 ut
1151 2157 1323 2196 maxime
1344 2155 1513 2209 affequar
1531 2151 1739 2194 amasam:
1762 2155 1870 2208 quod

480 2234 670 2276 poteram,
702 2222 728 2260 fi
749 2222 790 2260 in
810 2222 890 2275 ipsa
910 2223 1003 2261 villa
1022 2221 1206 2262 facerem.
1253 2222 1342 2267 Sed,
1373 2231 1418 2262 ut
1445 2222 1540 2274 saepe
1561 2221 1686 2259 locuti
1718 2221 1868 2267 sumus,

478 2289 809 2328 commutationes
831 2288 1085 2328 dominorum
1106 2288 1321 2328 reformido
1339 2303 1348 2328 ε
1381 2289 1421 2328 in
1445 2301 1539 2341 agro
1559 2287 1787 2340 ubicunque
1808 2286 1869 2326 fc-

479 2369 582 2400 cero,
601 2354 701 2393 mihi
724 2354 855 2392 videor
872 2355 1012 2407 ass'equi
1037 2355 1153 2407 poss‘c,
1171 2365 1214 2394 ut
1237 2355 1436 2408 posteritas
1457 2353 1596 2393 habeat
1618 2354 1869 2406 religionem.

482 2422 554 2460 Ha:
576 2435 670 2459 mea:
692 2420 764 2459 tibi
791 2420 948 2472 ineptia:
972 2420 1114 2471 (fatcor
1133 2422 1260 2468 enim)
1284 2419 1451 2459 ferend-,e
1471 2421 1574 2459 sunt.
1609 2421 1704 2459 Non
1724 2418 1867 2465 habco,

477 2502 524 2526 nc
558 2501 621 2526 mc
656 2486 818 2540 quidem
853 2486 996 2540 ipsum,
1028 2487 1193 2541 quicum
1229 2495 1310 2526 tam
1343 2486 1522 2527 audathr
1553 2486 1866 2532 communicem,
