2243 3008
503 295 582 323 220
850 279 1537 321 EPISTOLARUM

628 517 694 557 M.
727 517 905 556 emh-no
938 517 1042 554 ῙΜΡ.
1085 515 1125 553 S.
1156 515 1211 553 D.
1244 515 1328 554 CN.
1361 514 1546 553 Mamm
1577 515 1770 554 Pxocos.

508 643 576 718 C
592 646 632 683 U
646 646 695 683 M
725 646 773 683 ad
794 654 830 683 te
851 645 980 682 literas
1001 642 1200 687 mififfem,
1228 654 1316 694 quae
1337 641 1412 680 tibi
1433 642 1590 681 Canufii
1609 642 1768 682 redditae
1789 643 1898 688 sunt,

607 710 870 763 suspicionem
889 708 1041 746 nullam
1067 707 1276 752 habebam,
1308 717 1346 746 te
1376 707 1624 761 Reipublicae
1649 708 1764 746 causa
1788 721 1897 747 mare

506 775 758 814 transiturum
775 794 789 819 ;
819 787 1003 825 eramque
1023 774 1065 811 in
1086 773 1150 826 spe
1171 784 1312 825 magna
1331 771 1415 811 fore
1436 782 1481 811 ut
1506 773 1548 811 in
1570 773 1684 811 Italia
1702 772 1898 826 poffemus

506 851 574 880 aut
593 840 846 879 concordiam
867 839 1116 885 constituere,
1147 852 1224 892 qua
1253 838 1355 877 mihi
1385 838 1488 876 nihil
1518 838 1657 877 utilius
1677 838 1900 883 videbatur,

507 916 574 945 aut
594 905 905 959 Rempublicam
925 904 1078 943 summa
1103 918 1196 942 cum
1223 903 1416 957 dignitate
1445 903 1668 943 defendere.
1713 904 1897 948 Interim,

507 972 687 1010 nondum
714 971 813 1010 meis
842 971 967 1009 literis
994 970 1042 1008 ad
1071 979 1109 1008 te
1138 970 1313 1023 perlatis,
1343 983 1391 1008 ex
1411 969 1473 1008 his
1495 969 1703 1015 mandatis,
1735 983 1822 1023 quae
1841 969 1899 1008 D.

509 1037 634 1076 Laelio
653 1036 702 1075 ad
722 1036 912 1075 Consules
933 1035 1108 1081 dederas,
1137 1036 1281 1074 certior
1301 1036 1360 1074 tui
1380 1036 1533 1074 consilii
1556 1034 1696 1080 faetus,
1728 1048 1808 1073 non
1827 1047 1901 1073 ex-

507 1104 674 1156 pectavi,
705 1102 802 1141 dum
822 1101 925 1141 mihi
944 1115 965 1141 a
985 1111 1023 1141 te
1042 1102 1164 1140 literae
1184 1101 1437 1140 redderentur
1451 1120 1464 1147 ς
1495 1100 1783 1154 confestimque
1805 1114 1902 1139 cum

510 1170 666 1222 Qinto
686 1169 805 1207 fratre
833 1178 873 1207 et
901 1182 996 1207 cum
1025 1168 1160 1206 liberis
1181 1167 1320 1206 nostris
1341 1168 1415 1206 iter
1435 1167 1482 1205 ad
1509 1176 1547 1206 te
1566 1168 1608 1206 in
1629 1168 1820 1220 Apuliam
1838 1165 1902 1205 fa·

510 1249 596 1274 cere
616 1235 737 1288 coepi.
774 1235 882 1273 Cum
902 1233 1086 1273 Teanum
1107 1233 1328 1272 Sidicinum
1350 1232 1552 1279 veniffem,
1582 1233 1634 1272 C.
1657 1233 1822 1271 Meffius
1841 1231 1904 1270 fa-

511 1301 676 1340 miliaris
698 1310 789 1339 tuus
810 1299 913 1339 mihi
934 1300 1052 1346 dixit,
1081 1299 1228 1352 aliique
1248 1300 1491 1353 complures,
1520 1299 1711 1338 Caesarem
1735 1300 1810 1338 iter
1828 1297 1901 1337 ha-

513 1368 603 1405 bere
629 1367 824 1420 Capuam,
854 1375 893 1404 et
921 1379 968 1404 eo
997 1365 1082 1419 ipso
1110 1365 1173 1404 die
1202 1365 1430 1404 mansurum
1459 1365 1531 1404 effe
1558 1365 1760 1404 AEserniae.
1807 1365 1905 1403 Sane

511 1431 599 1469 sum
618 1439 872 1475 commotus,
904 1430 1027 1483 quod,
1058 1430 1084 1469 fi
1105 1431 1160 1468 ita
1179 1430 1283 1476 effet,
1314 1443 1394 1468 non
1424 1429 1544 1469 modo
1572 1431 1647 1469 iter
1675 1442 1811 1468 meum
1837 1429 1903 1467 in-

512 1497 742 1543 terclusum,
773 1497 836 1535 sed
870 1497 1065 1550 meipsum
1098 1496 1213 1550 plane
1246 1505 1473 1548 exceptum,
1512 1496 1719 1549 putabam.
1767 1497 1907 1548 Itaque

514 1573 601 1602 tum
624 1564 737 1602 Cales
759 1562 934 1616 procelli,
952 1571 997 1601 ut
1017 1562 1074 1600 ibi
1094 1561 1339 1616 potiffimum
1355 1561 1616 1607 consisterem,
1634 1561 1731 1599 dum
1751 1570 1908 1599 certum

514 1628 628 1668 nobis
649 1628 698 1666 ab
719 1627 894 1666 AEsernia
914 1627 961 1665 de
981 1640 1042 1673 eo,
1073 1627 1180 1679 quod
1210 1626 1423 1672 audieram,
1455 1625 1677 1665 referretur.
1723 1627 1780 1664 At
1802 1625 1908 1665 mihi

514 1708 607 1733 cum
630 1693 796 1732 Calibus
816 1692 947 1738 effem,
963 1692 1125 1731 affertur
1144 1693 1349 1731 literarum
1368 1701 1526 1731 tuarum
1546 1691 1793 1745 exemplum,
1809 1703 1907 1745 quas

515 1770 558 1798 tu
580 1759 626 1797 ad
648 1758 867 1798 Lentulum
888 1758 1091 1797 consulem
1112 1757 1284 1797 mififfes.
1324 1758 1398 1796 Hae
1418 1758 1570 1810 scriptae
1591 1757 1642 1796 fic
1661 1766 1770 1796 erant
1789 1772 1797 1795 :
1831 1756 1905 1795 Li-

516 1835 614 1864 teras
634 1823 743 1863 tibia
764 1825 816 1863 L.
840 1824 1004 1863 Domitio
1033 1838 1070 1862 a.
1102 1823 1139 1862 d.
1173 1840 1260 1863 xnt
1286 1823 1374 1862 Kal.
1397 1823 1524 1861 Mart.
1557 1822 1691 1861 allatas
1717 1821 1807 1874 ff;
1839 1836 1905 1861 ea-

516 1899 684 1942 rumque
714 1889 945 1941 exemplum
972 1888 1245 1941 subscripseras
1265 1904 1274 1927 :
1306 1888 1494 1941 magnique
1512 1886 1670 1940 inter-ff·
1689 1887 1906 1940 Reipublicae

518 1955 733 2008 scripseras,
764 1968 876 1992 omnes
907 1955 1025 2007 copias
1046 1953 1165 2006 primo
1185 1967 1316 2006 quoque
1335 1961 1489 2007 tempore
1507 1953 1544 1991 in
1564 1967 1673 1991 unum
1691 1953 1802 1992 locum
1821 1967 1905 1992 con—

515 2020 642 2059 venire
653 2037 665 2064 ;
686 2028 721 2058 et
741 2028 784 2057 ut
798 2019 970 2072 praestdii‚
992 2019 1186 2072 quodstttis
1204 2020 1296 2070 effer,
1317 2020 1452 2072 Capuae
1472 2018 1701 2072 relinqueret.
1735 2020 1811 2058 His
1833 2033 1906 2072 ego

517 2087 642 2125 literis
663 2085 774 2124 lectis
794 2086 835 2123 in
856 2085 989 2124 eadem
1011 2085 1197 2137 opinione
1218 2084 1294 2130 fui,
1316 2097 1393 2138 qua
1413 2085 1555 2138 reliqui
1576 2098 1727 2130 omnm,
1753 2095 1793 2124 te
1814 2099 1908 2123 cum

519 2152 706 2191 omnibus
734 2152 859 2204 copiis
889 2151 936 2190 ad
957 2151 1182 2190 Corfinium
1202 2150 1274 2190 effe
1292 2162 1503 2190 venturum
1521 2170 1532 2196 ;
1565 2165 1645 2204 quo
1666 2151 1783 2196 mihi,
1814 2164 1908 2190 cum

520 2218 647 2256 Caesar
665 2216 712 2255 ad
732 2216 926 2270 oppidum
942 2216 1064 2256 castra
1083 2216 1258 2262 haberet,
1289 2226 1422 2256 tutum
1444 2217 1517 2255 iter
1537 2217 1608 2255 ess‘e
1635 2230 1713 2255 non
1741 2217 1907 2255 arbitra-

522 2285 603 2321 bar.
651 2284 757 2321 Cum
788 2295 844 2320 res
876 2283 916 2321 in
947 2283 1099 2321 summa
1125 2283 1392 2336 exchtatione
1421 2282 1527 2328 esset,
1560 2292 1772 2335 utrumque
1795 2283 1911 2322 snnul

523 2349 718 2393 audimus,
742 2358 779 2386 et
800 2363 886 2401 quae
909 2349 1075 2388 Corfinii
1097 2352 1178 2388 afta
1196 2349 1330 2395 essent,
1352 2359 1390 2388 et
1411 2359 1448 2388 te
1469 2350 1542 2387 iter
1564 2349 1826 2387 Brundusium
1849 2349 1908 2387 fa-

523 2429 608 2453 eere
629 2413 805 2467 coepiffe:
839 2428 1010 2467 cumque
1033 2429 1103 2453 ncc
1125 2414 1240 2459 mihi,
1265 2429 1334 2453 nec
1357 2414 1465 2453 fratri
1489 2428 1593 2460 ηιςο,
1613 2415 1782 2453 dubium
1802 2415 1907 2460 essct,

524 2481 621 2534 quin
658 2479 919 2518 Brundusium
956 2481 1280 2519 contenderemus
1301 2501 1309 2524 ;
1350 2495 1370 2519 a
1401 2481 1553 2526 multis,
1591 2481 1663 2534 qui
1695 2495 1715 2519 e
1751 2482 1909 2519 Samnio

527 2546 749 2599 Apuliaque
787 2547 1009 2590 veniebant,
1060 2547 1250 2585 admoniti
1296 2547 1443 2590 sumus.
1494 2556 1537 2585 ut
1575 2560 1813 2591 caveremus.
1863 2559 1910 2584 nc
