2243 3008
551 265 658 302 AD
716 264 1147 302 ATTICUM
1217 265 1358 303 LIB.
1410 268 1485 305 111.
1664 271 1712 320 89

325 378 372 402 ne
394 378 433 403 re
447 365 532 416 jam
552 362 748 415 desperata
776 362 908 414 legas;
942 371 985 400 ut
1017 362 1100 400 haec
1132 376 1217 401 mea
1247 363 1454 416 diligentia
1482 366 1712 404 miserabilis

322 430 412 474 tibi,
443 429 529 467 aliis
561 428 770 472 irridenda,
801 427 990 466 videatur.
1038 428 1110 465 Sed
1138 426 1164 465 fi
1191 428 1245 466 est
1273 430 1424 482 aliquid
1451 431 1492 467 in
1514 431 1592 483 spe,
1625 431 1711 469 vide

321 495 465 546 legem,
496 507 617 546 quarn
653 495 705 531 T.
741 493 864 531 Fadio
899 492 1048 545 scripsit
1084 493 1299 539 Visellius;
1342 508 1385 532 ea
1419 495 1521 533 mihi
1555 497 1710 548 perpla-

319 570 383 598 cet
401 575 410 598 :
443 573 534 597 nam
557 559 679 597 Sextii
701 558 833 603 nostri,
856 572 975 611 quam
997 568 1040 596 tu
1062 559 1137 596 tibi
1157 559 1313 611 probari
1334 559 1485 605 scribis,
1509 561 1610 599 mihi
1632 575 1708 599 nou

319 625 463 677 placet.
495 625 632 662 Tertia
652 623 705 662 est
725 623 886 676 epistola
906 623 1005 676 prid.
1031 624 1089 662 Id.
1114 624 1316 663 Novemb.
1340 625 1451 671 data,
1481 626 1521 663 in
1543 639 1621 678 qua
1640 641 1709 664 ex-

319 691 434 743 ponis
455 690 667 743 prudenter
686 699 726 728 et
745 689 970 742 diligenter,
1002 703 1089 742 quae
1110 689 1198 735 fiat,
1229 703 1316 742 quae
1337 705 1419 729 rem
1447 691 1627 730 distinere
1648 694 1708 730 vi-

317 756 497 801 deantur,
528 756 575 793 de
608 755 754 799 Craffo,
785 755 832 793 de
864 755 1071 807 Pompeio,
1102 755 1149 793 de
1181 757 1346 794 caeteris.
1393 758 1525 809 Qare
1558 771 1627 795 oro
1658 768 1708 801 te,

319 831 379 867 ut,
410 822 439 860 fi
468 835 546 874 qua
575 821 659 874 spes
690 821 765 859 erit
795 820 898 873 pofi‘e
924 820 1060 859 studiis
1083 821 1295 866 bonorum,
1325 823 1568 868 auctoritate,
1600 823 1707 861 mul-

319 887 491 925 titudine
520 896 743 939 comparata
772 899 855 924 rem
886 886 1045 931 confici,
1077 887 1143 924 des
1175 900 1333 939 operam
1368 897 1413 925 ut
1447 901 1527 925 uno
1556 888 1710 941 impetu

319 952 585 1006 perfringatur
601 972 611 997 ;
644 953 686 991 in
706 966 791 990 eam
811 966 894 991 rem
915 952 1137 998 incumbas,
1168 953 1404 1006 caeterosque
1423 955 1585 992 excites.
1625 955 1707 999 Sin,

318 1028 364 1056 ut
384 1032 456 1071 ego
477 1018 670 1071 perspicio
690 1031 784 1055 cum
805 1027 871 1056 tua
890 1019 1127 1070 conjectura,
1159 1027 1246 1056 tum
1265 1019 1384 1056 etiam
1405 1032 1504 1063 mea,
1536 1019 1616 1072 spei
1644 1021 1708 1057 ni-

317 1082 377 1121 hil
398 1083 451 1121 est
467 1101 480 1128 ;
511 1096 581 1120 oro
601 1082 850 1134 obtestorque
871 1092 922 1127 te,
955 1092 999 1120 ut
1020 1084 1222 1134 Qintum
1246 1082 1408 1121 fratrem
1438 1097 1557 1128 ames,
1589 1098 1709 1136 quem

316 1162 390 1201 ego
412 1148 598 1186 miserum
628 1147 766 1184 misere
792 1147 973 1199 perdidi3
1006 1161 1102 1185 neve
1131 1148 1227 1200 quid
1257 1162 1346 1188 eum
1378 1150 1522 1202 patiare
1553 1152 1707 1202 gravius

315 1214 517 1252 consulere
538 1213 585 1251 de
605 1213 656 1258 se,
688 1227 808 1266 quam
828 1213 1010 1266 expediat
1042 1213 1180 1252 sororis
1215 1224 1289 1253 tuae
1321 1215 1433 1260 fili0;
1466 1229 1601 1254 meum
1634 1217 1705 1254 Ci-

313 1292 511 1323 ceronem,
542 1279 607 1316 cui
628 1277 731 1316 nihil
750 1277 905 1315 misello
927 1278 1109 1330 relinquo
1137 1288 1274 1330 praeter
1305 1280 1494 1317 invidiam
1522 1290 1560 1318 et
1589 1281 1706 1332 igno·

315 1345 480 1383 minium
502 1344 675 1382 nominis
696 1344 789 1388 mei,
813 1353 942 1382 tueare
961 1344 1091 1396 quoad
1110 1345 1256 1398 poteris
1275 1364 1286 1390 3
1320 1346 1565 1391 Terentiam,
1589 1360 1708 1385 unam

313 1411 497 1448 omnium
519 1409 891 1455 aemmnofiffimam,
923 1410 1109 1448 sustentes
1131 1410 1208 1448 tuis
1230 1411 1386 1449 officiis.
1433 1412 1522 1463 Ego
1543 1412 1582 1448 in
1606 1413 1706 1464 Epi-

315 1490 404 1515 rum
442 1476 679 1529 proficiscar,
723 1489 817 1513 cum
852 1477 1074 1528 primorum
1110 1475 1263 1514 dierum
1304 1478 1464 1515 nuntios
1500 1491 1702 1531 excepero.

315 1543 386 1580 Tu
404 1542 451 1579 ad
480 1555 544 1579 me
564 1541 684 1579 velim
714 1541 906 1593 proximis
940 1541 1080 1586 literis,
1113 1551 1156 1580 ut
1183 1541 1220 1580 se
1249 1542 1364 1581 initia
1391 1542 1583 1588 dederint,
1614 1556 1704 1596 per-

313 1607 471 1646 scribas.
518 1607 612 1645 Dat.
636 1606 738 1659 prid.
762 1607 852 1645 Kal.
875 1607 1071 1647 Decemb.

652 1809 896 1847 C1czno
937 1809 1194 1847 Αττιοο
1235 1810 1366 1848 SAL.

312 1937 467 1976 XXIV.
492 1935 623 2010 AN
639 1938 775 1976 TEA
805 1950 900 1975 cum
923 1936 970 1974 ad
998 1950 1061 1975 me
1090 1936 1341 1990 scripfiffetis,
1373 1937 1497 1976 vestro
1516 1939 1704 1978 consensu

604 2003 826 2041 Consulum
860 2003 1081 2056 provincias
1115 2014 1268 2044 ornatas
1302 2005 1374 2043 esse
1391 2024 1402 2049 ς
1446 2005 1513 2042 etfi
1548 2006 1705 2044 verebar

310 2069 499 2122 quorsum
520 2068 560 2107 id
581 2068 760 2107 casurum
781 2068 885 2114 esset,
904 2078 1033 2106 tamen
1057 2068 1256 2121 sperabam
1272 2084 1339 2109 vos
1356 2070 1505 2122 aliquid
1522 2070 1705 2123 aliquan-

309 2134 362 2173 do
382 2134 515 2173 vidiffe
535 2134 791 2187 prudentius:
823 2133 1074 2187 posteaquam
1094 2133 1196 2173 mihi
1216 2145 1255 2174 et
1275 2136 1425 2175 dictum
1447 2135 1500 2173 est
1520 2145 1558 2174 ct
1579 2134 1701 2188 scrip-

310 2209 412 2245 tum,
443 2199 696 2239 vehementer
717 2199 928 2239 confilium
956 2199 1125 2238 vestrum
1151 2200 1397 2254 reprehendi,
1430 2201 1515 2239 sum
1535 2202 1703 2253 graviter

310 2275 564 2310 commotus;
596 2265 703 2318 quod
733 2265 802 2303 illa
828 2265 907 2318 ipsa
932 2264 1016 2318 spes
1035 2265 1191 2318 exigua,
1223 2279 1309 2318 quae
1330 2276 1424 2311 erat,
1457 2266 1610 2303 videtur
1629 2265 1703 2305 effe

311 2330 473 2368 sublata.
519 2331 627 2369 Nam
657 2331 682 2369 fi
714 2331 888 2370 Tribuni
914 2331 1040 2384 plebis
1063 2332 1177 2369 nobis
1199 2331 1439 2377 succensent,
1471 2345 1556 2384 quae
1578 2331 1702 2385 potest

311 2395 394 2448 spes
414 2395 519 2433 effe?
549 2397 609 2434 Ac
629 2397 812 2436 videntur
826 2398 917 2449 jure
938 2397 1157 2436 succensere
1177 2413 1184 2435 :
1218 2411 1312 2436 cum
1338 2407 1377 2436 et
1404 2408 1581 2450 expertes
1602 2411 1700 2436 con-

311 2461 387 2499 filii
405 2459 569 2505 fuerint,
600 2462 671 2513 qui
698 2463 852 2501 causam
882 2463 1051 2501 nostram
1081 2463 1351 2516 susceperant,
1383 2473 1422 2501 et
1452 2463 1578 2501 nostra
1601 2476 1699 2500 con-

310 2525 476 2564 ceffione
509 2537 672 2563 omnem
699 2528 782 2566 vim
811 2527 869 2566 sui
889 2529 991 2580 juris
1022 2528 1249 2567 amiserint:
1279 2529 1494 2581 praesertim
1524 2541 1617 2566 cum
1648 2528 1701 2566 ita

393 2592 460 2629 To
473 2602 525 2629 Μ.
559 2591 674 2629 VIII.
1351 2593 1398 2630 M
