2243 3008
531 263 636 300 AD
695 261 1127 300 ATTICUM
1196 263 1336 302 LIB.
1390 266 1504 306 VIII.
1635 280 1710 321 225

323 359 439 399 animo
471 357 592 402 habeo,
627 356 729 409 hostis
761 357 937 402 accedere,
978 367 1045 396 aut
1076 357 1114 396 in
1148 358 1276 398 itinere
1305 374 1357 399 me
1393 363 1561 415 cotfiqui,
1588 363 1705 416 peff't.

324 422 559 477 Qamobrem
581 422 759 475 placitum
792 421 837 474 est
865 423 965 468 mihi,
996 437 1040 462 ac
1070 423 1124 462 ita
1154 423 1253 462 video
1287 426 1421 479 cenfi’ri
1450 429 1637 472 Marcello,
1671 439 1705 466 ct

322 488 462 529 caeteris
486 487 596 540 nostri
610 487 756 532 ordinis,
787 488 852 540 qui
875 489 935 527 hi'c
949 489 1058 543 sunt,
1088 497 1130 527 ut
1158 489 1399 540 Brundusium
1427 491 1586 530 ducerem
1614 494 1706 531 hanc

323 554 471 607 copiam,
502 567 608 607 quam
636 566 767 591 mecum
795 553 915 592 habeo.
964 556 1032 593 Vos
1064 554 1204 599 hortor,
1234 564 1277 593 ut
1305 555 1528 610 quodcunque
1556 558 1706 596 militum

321 620 534 659 contrahere
555 618 738 672 poteritis,
768 620 1009 665 contrahatis,
1040 629 1076 658 et
1105 619 1218 658 eodem
1248 621 1405 659 veniatis
1433 623 1703 675 quamprimum.

319 687 456 730 Arma,
501 698 580 737 quae
617 683 670 723 ad
699 698 751 722 me
789 683 927 736 mgffitri
950 684 1075 729 eratis,
1118 685 1176 729 iis,
1221 686 1349 737 censeo,
1378 687 1525 725 armetis
1564 687 1702 731 milites,

320 764 404 802 quos
440 749 615 803 vobiscum
646 748 783 787 habetis
799 765 813 787 .·
843 763 923 801 quae
949 763 1055 788 arma
1072 749 1316 802 superabunt,
1346 751 1442 802 east
1466 752 1706 804 Brundusium

310 815 485 869 jumentis
512 814 756 867 deportaritis,
787 814 1012 853 vehementer
1039 815 1254 868 Respublicae
1275 817 1504 870 prqfueritis.
1548 819 1612 856 De
1637 818 1706 856 hac

320 896 360 931 re
378 881 501 920 vellem
519 880 648 932 nastros
666 879 833 918 certiores
845 881 1018 932 jactatis.
1067 882 1146 933 Ego
1175 881 1227 919 ad
1250 883 1301 921 P.
1323 883 1470 935 Lupum
1499 891 1533 921 et
1563 885 1608 921 C.
1630 884 1702 922 Co·

314 947 460 999 ponium
479 946 664 984 Praetores
691 944 777 995 mffi,
809 954 851 982 ut
866 946 910 997 st
937 945 1034 984 nobis
1062 946 1341 999 conjungerent;
1373 957 1408 986 et
1435 947 1587 987 militum
1615 949 1708 1001 quod

319 1011 503 1056 haberent,
536 1009 587 1049 ad
612 1024 677 1050 vos
703 1008 923 1048 deducerent.

368 1214 452 1253 CN.
485 1213 694 1252 MAGNUS
728 1210 919 1253 PRocos.
963 1213 1000 1252 S.
1033 1215 1088 1252 D.
1122 1215 1170 1253 L.
1204 1215 1424 1254 DOM1T10
1456 1216 1645 1255 PRocos.

315 1343 436 1418 M
438 1344 467 1382 Ι
472 1342 508 1381 R
523 1344 556 1381 O
569 1344 619 1388 R,
650 1352 686 1383 te
710 1343 827 1383 adme
845 1342 940 1382 nihil
938 1342 1115 1396 scribere,
1145 1352 1181 1382 et
1202 1343 1324 1396 potius
1350 1344 1397 1383 ab
1424 1344 1517 1389 aliis,
1547 1359 1652 1398 quam
1678 1360 1702 1382 a

439 1418 488 1453 te,
517 1408 558 1448 de
576 1410 771 1462 Republica
789 1424 842 1448 me
859 1410 1044 1447 certiorem
1047 1408 1152 1459 fieri.
1198 1411 1290 1454 Nos,
1319 1408 1462 1461 disjecta
1481 1424 1603 1454 manu,
1627 1419 1701 1462 pa·

316 1488 373 1512 res
400 1473 618 1526 adzmstriis
635 1475 694 1528 effe
713 1490 781 1514 non
793 1474 966 1529 pqfflctnus
981 1490 995 1513 :
1025 1474 1219 1513 contractis
1237 1474 1361 1527 nostris
1379 1474 1498 1527 copiis,
1515 1477 1625 1529 spero
1643 1489 1703 1514 nos

315 1548 351 1578 et
387 1538 604 1591 Respublaeae
632 1548 667 1577 et
695 1539 870 1579 communi
886 1539 1010 1592 saluti
1034 1538 1201 1591 prodeffi.
1250 1539 1484 1590 Qamobrem
1511 1555 1590 1579 cum
1617 1555 1701 1579 con-

303 1604 485 1658 stitu-sses,
527 1613 570 1642 ut
600 1605 772 1644 Vibullius
798 1605 888 1644 mihi
898 1605 1100 1658 scripserat
1128 1619 1166 1643 a.
1195 1603 1231 1643 α’.
1265 1619 1290 1641 ν
1313 1605 1371 1644 Id.
1401 1605 1514 1645 Febr.
1549 1607 1703 1658 Corfinio

309 1669 487 1725 prqficg'sci
511 1684 590 1709 cum
617 1671 789 1716 exercitu,
822 1680 858 1709 et
886 1669 937 1708 ad
959 1684 1012 1708 me
1039 1670 1163 1708 venire
1176 1688 1189 1715 ς
1230 1671 1342 1709 miror
1370 1670 1458 1724 quid
1479 1673 1594 1725 causae
1605 1673 1701 1724 fue·

314 1736 383 1780 rit,
413 1750 525 1789 quare
547 1736 720 1788 consillum
748 1737 915 1775 mutaris.
962 1737 1062 1774 Nam
1092 1735 1153 1774 illa
1178 1738 1296 1790 causa,
1328 1751 1433 1789 quam
1460 1735 1549 1775 mihi
1575 1737 1702 1776 Vibul-

313 1802 382 1840 lius
395 1801 545 1855 stribit,
575 1802 664 1841 levis
683 1801 740 1855 est,
771 1811 807 1841 te
817 1809 1013 1854 propterea
1033 1809 1210 1840 moratum
1229 1801 1301 1855 effe,
1332 1801 1427 1855 quod
1439 1801 1594 1841 audieris
1615 1804 1701 1842 Cae-

298 1869 425 1919 sarem
453 1867 578 1906 Firmo
599 1867 820 1921 progrestum
847 1867 884 1906 in
915 1866 1080 1919 Ctfirum
1108 1863 1347 1905 Truentinum
1376 1867 1462 1905 veni
1483 1881 1512 1905 e.
1558 1869 1702 1920 Qanto

312 1933 403 1972 enim
422 1933 536 1986 magis
563 1934 851 1987 appropinquare
877 1931 1109 1986 adversarius
1137 1933 1257 1985 ccepit,
1286 1947 1321 1972 eo
1340 1932 1411 1971 tibi
1425 1932 1570 1971 celerius
1587 1947 1700 1986 agen-

311 1997 394 2037 dum
423 2007 518 2044 erat,
549 2009 591 2037 ut
620 2008 656 2037 te
682 2013 813 2038 mecum
841 1998 1066 2051 conjungeres
1086 1998 1208 2051 prius,
1239 2012 1344 2051 quam
1371 1999 1496 2050 Caestzr
1514 2007 1580 2037 aut
1600 2008 1702 2038 tuum

312 2064 384 2103 iter
410 2063 588 2117 impedire,
618 2074 684 2103 aut
713 2079 765 2103 me
792 2064 856 2103 abs
883 2074 920 2103 te
946 2063 1140 2108 excludere,
1163 2063 1287 2117 pfft.
1331 2063 1566 2115 Qamobrem
1594 2065 1701 2103 etiam

312 2139 348 2168 et
378 2130 485 2169 etiam
513 2139 549 2169 te
579 2145 663 2184 rogo
690 2139 726 2169 et
753 2130 893 2176 hortor,
923 2129 964 2169 id
986 2129 1080 2183 quod
1102 2143 1170 2168 non
1197 2129 1314 2182 destiti
1322 2129 1571 2182 superioribus
1587 2129 1701 2168 literis

312 2209 336 2234 a
363 2205 399 2234 te
418 2205 556 2249 petere,
592 2207 635 2235 ut
655 2196 775 2249 primo
804 2211 936 2250 quoque
962 2195 1016 2234 die
1043 2195 1239 2235 Luceriam
1266 2195 1467 2238 advenires,
1511 2202 1700 2247 antequam

314 2261 434 2313 copiae,
464 2275 552 2314 quas
580 2261 733 2314 instituit
763 2263 889 2316 Caesar
917 2262 1141 2306 contrahere,
1172 2261 1210 2299 in
1239 2274 1346 2298 unum
1365 2260 1475 2298 locum
1493 2261 1621 2297 coaclae
1639 2274 1700 2298 nos

312 2340 336 2363 a
364 2325 459 2364 nobis
486 2326 703 2377 dssrahant.
753 2327 824 2366 Sed
832 2328 876 2378 fi
899 2336 1021 2371 erunt,
1054 2326 1118 2379 qui
1143 2335 1178 2364 te
1205 2324 1412 2378 impediant,
1443 2334 1485 2363 ut
1514 2324 1594 2362 illas
1606 2326 1700 2377 filas

301 2392 471 2444 firvent,
500 2405 639 2443 aequum
657 2392 702 2445 est
729 2407 781 2432 me
799 2408 822 2431 a
842 2404 878 2432 te
905 2394 1112 2445 impetrare,
1144 2400 1186 2430 ut
1204 2391 1374 2435 cohortes,
1408 2404 1487 2443 quae
1507 2405 1548 2428 ex
1570 2391 1700 2429 Piceno

315 2465 349 2494 et
371 2456 557 2494 Camerino
577 2467 768 2504 venerunt,
798 2473 877 2511 quae
880 2459 1063 2511 fortunas
1073 2459 1166 2510 ficas
1198 2458 1433 2510 reliquerunt,
1463 2455 1514 2494 ad
1536 2470 1588 2493 me
1615 2456 1697 2508 mss-

300 2523 386 2574 sum
400 2519 540 2573 facias.

398 2588 472 2624 To
490 2599 540 2624 M.
574 2586 689 2625 VIII.
1326 2587 1355 2623 F
1387 2584 1409 2622 f
