2243 3008
475 258 524 296 26
820 256 1504 296 EPISTOLARUM

475 356 650 409 primum
673 356 772 394 illud
792 355 902 393 valde
927 356 1096 407 graviter
1122 355 1312 400 tulerunt,
1344 355 1640 408 promulgatum
1670 370 1719 395 ex
1748 357 1858 396 sena-

476 420 746 459 tus-consulto
766 420 891 465 fuiffe,
923 430 968 458 ut
987 421 1033 457 de
1055 421 1117 465 iis,
1148 420 1217 472 qui
1247 419 1298 458 ob
1321 420 1583 472 judicandum
1610 422 1857 474 accepissent,

475 497 724 539 quaereretur.
757 487 846 538 Qa
866 486 906 523 in
927 499 967 523 re
987 485 1227 523 decernenda
1246 498 1339 523 cum
1360 499 1432 538 ego
1448 486 1534 524 casu
1556 500 1634 525 non
1651 487 1856 532 affuiffem,

477 551 743 604 sensissemque
762 551 802 589 id
822 550 1037 602 equestrem
1058 550 1236 588 ordinem
1257 549 1356 588 ferre
1377 551 1550 596 moleste,
1582 565 1708 605 neque
1728 562 1857 605 aperte

477 616 631 662 dicere3
664 617 867 669 objurgavi
900 617 1099 660 Senatum,
1131 625 1175 653 ut
1204 615 1305 653 mihi
1331 614 1434 654 visus
1461 616 1560 661 sum,
1592 617 1744 656 summa
1763 631 1857 655 cum

476 683 729 726 auftoritate5
771 691 811 719 et
840 681 879 718 in
912 681 1023 718 causa
1055 693 1133 718 non
1166 680 1381 718 verecunda
1410 681 1625 720 admodum
1658 682 1786 734 gravis
1819 691 1859 720 et

476 746 656 798 copiosus
681 745 755 784 fui.
801 747 905 783 Ecce
933 745 1017 783 aliae
1046 745 1195 782 deliciae
1226 746 1422 798 Equitum
1452 746 1519 784 vix
1550 745 1732 791 ferendae,
1762 759 1858 799 quas

458 823 550 863 ego
571 824 647 849 non
676 811 802 848 solum
834 811 923 856 tuli,
955 810 1019 848 sed
1048 811 1167 848 etiam
1195 811 1343 849 ornavi.
1390 810 1536 856 Afiani,
1568 812 1637 863 qui
1668 811 1716 849 de
1748 812 1857 849 Cen-

477 875 627 914 soribus
648 875 929 921 conduxerant,
959 875 1083 927 questi
1105 874 1193 913 sunt
1213 875 1253 912 in
1276 876 1432 920 Senatu,
1455 875 1506 921 se,
1528 876 1744 928 cupiditate
1764 889 1857 928 pro-

478 940 616 993 lapsos,
657 941 828 978 nimium
862 953 1006 992 magno
1039 939 1290 978 conduxisse:
1335 949 1380 978 ut
1413 940 1664 978 induceretur
1697 941 1858 986 locatio,

475 1005 780 1059 postulaverunt.
813 1006 901 1058 Ego
920 1006 1102 1057 princeps
1123 1005 1165 1042 in
1184 1005 1446 1057 adjutoribuS,
1468 1014 1584 1057 atque
1603 1005 1698 1044 adeo
1718 1005 1858 1045 secun-

476 1070 549 1108 dus
568 1085 577 1109 ε
624 1083 714 1108 nam
735 1079 779 1108 ut
798 1070 859 1107 illi
880 1069 1064 1108 auderent
1084 1068 1161 1108 hoc
1182 1069 1388 1123 postulare,
1420 1071 1572 1109 Crassus
1592 1084 1657 1110 eos
1677 1072 1856 1124 impulit.

477 1135 672 1174 Invidiosa
691 1149 764 1180 res,
795 1135 920 1188 turpis
941 1134 1165 1187 postulatio,
1195 1144 1234 1173 et
1253 1134 1439 1173 confeflio
1460 1136 1704 1175 temeritatis.
1739 1137 1860 1175 Sum-

477 1213 588 1238 mum
617 1210 697 1238 erat
722 1199 959 1252 periculum,
990 1213 1053 1244 ne,
1085 1199 1111 1237 fi
1141 1198 1242 1237 nihil
1270 1199 1549 1252 impetrassent,
1579 1201 1694 1253 plane
1713 1201 1859 1239 aliena-

478 1275 610 1303 rentur
630 1278 650 1302 a
676 1265 832 1303 Senatu.
877 1265 987 1303 Huic
1015 1277 1172 1317 quoque
1207 1264 1262 1302 rei
1294 1264 1528 1303 subventum
1558 1265 1611 1303 est
1638 1267 1809 1305 maxime
1837 1280 1859 1305 a

476 1330 616 1375 nobis;
648 1329 957 1382 perfeetumque,
989 1340 1032 1368 ut
1052 1329 1363 1382 frequentiffimo
1383 1331 1524 1369 Senatu
1543 1341 1582 1369 et
1602 1331 1860 1371 libentiffimo

476 1404 693 1440 uterentur,
723 1396 979 1448 multaque.a
1007 1409 1070 1434 me
1099 1396 1146 1433 de
1175 1396 1358 1434 ordinum
1381 1396 1571 1449 dignitate
1591 1407 1629 1435 et
1650 1397 1861 1436 concordia

476 1460 578 1500 dista
597 1461 685 1499 sunt
706 1462 795 1499 Kal.
820 1461 1013 1500 Decemb.
1036 1471 1075 1499 et
1094 1461 1292 1514 postridie.
1339 1463 1482 1514 Neque
1511 1461 1640 1501 adhuc
1671 1477 1728 1501 res
1758 1477 1857 1501 con-

476 1526 661 1572 fe6ta‚est‚
692 1527 755 1564 sed
782 1528 961 1565 voluntas
992 1529 1152 1565 Senatus
1182 1527 1403 1580 perspecta:
1436 1541 1537 1566 unus
1566 1529 1674 1567 enim
1700 1539 1857 1567 contra-

474 1592 625 1630 dixerat
655 1592 845 1631 Metellus
877 1580 1024 1631 Con-sul
1056 1592 1288 1644 designatus.
1335 1593 1445 1643 Qin
1475 1602 1555 1630 erat
1587 1593 1760 1632 dicturus
1793 1594 1862 1646 (ad

475 1670 594 1710 quem
615 1667 786 1710 propter.
804 1658 880 1696 diei
911 1658 1140 1695 brevitatem
1169 1667 1402 1709 perventum
1434 1671 1513 1695 non
1543 1658 1615 1708 est)
1646 1657 1760 1697 heros
1791 1660 1859 1698 ille

476 1721 600 1760 noster
621 1723 735 1760 Cato.
765 1723 827 1759 Sic
843 1735 916 1773 ego
931 1722 1158 1759 conservans
1175 1722 1365 1760 rationem
1383 1722 1750 1776 institutionemque
1765 1725 1856 1763 nos-

471 1796 588 1832 tram,
608 1796 731 1831 tueor,
750 1796 792 1824 ut
813 1786 980 1838 polium,
999 1787 1108 1825 illam
1130 1799 1149 1824 a
1171 1800 1234 1824 me
1253 1787 1566 1839 conglutinatam
1588 1789 1854 1829 concordiam.

475 1852 547 1889 Sed
569 1861 712 1895 tamen,
745 1853 931 1904 quoniam
953 1852 1021 1889 ista
1041 1851 1129 1890 sunt
1151 1851 1320 1897 infirma,
1343 1852 1523 1890 munitur
1543 1853 1720 1905 quaedam
1743 1855 1856 1893 nobis

474 1917 521 1954 ad
542 1915 758 1954 retinendas
780 1930 870 1968 opes
894 1917 1035 1955 nostras
1058 1926 1156 1962 tuta,
1187 1926 1231 1955 ut
1252 1917 1377 1970 spero,
1398 1918 1473 1962 via,
1496 1931 1615 1970 quam
1638 1919 1711 1957 tibi
1733 1919 1856 1958 literis

475 1982 563 2020 satis
584 1982 777 2034 explicare
803 1996 878 2020 non
911 1983 1090 2035 poffum;
1123 1982 1404 2035 significatione
1430 1997 1546 2036 parva
1569 1983 1767 2023 ostendam
1798 1995 1856 2024 ta—

474 2059 592 2085 men:
626 2057 714 2085 utor
750 2048 937 2100 Pompeio
967 2047 1275 2088 familiariffime.
1321 2048 1448 2087 Video
1480 2049 1576 2100 quid
1610 2049 1730 2089 dicas.
1777 2052 1855 2090 Ca-

475 2113 588 2157 vcbo,
619 2125 704 2165 qua:
732 2113 818 2151 sunt
848 2114 1042 2152 cavenda:
1074 2127 1117 2152 ac
1147 2113 1311 2152 scribam
1336 2114 1428 2152 alias
1449 2114 1494 2152 ad
1516 2124 1553 2153 te
1573 2114 1620 2153 de
1641 2117 1737 2154 meis
1758 2130 1856 2154 con-

476 2176 566 2215 siliis
588 2177 818 2230 capessendae
839 2179 1086 2231 Reipublicae
1112 2179 1237 2233 plura.
1284 2180 1502 2218 Lucceium
1535 2179 1631 2218 scito
1661 2181 1855 2220 Consula-

476 2253 561 2280 tum
594 2242 732 2281 habcrc
765 2244 803 2281 in
839 2245 969 2281 animo
1001 2244 1127 2282 statim
1160 2254 1317 2297 petere:
1357 2245 1436 2283 duo
1465 2246 1571 2283 enim
1609 2245 1678 2284 soli
1711 2246 1855 2285 dicun-

475 2318 539 2346 tur
561 2310 733 2360 pctituri.
781 2309 904 2347 Caesar
934 2324 1026 2348 cum
1056 2324 1101 2348 eo
1122 2311 1226 2348 coire
1248 2325 1313 2364 per
1336 2312 1496 2350 Arrium
1517 2313 1692 2364 cogitat:
1725 2324 1763 2350 et
1787 2315 1855 2352 Bi·-

476 2373 591 2410 bulus
613 2387 703 2411 cum
727 2373 800 2411 hoc
823 2374 857 2411 sc
880 2386 989 2426 putat
1018 2389 1084 2429 per
1111 2378 1160 2414 C.
1187 2376 1367 2414 Pisonem
1396 2376 1497 2429 posse
1526 2378 1731 2429 conjungi.
1780 2379 1855 2417 Ri-

474 2439 540 2476 des
561 2440 572 2475 ?
606 2452 681 2476 non
707 2440 791 2477 sunt
815 2439 894 2477 hmc
918 2441 1095 2485 ridicula,
1127 2441 1227 2480 mihi
1249 2441 1373 2481 crede.
1419 2442 1529 2494 Qid
1562 2443 1667 2481 aliud
1690 2443 1857 2482 scribam

472 2504 519 2543 ad
541 2506 605 2544 te?
628 2505 753 2559 quid?
777 2505 900 2544 multa
920 2507 1031 2546 sunt:
1059 2508 1120 2546 scd
1141 2508 1183 2547 in
1202 2508 1308 2547 aliud
1330 2518 1500 2562 tempus.
1533 2510 1594 2548 Tc
1615 2510 1641 2548 si
1661 2511 1856 2564 expectari
