2243 3008
483 239 567 289 460
835 237 1525 278 EPISTOLARUM

821 472 1062 510 CICERO
1106 472 1362 510 Αττῐςο
1406 473 1539 513 SAL.

493 601 588 642 VII.
614 599 889 672 OCTAVO
916 599 979 638 Id.
1001 601 1107 638 Sext.
1131 613 1223 638 cum
1244 612 1265 636 a
1285 599 1531 652 Leucopetra
1549 601 1746 654 proselitus
1770 601 1889 655 <inde

717 668 824 705 enim
846 666 1131 716 tramittebam)
1163 665 1279 703 stadia
1308 666 1466 704 circiter
1497 679 1579 706 ccc
1608 667 1880 720 proceffiss‘em,

493 735 656 786 rejectus
688 733 773 771 sum
793 731 920 769 austro
940 730 1164 769 vehementi
1197 730 1244 768 ad
1275 731 1439 770 eandem
1471 732 1774 785 Leucopetram.
1820 733 1885 770 Ibi·

464 804 468 807 ’
493 812 586 836 cum
606 805 769 836 ventum
788 798 1032 849 expectarem
1056 797 1153 847 (erat
1174 795 1280 833 enim
1302 795 1398 833 villa
1417 796 1564 834 Valerii
1585 795 1719 841 nostri,
1751 804 1796 834 ut
1822 795 1883 833 fa-

493 863 700 902 miliariter
728 862 844 901 effem
872 871 911 900 et
942 860 1129 911 libenter)
1154 860 1330 913 Rhegini
1351 861 1528 914 quidam,
1560 861 1728 900 illustres
1748 859 1885 900 homi-

494 943 578 975 nes,
613 943 659 967 eo
693 937 901 974 venerunt,
935 928 1066 966 Roma
1099 926 1185 966 sane
1220 937 1421 972 recentes;
1460 928 1500 965 in
1536 927 1584 966 iis
1620 929 1733 966 Bruti
1766 926 1887 966 nostri

493 994 648 1048 hospes,
670 995 741 1047 qui
761 995 932 1033 Brutum
953 992 1125 1046 Neapoli
1145 992 1373 1045 reliquisset.
1406 993 1506 1031 Haec
1526 992 1753 1038 afferebant,
1775 992 1887 1031 edic-

494 1072 583 1101 tum
616 1061 729 1100 Bruti
758 1069 798 1099 et
830 1059 975 1104 Caffii;
1007 1067 1046 1097 et
1075 1057 1160 1096 fore
1186 1057 1437 1111 frequentem
1459 1059 1646 1097 Senatum
1667 1058 1855 1097 Kalendis
1870 1077 1888 1104 ‚-

494 1143 514 1167 a
535 1130 659 1168 Bruto
678 1136 717 1166 et
739 1126 865 1165 Caffio
885 1126 1016 1164 literas
1037 1124 1165 1163 miffas
1185 1124 1236 1162 ad
1254 1124 1488 1163 Consulares
1508 1134 1548 1163 et
1574 1125 1781 1164 Praetorios
1798 1143 1810 1170 ;
1842 1133 1888 1163 ut

494 1195 677 1240 adessent,
709 1206 858 1246 rogare.
905 1193 1109 1230 Summam
1141 1190 1250 1244 spem
1277 1190 1528 1237 nuntiabant,
1559 1190 1658 1237 fore,
1691 1200 1735 1230 ut
1754 1192 1886 1229 Anto-

495 1262 584 1300 nius
605 1261 775 1306 cederet,
807 1272 866 1297 res
888 1258 1131 1302 conveniret,
1163 1256 1282 1295 nostri
1313 1257 1487 1296 Romam
1518 1257 1703 1296 redirent.
1749 1256 1887 1295 Adde-

497 1329 591 1366 bant
617 1328 755 1373 etiam,
782 1339 846 1364 me
876 1324 1093 1370 defiderari,
1125 1323 1382 1362 subaccusari.
1429 1324 1528 1375 Qae
1558 1337 1653 1362 cum
1684 1322 1886 1368 audifl'em,

497 1394 574 1432 fine
606 1393 687 1431 ulla
717 1391 963 1430 dubitatione
994 1389 1119 1440 abjeci
1151 1388 1360 1427 confilium
1384 1388 1668 1441 profe&i01]is;
1700 1402 1780 1441 quo
1800 1401 1887 1426 me-

497 1459 656 1498 hercule
678 1472 725 1496 ne
746 1467 857 1495 antea
882 1455 1045 1509 quidem
1072 1454 1301 1493 delectabar.
1350 1455 1480 1492 Lectis
1512 1468 1604 1492 vero
1636 1455 1713 1492 tuis
1746 1455 1886 1500 literis,

498 1526 710 1564 admiratus
731 1521 916 1575 equidem
937 1520 1037 1564 sum,
1070 1529 1107 1556 te
1138 1528 1217 1557 tam
1239 1518 1492 1557 vehementer
1521 1519 1752 1557 sententiam
1773 1532 1888 1558 com-

499 1590 686 1635 mutasse5
719 1588 783 1627 sed
815 1600 893 1625 non
926 1586 1004 1624 fine
1035 1585 1162 1630 causa,
1191 1585 1419 1623 arbitrabar.
1466 1585 1564 1630 Etfi,
1596 1585 1776 1638 quamvis
1809 1598 1889 1624 non

498 1657 618 1697 fueris
651 1654 777 1694 suasor
806 1663 846 1692 et
877 1651 1068 1705 impulsor
1099 1650 1356 1704 profectionis
1388 1663 1498 1696 meae,
1530 1652 1766 1704 approbator
1785 1659 1893 1689 certe

500 1723 622 1767 suisti,
654 1719 872 1760 dummodo
894 1718 983 1757 Kal.
1007 1718 1096 1769 Jan.
1121 1717 1260 1755 Romae
1280 1716 1411 1755 essem.
1459 1717 1519 1754 Ita
1540 1717 1670 1762 fiebat,
1703 1727 1761 1762 ut,
1793 1716 1891 1755 dum

497 1790 631 1827 minus
657 1786 823 1841 periculi
853 1784 1063 1829 videretur,
1095 1783 1288 1827 abeffem3
1323 1783 1362 1820 in
1393 1781 1592 1821 flammam
1623 1783 1746 1837 ipsam
1776 1782 1889 1820 veni-

500 1869 596 1893 rem.
644 1853 716 1892 Sed
737 1852 834 1897 haec,
866 1852 984 1890 etiam
1006 1850 1031 1888 fi
1054 1862 1132 1887 non
1154 1849 1380 1902 prudenter,
1413 1857 1542 1886 tamen
1564 1846 1750 1896 ἀνεμέσητα.
1771 1847 1859 1886 sunt
1877 1866 1889 1892 ;

500 1922 690 1973 primum,
722 1918 830 1971 quod
850 1918 896 1955 de
918 1930 1002 1955 mea
1024 1916 1212 1954 sententia
1232 1916 1312 1952 afta
1333 1914 1447 1959 sunt;
1480 1914 1634 1959 deinde,
1665 1913 1784 1951 etiam
1805 1913 1828 1951 sn
1853 1923 1893 1951 te

500 1988 669 2030 auctore,
691 1983 788 2036 quid
808 1978 939 2027 debet,
961 1983 1030 2033 qui
1051 1981 1260 2019 confilium
1280 1980 1360 2024 dat,
1387 1979 1559 2032 praestare
1580 1988 1717 2032 praetcr
1737 1979 1856 2017 fidem
1876 1980 1890 2016 ?

504 2051 609 2090 Illud
631 2048 811 2088 admirari
834 2048 920 2086 satis
943 2060 1020 2084 non
1044 2046 1171 2098 potui,
1203 2045 1309 2097 quod
1332 2044 1509 2097 scripsisti
1531 2044 1592 2082 his
1613 2044 1741 2082 verbis
1761 2060 1770 2082 z
1805 2044 1898 2082 Veni

502 2116 619 2170 igitur
639 2125 694 2160 tu,
716 2114 777 2167 qui
796 2109 1002 2155 efflumeim,
1025 2111 1111 2149 veni
1122 2127 1135 2149 .·
1166 2110 1339 2163 relinques
1354 2110 1520 2162 patriam
1538 2110 1558 2147 ?
1591 2111 1652 2147 An
1674 2123 1747 2162 ego
1769 2110 1892 2148 relin-

503 2184 687 2235 quebam,
718 2190 784 2218 aut
817 2179 890 2217 tibi
922 2188 1007 2216 tum
1030 2178 1249 2230 relinquere
1271 2176 1459 2214 videbar?
1492 2178 1557 2214 Tu
1592 2176 1631 2213 id
1664 2190 1740 2213 non
1772 2176 1896 2214 modo

505 2264 581 2287 non
605 2247 855 2301 prohibebas,
887 2258 1023 2283 verum
1044 2245 1161 2282 ctiam
1183 2243 1438 2295 approbabas.
1487 2242 1690 2286 Graviora,
1722 2255 1808 2293 quae
1831 2255 1891 2280 re-

505 2316 616 2352 stant.
652 2313 761 2351 Velim
787 2310 922 2355 σχόλιον
940 2309 1085 2362 aliquod
1100 2309 1212 2347 cliuus
1233 2307 1283 2346 ad
1298 2322 1363 2350 mc.
1395 2306 1579 2359 oportujls'i·
1599 2316 1634 2344 tc
1653 2306 1892 2359 ssucsisccrc.

506 2382 628 2424 Itane,
662 2380 717 2416 mi
753 2378 901 2421 Attice,
938 2375 1159 2413 defensione
1193 2384 1280 2427 eget
1316 2388 1448 2412 mcum
1486 2373 1648 2417 factum,
1682 2373 1894 2425 praescrtim

505 2445 607 2498 apud
630 2454 680 2488 tc,
713 2444 780 2496 qui
814 2442 851 2479 id
882 2441 1112 2479 mirabiliter
1134 2439 1383 2493 approbasti?
1419 2440 1503 2491 ligo
1538 2453 1630 2476 vero
1660 2438 1774 2476 istum
1805 2442 1892 2475 >en-

505 2507 665 2558 λιγισμδν
696 2505 912 2555 συνταὲξεμτα,
943 2507 1004 2546 scd
1038 2507 1082 2544 ad
1115 2520 1251 2545 corum
1287 2506 1474 2558 aliquem,
1506 2505 1651 2558 quibus
1688 2504 1821 2542 invitis
1855 2513 1898 2543 ct
