2243 3008
517 142 593 195 360
861 138 1547 178 EPISTOLARUM

514 239 621 293 quod
642 239 687 277 ad
709 247 746 276 te
768 237 957 276 scribam:
990 238 1046 276 fin
1067 238 1214 283 minus,
1247 237 1411 276 scribam
1435 246 1563 275 tamen
1585 236 1758 290 aliquid:
1791 250 1896 286 nun·
1932 240 1936 243 ’

514 318 632 357 quam
653 304 760 342 enim
781 302 917 341 deerit.

845 503 1086 540 C1CERO
1128 502 1384 538 ATTlco
1428 501 1556 539 SAL.

516 633 572 670 11.
600 630 675 703 G
691 631 727 669 R
741 631 823 668 AT
839 630 856 668 1
873 630 908 667 O
925 629 962 666 R
992 627 1094 665 mihi
1125 627 1299 666 celeritas
1334 636 1413 670 tua,
1444 640 1563 678 quam
1584 627 1665 681 ipsa
1684 640 1741 666 res
1760 642 1769 666 :
1801 627 1899 680 quid

538 692 540 694 ’
706 696 813 733 enim
834 693 1036 745 indignius
1055 693 1068 729 ?
1100 691 1163 729 sed
1182 693 1265 743 jam
1286 691 1332 728 ad
1353 691 1422 728 ista
1445 691 1722 736 obduruimus,
1752 701 1791 730 et
1819 691 1898 730 hu-

516 762 745 799 manitatem
766 772 927 797 omnem
947 757 1144 795 exuimus.
1187 758 1295 794 Tuas
1325 756 1454 794 literas
1484 756 1602 794 hodie
1631 756 1899 809 expectabam,

516 826 619 865 nihil
639 824 823 876 equidem
845 832 888 861 ut
909 836 956 860 ex
977 823 1024 860 iis
1046 822 1137 860 novi
1156 836 1164 859 :
1197 821 1294 873 quid
1326 821 1434 859 enim
1453 822 1465 858 ?
1497 831 1765 860 veruntamen.
1811 823 1901 874 Op-

516 891 583 943 pio
604 899 642 927 et
663 888 786 926 Balbo
805 887 983 940 epistolas
1004 885 1146 923 deferri
1160 885 1337 937 jubebis,
1365 894 1404 923 et
1426 894 1554 923 tamen
1577 885 1758 924 Pisonem
1779 885 1903 924 ficubi

516 956 564 993 de
584 967 690 993 auro.
733 952 920 991 Faberius
941 951 968 989 fi
989 952 1152 996 venerit,
1183 950 1333 988 videbis
1355 960 1399 988 ut
1420 959 1572 989 tantum
1594 951 1844 996 attribuatur,
1875 950 1903 989 s1

515 1020 636 1059 modo
656 1017 907 1062 attribuetur,
932 1025 1127 1069 quantum
1148 1015 1339 1054 debetur:
1362 1015 1529 1068 accipies
1550 1015 1598 1054 ab
1619 1017 1753 1055 Erote.
1786 1015 1902 1053 Aria-

517 1084 645 1123 rathes
667 1082 944 1121 Ariobarzanis
964 1081 1071 1119 filius
1093 1081 1265 1119 Romam
1284 1080 1406 1119 venit.
1439 1081 1553 1126 Vult,
1575 1081 1716 1133 opinor
1736 1094 1902 1133 regnum

515 1147 677 1201 aliquod
695 1159 824 1185 emere
844 1159 865 1184 a
885 1145 1055 1184 Caesare:
1088 1158 1194 1190 nam,
1216 1158 1296 1198 quo
1316 1144 1436 1183 modo
1455 1158 1562 1183 nunc
1582 1144 1650 1190 est,
1671 1145 1811 1198 pedem
1833 1144 1903 1183 ubi

516 1223 637 1266 ponat
654 1214 698 1251 in
719 1212 787 1250 suo
808 1225 886 1250 non
908 1210 1040 1249 habet.
1075 1211 1255 1249 Omnino
1274 1224 1367 1249 eum
1388 1211 1543 1249 Sextius
1566 1210 1690 1249 noster
1707 1209 1903 1263 parochus

516 1279 703 1332 publicus
723 1277 931 1330 occupavit
947 1295 958 1321 ;
990 1275 1097 1328 quod
1118 1276 1279 1328 quidem
1298 1275 1414 1314 facile
1434 1276 1574 1328 patior.
1616 1276 1902 1321 Veruntamen,

516 1343 626 1396 quod
646 1341 763 1386 mihi,
793 1341 950 1380 summo
970 1340 1163 1378 beneficio
1182 1354 1286 1385 meo,
1313 1353 1454 1392 magna
1473 1353 1566 1378 cum
1586 1338 1772 1378 fratribus
1794 1340 1902 1378 illius

517 1406 755 1447 neceffitudo
774 1405 842 1451 est,
872 1405 999 1443 invito
1018 1418 1110 1443 eum
1130 1418 1199 1457 per
1219 1405 1364 1450 literas,
1396 1414 1440 1442 ut
1460 1404 1562 1456 apud
1591 1417 1654 1442 me
1675 1404 1902 1444 diversetur.

516 1472 582 1512 Ad
611 1485 696 1510 eam
726 1484 809 1509 rem
837 1484 931 1508 cum
957 1469 1158 1507 mitterem
1184 1469 1470 1513 Alexandrum,
1501 1468 1569 1506 has
1591 1469 1626 1505 ei
1647 1468 1736 1506 dedi
1757 1468 1903 1508 literas.

519 1539 614 1577 Cras
635 1537 758 1588 igitur
777 1535 905 1573 austio
926 1533 1110 1572 Peducei.
1157 1534 1262 1572 Cum
1290 1533 1437 1586 poteris
1466 1545 1587 1584 ergo,
1618 1532 1684 1570 etfi
1715 1533 1905 1586 impediet

517 1602 671 1642 fortaffe
692 1600 907 1640 Faberius:
940 1599 1003 1637 sed
1034 1608 1179 1644 tamen,
1210 1612 1304 1637 cum
1335 1598 1487 1636 licebit.
1534 1598 1745 1649 Dionysius
1778 1599 1904 1638 noster

517 1668 685 1721 graviter
716 1666 909 1719 queritur,
939 1674 979 1703 et
1011 1673 1140 1703 tamen
1167 1666 1271 1717 jure,
1302 1678 1323 1702 a
1354 1664 1556 1716 discipulis
1580 1663 1702 1702 abesse
1723 1665 1900 1704 tamdiu:

518 1734 656 1772 multis
678 1731 806 1771 verbis
828 1731 976 1784 scripsit
997 1730 1042 1767 ad
1064 1744 1141 1776 me,
1172 1730 1289 1769 credo
1309 1731 1406 1768 item
1433 1729 1480 1767 ad
1504 1739 1556 1768 te.
1602 1728 1712 1767 Mihi
1741 1730 1903 1782 quidem

517 1799 673 1838 videtur
692 1798 810 1836 etiam
831 1797 981 1836 diutius
1002 1795 1209 1835 abfuturus
1228 1811 1238 1836 :
1270 1809 1312 1835 ac
1343 1795 1520 1842 nollem;
1552 1795 1662 1834 valde
1689 1795 1797 1834 enim
1826 1794 1901 1833 ho-

518 1864 670 1904 minem
692 1861 875 1900 desidero.

850 2061 1092 2100 C1cnno
1136 2061 1390 2098 ATT1co
1434 2061 1563 2099 SAL.

523 2192 598 2230 111.
624 2187 703 2260 A
725 2189 763 2227 T
779 2190 811 2227 E
843 2188 972 2227 literas
1004 2188 1284 2241 expectabam;
1318 2189 1494 2226 nondum
1518 2188 1663 2227 scilicet
1683 2203 1691 2226 :
1727 2202 1813 2227 nam
1837 2188 1903 2227 has

734 2267 846 2291 manc
869 2253 1140 2292 rescribebam.
1185 2254 1271 2305 Ego
1298 2267 1386 2291 vero
1417 2253 1483 2291 ista
1514 2254 1672 2291 nomina
1694 2253 1742 2291 lic
1765 2254 1903 2306 probo,

522 2330 566 2360 ut
587 2319 686 2358 nihil
709 2318 814 2356 aliud
838 2332 898 2356 mc
920 2328 1088 2363 moveat,
1121 2318 1190 2356 nisi
1212 2318 1317 2370 quod
1340 2328 1381 2356 tu
1404 2319 1544 2357 videris
1567 2318 1770 2357 dubit-ire:
1805 2319 1904 2357 illud

519 2386 627 2424 enim
649 2397 727 2423 non
747 2383 900 2435 accipio
921 2383 961 2421 in
984 2383 1125 2421 bonam
1147 2393 1312 2435 partem,
1334 2383 1440 2435 quod
1461 2384 1507 2421 ad
1529 2396 1589 2421 mc
1612 2382 1726 2421 rcscrs
1745 2402 1756 2428 ς
1789 2385 1856 2436 qui
1879 2383 1903 2422 li
