2243 3008
576 261 682 299 AD
742 259 1506 305 ATTICUML1B.X1.
1664 283 1736 321 313

346 357 507 411 poteris,
538 357 747 411 expedias;
780 367 818 397 et
853 358 955 418 mihi
986 360 1283 414 quamprimum
1317 361 1364 399 de
1395 363 1582 401 omnibus
1619 366 1731 403 rebus

348 424 504 464 scribas.
537 424 649 465 Vale.
682 426 762 465 XII
785 426 874 465 Kal.
899 427 1042 478 Qint.
1523 431 1526 435 ’

680 627 922 664 C1CERO
964 627 1218 665 ATT1co
1261 628 1391 666 SAL.

342 750 457 791 XIX.
484 751 550 825 C
569 754 670 792 UM
702 754 778 792 tuis
806 753 894 792 dare
921 753 1067 807 poffem
1093 754 1239 800 literas,
1272 769 1349 794 non
1377 756 1631 809 praetermisi;
1663 757 1731 796 etsi

582 818 679 872 quid
700 818 923 864 scriberem,
955 833 1034 857 non
1055 818 1264 859 habebam.
1303 822 1368 860 Tu
1390 821 1437 859 ad
1458 835 1528 859 nos
1549 831 1588 860 et
1609 823 1728 860 rarius

341 883 477 923 scribis
517 894 636 937 quam
671 884 834 930 solebas,
876 894 916 923 et
950 885 1134 931 brevius,
1180 886 1297 924 credo
1330 888 1422 939 quia
1458 887 1558 925 nihil
1594 887 1727 932 habes,

340 949 447 1001 quod
468 964 531 988 me
552 960 664 1003 putes
690 950 859 988 libenter
888 950 1014 1002 legere
1043 959 1110 989 aut
1138 951 1271 989 audire
1299 952 1417 1004 poffe.
1461 953 1730 991 Veruntamen

339 1015 474 1061 velim,
494 1016 519 1054 fi
541 1015 639 1068 quid
658 1016 746 1061 erit,
765 1016 1037 1068 qualecunque
1058 1017 1146 1062 erit,
1169 1017 1325 1056 scribas.
1361 1018 1429 1056 Est
1449 1027 1580 1056 autem
1603 1033 1727 1056 unum

339 1081 446 1132 quod
477 1080 578 1119 mihi
609 1081 654 1119 fit
687 1081 921 1134 optandum,
953 1081 979 1119 s1
1014 1081 1111 1133 quid
1145 1083 1207 1134 agi
1240 1082 1288 1120 de
1322 1097 1415 1136 pace
1449 1083 1589 1136 poffit;
1622 1085 1729 1136 quod

339 1145 449 1183 nulla
467 1146 651 1198 equidem
671 1145 797 1184 habeo
818 1147 858 1184 in
880 1147 944 1198 spe
963 1161 971 1184 :
1005 1146 1067 1184 sed
1088 1147 1181 1198 quia
1201 1156 1243 1185 tu
1266 1148 1401 1186 leviter
1431 1149 1630 1187 interdum
1652 1150 1728 1202 fig·

339 1209 491 1256 nificas,
521 1211 630 1262 cogis
651 1224 714 1248 me
735 1210 881 1264 sperare
902 1211 1008 1263 quod
1038 1212 1257 1264 optandum
1277 1215 1343 1251 vix
1369 1213 1437 1252 est.
1485 1214 1727 1253 Philotimus

337 1273 484 1312 dicitur
505 1275 609 1314 Idib.
634 1276 739 1315 Sext.
785 1275 903 1314 Nihil
925 1275 1050 1314 habeo
1071 1276 1117 1314 de
1139 1277 1209 1314 illo
1231 1278 1415 1330 amplius.
1453 1279 1519 1316 Tu
1541 1279 1660 1317 velim
1681 1279 1727 1317 ad

337 1352 379 1377 ea
400 1338 501 1378 mihi
523 1340 729 1387 rescribas,
754 1355 839 1394 quae
860 1341 907 1379 ad
929 1350 966 1380 te
986 1350 1097 1379 antea
1117 1341 1261 1394 scripsi.
1307 1342 1417 1380 Mihi
1448 1351 1600 1381 tantum
1625 1354 1726 1382 tem-

335 1405 441 1456 poris
463 1405 551 1444 satis
573 1406 640 1451 est,
673 1406 768 1444 dum
800 1416 843 1445 ut
873 1407 914 1445 in
944 1406 1114 1460 pessimis
1144 1407 1257 1446 rebus
1287 1407 1437 1460 aliquid
1458 1421 1627 1454 caveam,
1657 1409 1725 1461 qui

274 1476 283 1481 “
337 1469 439 1508 nihil
461 1484 636 1523 unquam
657 1473 755 1511 cavi.
788 1472 900 1511 Vale.
934 1474 992 1511 XI
1014 1472 1103 1510 Kal.
1129 1473 1234 1512 Sext.

675 1672 918 1709 thssko
959 1673 1215 1710 ATT1co
1257 1673 1387 1711 SAL.

336 1798 429 1838 XX.
456 1798 548 1870 SE
561 1798 950 1837 PTIMO-DECI
964 1800 1060 1837 ΜΟ
1083 1800 1173 1839 Kal.
1193 1801 1299 1853 Sept.
1318 1809 1473 1839 venerat
1489 1801 1551 1839 die
1569 1813 1720 1841 xxvnt

533 1864 709 1902 Seleucia
729 1864 856 1902 Pieria
877 1866 925 1903 C.
945 1865 1186 1911 Trebonius,
1218 1867 1285 1917 qui
1310 1866 1346 1903 se
1367 1866 1592 1904 Antiochiae
1613 1868 1721 1906 dice-

335 1937 394 1968 ret
412 1930 514 1983 apud
537 1930 724 1968 Caesarem
747 1929 880 1968 vidiffe
901 1930 1102 1983 Qintum
1125 1931 1252 1968 filium
1275 1945 1367 1970 cum
1390 1932 1554 1970 Hirtio:
1587 1946 1650 1971 eos
1677 1934 1723 1970 de

335 1996 491 2046 Qinto
511 2009 597 2048 quae
613 1995 834 2041 voluissent,
858 1995 1075 2049 impetrass'e
1096 1996 1208 2034 nullo
1228 1996 1391 2048 quidem
1413 1998 1593 2049 negotio:
1618 1999 1723 2049 quod

266 2058 275 2065 '
332 2073 407 2112 ego
428 2061 551 2113 magis
572 2060 797 2113 gauderem,
817 2061 842 2099 s1
863 2061 932 2099 ista
953 2061 1066 2099 nobis
1088 2062 1295 2114 impetrata
1311 2062 1528 2114 quidquam
1549 2063 1595 2099 ad
1617 2063 1721 2114 spem

333 2125 525 2178 explorati
546 2126 748 2164 haberent.
782 2126 855 2164 Sed
875 2135 913 2164 et
934 2127 1008 2164 alia
1029 2127 1203 2165 timenda
1223 2127 1326 2171 sunt,
1349 2128 1395 2164 ab
1418 2127 1593 2178 aliisque,
1615 2138 1652 2165 et
1673 2128 1719 2165 ab

334 2190 410 2229 hoc
431 2192 528 2244 ipso.
553 2193 652 2243 Qae
672 2191 814 2230 dantur
834 2201 878 2230 ut
898 2206 918 2230 a
938 2192 1115 2237 domino,
1134 2193 1262 2230 rursus
1284 2193 1323 2229 in
1345 2191 1517 2243 ejusdem
1539 2192 1626 2229 sunt
1647 2206 1719 2244 po-

336 2255 480 2295 testate.
525 2258 658 2295 Etiam
685 2256 865 2295 Sallustio
897 2257 1064 2309 ignovit.
1110 2257 1290 2294 Omnino
1311 2256 1457 2292 dicitur
1479 2256 1628 2293 nemini
1652 2271 1720 2295 ne·

332 2333 450 2373 gare:
482 2322 588 2373 quod
613 2322 741 2375 ipsum
762 2323 814 2360 est
835 2322 1068 2374 suspectum,
1104 2323 1305 2358 notionem
1336 2322 1418 2372 ejus
1448 2321 1610 2359 differri.
1656 2323 1718 2360 M.

336 2385 508 2430 Gallius,
541 2387 738 2438 Qfilius‚
771 2389 966 2441 mancipia
988 2386 1166 2424 Sallustio
1189 2385 1370 2424 reddidit.
1412 2387 1448 2423 Is
1471 2387 1576 2423 vcnit
1596 2396 1641 2423 ut
1664 2387 1719 2424 lc-

333 2452 469 2503 gioncs
503 2451 542 2488 in
577 2452 751 2489 Siciliam
784 2453 1025 2491 traduceret:
1067 2462 1106 2490 et
1138 2453 1316 2505 protinus
1351 2452 1500 2489 iturum
1532 2451 1719 2490 Caemrcm

335 2517 474 2555 Patris.
508 2516 627 2569 Qod
648 2516 674 2555 fi
696 2515 828 2562 faciet,
859 2531 946 2569 ego,
974 2517 1079 2568 quod
1100 2528 1187 2555 ante
1208 2517 1383 2559 mallem,
1406 2517 1537 2567 aliquo
1558 2518 1716 2567 propius

1286 2582 1320 2618 R
1354 2595 1368 2617 ι·
1401 2593 1420 2618 2
