2243 3008
493 261 570 301 252
839 241 1526 284 EPISTOLARUM

492 347 608 399 plane
627 345 735 384 haefit
753 360 763 384 ε
789 353 828 383 et
849 359 954 383 nunc
976 345 1030 383 ita
1048 343 1176 388 video,
1199 341 1403 381 infinitum
1425 341 1575 379 bellum
1591 340 1778 392 junctum
1798 337 1880 376 mi-

495 411 651 449 serrima
684 410 806 464 fuga;
851 423 970 462 quam
1005 420 1048 447 tu
1083 407 1436 461 peregrinationem
1469 400 1644 458 ύποκοςίζῃ.
1696 403 1880 456 Sequitur

495 474 651 526 ὲξησγιὶς
672 490 715 515 vr
739 475 907 514 Kalend.
932 475 1049 513 Febr.
1081 476 1176 525 Ego,
1191 473 1235 522 st
1262 472 1448 523 Pompeius
1467 478 1586 509 manet
1605 471 1642 509 in
1662 469 1790 513 Italia,
1818 479 1882 506 nec

496 555 554 579 res
572 540 625 579 ad
631 541 831 593 pablionem
849 540 965 584 venit,
994 538 1131 590 longius
1147 537 1272 575 bellum
1284 545 1376 588 puto
1380 536 1472 586 fore
1487 551 1501 573 .·
1516 535 1580 584 fin
1600 535 1748 574 Italiam
1767 532 1881 572 relin-

496 606 589 659 quit,
619 606 671 644 ad
679 606 853 659 posterum
873 605 997 643 bellum
1016 597 1159 638 ἀρσπτνδον
1162 601 1266 652 strui
1283 601 1448 649 extstimo.
1488 601 1623 652 Hujus
1643 601 1766 652 igitur
1786 597 1884 638 belli

496 685 570 724 ego
590 672 798 724 particeps,
830 680 869 708 et
889 669 1030 713 socius,
1051 676 1090 705 et
1109 666 1279 718 adjutor,
1300 665 1372 704 esse
1392 678 1512 717 cogor
1524 683 1537 710 3
1568 664 1676 716 quod
1695 674 1734 702 et
1752 661 1882 699 εἷο-πον-

496 730 558 782 Bou,
575 746 614 775 et
633 750 726 775 cum
747 735 916 773 civibus.
948 731 1104 771 Deinde
1125 744 1191 769 vn
1212 731 1304 769 Idus
1327 730 1445 769 Febr.
1468 743 1560 768 cum
1576 729 1660 780 jam
1680 728 1793 781 plura
1810 740 1886 765 au-

499 802 600 840 dires
621 802 668 839 de
698 799 879 852 Pompeii
908 798 1086 843 confilio,
1117 796 1322 835 concludis
1350 795 1554 849 epistolam
1581 793 1779 847 quandam
1806 791 1885 831 hoc

499 867 645 905 modo:
677 868 759 918 Ego
790 863 924 917 quidem
953 864 1025 902 tibi
1049 877 1118 902 non
1132 863 1207 912 sim
1237 863 1377 906 audior,
1392 861 1435 912 st
1452 860 1640 913 Pompeius
1657 859 1805 898 Italiam
1824 872 1887 896 re-

498 932 642 984 linquit,
673 940 709 969 te
729 944 860 983 quoque
871 929 1069 982 profugere
1084 943 1098 965 .·
1114 928 1254 979 summo
1273 927 1363 965 enim
1376 923 1536 978 periculo
1540 924 1678 976 fact'es,
1708 936 1770 962 nec
1795 923 1888 962 Rei·

493 997 649 1049 publicae
661 996 826 1049 proderis
842 1012 854 1039 5
885 995 946 1032 cui
962 993 1098 1047 quidem
1111 992 1284 1045 posterius
1299 991 1436 1044 poteris
1456 989 1625 1044 prode-ffb,
1639 989 1683 1041 st
1703 988 1886 1040 manseris.

502 1064 635 1114 Qem
667 1058 863 1108 φιλόπατςιν
893 1074 936 1098 ac
967 1058 1125 1094 τηλιτικὶν
1156 1058 1332 1096 hominis
1363 1057 1567 1110 prudentis
1593 1065 1632 1094 et
1653 1055 1787 1099 amici,
1818 1053 1889 1092 tali

500 1127 721 1170 admonitu,
753 1139 831 1163 non
852 1133 1026 1164 moveret
1045 1123 1284 1162 auctoritas?
1316 1123 1515 1175 Deinceps
1542 1121 1660 1160 tertio
1686 1120 1779 1160 Idus
1810 1120 1888 1158 Fe-

501 1192 673 1231 bruarias
702 1191 846 1228 iterum
875 1189 978 1228 mihi
1004 1188 1211 1241 respondes
1243 1187 1464 1226 consulenti
1495 1187 1562 1231 fic,
1592 1185 1701 1238 Qod
1714 1184 1846 1237 quaeris
1864 1197 1888 1221 a

500 1271 553 1296 me
572 1257 755 1309 fugamne
773 1255 907 1306 fidam,
937 1269 985 1293 an
1018 1267 1152 1292 moram
1186 1251 1418 1306 deserendam,
1449 1251 1624 1291 utiliorem
1652 1259 1792 1303 putem,
1827 1263 1890 1301 ego

502 1337 590 1362 vero
608 1322 645 1360 in
658 1320 857 1374 praefi’ntia
861 1319 1028 1371 subitum
1047 1317 1218 1371 disceffum
1238 1326 1273 1356 et
1286 1317 1512 1371 praecipitem
1530 1316 1783 1370 profiblionem
1811 1327 1890 1353 cum

503 1387 584 1432 tibi,
614 1395 692 1425 tum
722 1385 787 1439 ipst
818 1388 939 1430 Cnaeo,
969 1383 1130 1422 inutilem
1159 1392 1194 1422 et
1218 1382 1451 1435 periculosam
1475 1390 1567 1435 puto
1581 1396 1595 1419 .-
1625 1389 1661 1420 et
1677 1380 1803 1434 fitius
1832 1378 1893 1431 effe

504 1452 668 1504 exssimo,
698 1465 762 1490 vos
780 1449 980 1504 dispertitos
998 1459 1033 1487 et
1052 1449 1090 1487 in
1095 1448 1252 1501 speculis
1270 1447 1350 1500 effi’.
1397 1447 1470 1486 Sed
1494 1446 1624 1485 medius
1639 1446 1754 1497 fidius
1784 1455 1893 1497 turpe

503 1518 600 1558 nobis
612 1526 704 1570 puto
723 1514 783 1568 effi
801 1514 843 1553 de
847 1515 952 1567 fisga
971 1514 1143 1566 cogitare.
1176 1514 1269 1551 Hoc
1291 1522 1404 1564 turpe
1425 1513 1567 1550 Cnaeus
1590 1510 1715 1549 noster
1731 1510 1893 1548 biennio

503 1593 592 1622 ante
613 1581 816 1635 cogitavit,
846 1580 901 1618 ita
929 1578 1123 1631 syllaturit
1151 1578 1306 1616 animus
1335 1578 1418 1629 ejus
1445 1586 1484 1614 et
1513 1575 1787 1629 proscripturit
1806 1574 1891 1614 diu.

506 1649 617 1694 Inde,
648 1658 692 1686 ut
712 1647 867 1699 opinor,
899 1658 992 1683 cum
1023 1654 1064 1682 tu
1095 1643 1142 1681 ad
1167 1657 1231 1681 me
1260 1642 1439 1695 quaedam
1462 1639 1652 1691 γνικώτερον
1672 1640 1890 1693 scripfifl‘es,

451 1762 456 1769 '
504 1725 544 1752 et
564 1727 636 1766 ego
658 1711 758 1750 mihi
787 1724 808 1748 a
838 1719 875 1748 te
896 1709 1073 1762 quaedam
1105 1707 1312 1761 significari
1343 1706 1546 1760 putassem,
1578 1715 1620 1744 ut
1643 1706 1755 1744 Italia
1775 1705 1891 1743 cede-

506 1793 617 1823 rem;
649 1775 844 1815 detestaris
865 1774 940 1813 hoc
962 1774 1172 1826 diligenter
1194 1787 1239 1811 XI
1269 1772 1458 1811 Kalendas
1485 1771 1664 1815 Martias,
1696 1772 1776 1822 Ego
1806 1783 1894 1809 vero

506 1845 605 1883 nulla
625 1839 1041 1895 epssolastgnficavi‚st
1060 1841 1190 1878 Cnaeus
1209 1838 1323 1876 Italia
1341 1836 1491 1880 cederet,
1513 1845 1554 1874 ut
1575 1845 1616 1873 tu
1635 1850 1708 1874 una
1728 1835 1863 1873 cederes
1878 1853 1891 1880 ς

507 1918 572 1947 aut
578 1909 620 1959 st
622 1905 847 1959 signficavi,
876 1919 944 1943 non
972 1904 1046 1942 dico
1061 1903 1132 1956 fisi
1158 1903 1366 1954 inconstans,
1383 1901 1456 1953 fid
1481 1900 1629 1939 demens.
1678 1902 1722 1939 ln
1757 1901 1892 1940 eadem

509 1973 669 2027 epistola
689 1971 766 2008 alio
787 1971 889 2014 loco,
921 1968 1032 2007 Nihil
1047 1968 1265 2020 relinquitur
1285 1967 1456 2019 nfijuga
1471 1982 1485 2005 .·
1515 1966 1575 2004 cui
1598 1975 1633 2004 te
1644 1965 1783 2017 socium
1803 1980 1893 2005 neu-

508 2039 646 2091 tiquam
661 2045 752 2089 puto
771 2034 831 2087 effi·
849 2043 1023 2087 oportere,
1044 2047 1105 2071 nec
1124 2047 1278 2085 unquam
1291 2032 1443 2085 putavi·
1473 2033 1620 2070 Totam
1641 2041 1771 2069 autem
1793 2030 1894 2071 hanc

510 2103 831 2142 deliberationem
851 2100 997 2138 evolvis
1018 2099 1235 2137 accuratius
1256 2099 1297 2136 in
1319 2098 1441 2136 literis
1460 2110 1544 2135 vx11
1571 2097 1762 2135 Kalendas
1781 2097 1894 2135 Mar-

511 2171 582 2208 tias
608 2167 734 2206 datis:
767 2165 811 2204 Si
826 2166 895 2204 M·
918 2163 1076 2217 Lepidus
1105 2173 1139 2202 et
1171 2164 1223 2203 L.
1248 2162 1428 2202 Volcatius
1458 2172 1655 2206 remanent,
1686 2162 1895 2200 manendum

505 2244 608 2287 puto,
638 2233 694 2271 ita
728 2239 783 2275 ut,
798 2232 840 2282 st
857 2231 991 2284 salvus
1008 2230 1064 2280 stt
1100 2229 1299 2282 Pompeius,
1329 2239 1364 2268 et
1399 2227 1594 2279 constiterit
1628 2226 1771 2272 alieubi,
1801 2228 1897 2267 hanc

512 2313 621 2344 νεκιμν
639 2298 833 2350 relinquas,
862 2304 898 2335 et
919 2304 954 2334 te
975 2295 1012 2334 in
1032 2294 1226 2333 certamine
1245 2294 1346 2333 vinci
1370 2307 1448 2332 cum
1479 2293 1536 2331 illo
1547 2293 1704 2343 Jiscs'lius
1718 2293 1894 2345 patiaris,

511 2378 617 2418 quam
647 2377 726 2402 cum
759 2363 835 2406 hoc,
864 2363 902 2401 in
933 2376 988 2405 ea,
1018 2375 1098 2414 quae
1120 2360 1338 2413 perspicitur
1356 2359 1516 2411 Jutlsra,
1546 2358 1694 2396 colluvie
1726 2373 1894 2411 regnare.

513 2429 647 2469 Multa
676 2429 846 2481 disputas
878 2427 970 2466 huic
1002 2427 1200 2466 sententiae
1229 2425 1516 2465 convenientia.
1565 2424 1660 2463 Inde
1689 2424 1733 2462 ad
1763 2435 1897 2463 extre-

511 2509 653 2542 mum3
685 2494 785 2547 ..Quid
799 2495 851 2546 st,
893 2493 1041 2547 inquiS,
1072 2491 1230 2545 Lepidus
1262 2501 1296 2531 et
1334 2491 1513 2530 l‘olcatius
1546 2488 1721 2544 dfiedunt
1740 2490 1760 2528 ἕ
1788 2489 1898 2543 plane
