2243 3008
498 245 606 284 AD
662 240 1093 282 ATTICUM
1162 242 1451 283 L113.x11.
1585 257 1661 297 325

280 341 394 394 κρῆνην,
424 351 470 382 ut
497 343 649 388 scribis,
685 340 856 385 haurire,
893 340 934 377 in
965 340 1083 378 tantis
1114 339 1190 378 suis
1221 341 1433 392 praesertim
1462 344 1664 396 angustiis,

281 408 328 443 ’,πῖ
353 404 446 443 ταῦτ’
463 421 510 456 aq
533 400 749 455 Xmaexissd?
783 405 855 443 Sed
884 405 964 457 ipse
984 404 1139 443 viderit.
1187 406 1286 443 Cato
1315 419 1378 444 me
1408 408 1568 460 quidem
1596 409 1665 448 de-

281 473 410 516 lectat,
442 471 505 509 sed
524 472 644 509 etiarn
665 471 818 509 Bassum
841 470 1046 508 Lucilium
1068 470 1147 509 sua.
1192 471 1255 508 De
1284 470 1408 508 Caelio
1434 481 1476 509 tu
1504 487 1666 524 quaeres,

282 546 326 574 ut
347 537 482 574 scribis
502 551 510 575 :
543 550 616 588 ego
637 535 739 574 nihil
761 536 866 574 novi.
912 535 1119 573 Noscenda
1147 535 1200 573 est
1220 544 1369 580 natura,
1402 550 1480 574 non
1501 537 1665 576 facultas

280 602 415 640 modo.
460 602 522 640 De
553 601 765 639 Hortensio
796 610 835 638 et
856 601 1055 652 Virginio,
1087 609 1129 638 tu
1160 600 1185 638 fi
1215 600 1311 652 quid
1341 601 1567 640 dubitabis:
1600 604 1667 641 etsi

279 667 377 720 quid
398 667 522 719 magis
544 667 707 719 placeat,
732 680 805 719 ego
825 675 1020 719 quantum
1040 665 1199 718 aspicio,
1221 679 1299 703 non
1319 665 1436 704 facile
1457 668 1665 708 inveneris.

282 732 388 770 Cum
421 731 605 776 Mustela,
637 730 972 784 quemadmodum
1007 730 1158 775 scribis,
1189 744 1283 768 cum
1311 731 1460 768 venerit
1489 733 1666 784 Crispus.

282 797 348 835 Ad
369 797 522 835 Aulum
551 796 694 849 scripsi,
726 806 770 835 ut
801 810 858 842 ea,
889 810 976 849 quae
1008 795 1106 834 bene
1139 796 1283 834 nossem
1316 796 1363 834 de
1395 810 1502 842 auro,
1535 797 1669 836 Pisoni

281 862 612 901 demonstrarem:
645 861 720 900 tibi
750 862 857 900 enim
889 861 976 899 sane
1007 860 1180 906 assentio,
1211 870 1250 899 et
1277 861 1377 899 istud
1407 862 1578 900 nimium
1599 863 1669 901 diu

282 928 396 977 duci,
421 937 459 966 et
480 928 613 966 omnia
633 941 738 965 nunc
760 926 934 978 undique
955 925 1233 965 contrahenda.
1280 928 1341 965 Te
1373 927 1534 979 quidem
1564 927 1669 966 nihil

281 1007 406 1046 agere,
439 993 540 1032 nihil
561 994 731 1046 cogitare
752 993 873 1038 aliud,
905 993 975 1030 nifi
1007 992 1115 1045 quod
1146 993 1192 1030 ad
1222 1006 1285 1031 me
1314 994 1519 1046 pertineat,
1551 993 1668 1032 facile

280 1059 474 1112 perspicio
489 1079 502 1105 ς
534 1060 707 1111 meisque
728 1059 896 1111 negotiis
924 1058 1108 1111 impediri
1128 1058 1387 1111 cupiditatem
1409 1068 1515 1097 tuam
1536 1060 1583 1097 ad
1603 1073 1672 1098 me

280 1125 478 1162 veniendi.
524 1124 596 1162 Sed
628 1137 787 1162 mecum
817 1123 889 1161 effe
921 1132 959 1160 te
990 1132 1116 1176 puto;
1148 1137 1227 1161 non
1257 1123 1384 1162 solum
1412 1125 1518 1176 quod
1539 1138 1669 1163 meam

279 1203 362 1227 rem
391 1189 488 1241 agis,
519 1202 655 1226 verum
685 1188 804 1225 etiam
833 1187 940 1240 quod
969 1187 1098 1226 videre
1127 1188 1274 1234 videor,
1306 1202 1384 1240 quo
1409 1189 1528 1226 modo
1549 1203 1635 1242 agas
1654 1204 1668 1228 ε

279 1267 407 1305 neque
433 1253 540 1292 enim
570 1253 650 1291 ulla
679 1252 774 1290 hora
800 1253 859 1291 tui
889 1251 990 1290 mihi
1020 1252 1074 1291 est
1102 1253 1228 1306 operis
1259 1254 1407 1305 ignota.
1454 1255 1668 1293 Tubulum

281 1320 492 1370 Praetorem
523 1318 637 1357 video
668 1319 718 1357 L.
741 1318 925 1363 Metello,
958 1319 1219 1369 QMaximo
1250 1319 1353 1358 Coff.
1388 1320 1510 1357 Nunc
1530 1320 1666 1365 velim,

281 1385 327 1423 P.
352 1384 520 1423 Scaevola
540 1383 726 1422 Pontifex
746 1385 959 1429 maximus,
990 1384 1135 1436 quibus
1158 1384 1262 1422 Coff.
1295 1385 1501 1423 Tribunus
1522 1385 1666 1437 plebis.

281 1450 480 1502 Equidem
502 1459 599 1501 puto
619 1451 827 1502 proximis,
859 1450 1045 1502 Caepione
1065 1459 1104 1488 et
1131 1449 1349 1502 Pompeio:
1383 1451 1529 1488 Praetor
1559 1452 1668 1490 enim

282 1516 328 1554 P.
352 1516 488 1560 Furio,
511 1516 601 1555 Sex.
622 1516 774 1553 Atilio:
799 1515 908 1552 dabis
930 1515 1052 1567 igitur
1072 1516 1359 1560 Tribunatum,
1381 1526 1433 1561 et,
1456 1517 1482 1554 fi
1503 1517 1666 1568 poteris,

282 1580 469 1619 Tubulus
491 1594 570 1632 quo
590 1581 770 1619 crimine.
817 1581 871 1618 Et
891 1580 994 1625 vide,
1025 1581 1166 1632 quaeso,
1200 1582 1248 1619 L.
1272 1581 1391 1625 Libo,
1422 1581 1490 1619 ille
1520 1583 1589 1633 qui
1620 1582 1669 1620 de

282 1647 362 1685 Ser.
387 1646 529 1690 Galba,
553 1645 819 1684 Censorinone
839 1655 878 1684 et
899 1646 1085 1691 Manilio,
1107 1660 1156 1684 an
1177 1648 1229 1685 T.
1249 1647 1434 1697 Qintio,
1456 1647 1518 1684 Μ’
1533 1648 1667 1685 Acilio

281 1711 385 1750 Coff.
416 1711 622 1749 Tribunus
652 1711 778 1764 plebis
809 1710 943 1749 fuerit.
990 1712 1214 1750 Conturbat
1243 1712 1349 1750 enim
1379 1725 1458 1756 me,
1490 1713 1529 1749 in
1552 1714 1666 1751 Bruti

279 1777 452 1829 epitoma
472 1777 764 1815 Fannianorum
786 1777 976 1830 scriptum
998 1777 1105 1829 quod
1131 1787 1211 1815 erat
1241 1777 1281 1814 in
1311 1786 1514 1822 extremo;
1548 1777 1668 1829 idque

281 1856 354 1894 ego
375 1842 545 1887 secutus,
575 1842 682 1880 hunc
704 1843 917 1887 Fannium,
950 1843 1019 1894 qui
1051 1843 1200 1894 scripsit
1228 1841 1444 1887 historiam,
1476 1856 1666 1894 generum

281 1907 352 1945 effe
373 1907 596 1960 scripseram
618 1907 731 1945 Laelii
751 1922 759 1945 ε
793 1906 856 1944 sed
877 1916 920 1944 tu
940 1920 1003 1944 me
1022 1904 1252 1953 mmmm&
1273 1906 1495 1951 refellems,
1528 1916 1565 1944 te
1595 1920 1666 1944 au-

281 1982 362 2010 tem
394 1986 500 2010 nunc
533 1973 677 2010 Brutus
709 1981 749 2009 et
780 1972 969 2010 Fannius.
1016 1972 1104 2023 Ego
1136 1982 1266 2009 tamen
1296 1972 1342 2008 de
1374 1972 1478 2009 bono
1512 1974 1666 2010 auctore

281 2038 493 2076 Hortensio
522 2038 572 2076 fic
602 2050 842 2090 acceperam,
874 2046 917 2075 ut
948 2036 1051 2089 apud
1083 2037 1251 2074 Brutum
1278 2036 1346 2074 est.
1392 2037 1515 2074 Hunc
1544 2038 1666 2088 igitur

281 2103 416 2141 locum
436 2103 631 2156 expedies.
676 2105 764 2155 Ego
788 2103 873 2141 misi
895 2104 1088 2141 Tironem
1109 2102 1328 2141 Dolabellae
1349 2103 1505 2141 obviam
1524 2117 1531 2140 :
1565 2104 1596 2139 is
1618 2102 1664 2139 ad

283 2183 344 2207 me
366 2169 502 2207 Idibus
524 2178 750 2207 revertetur.
783 2171 844 2207 Te
864 2169 1076 2221 expectabo
1097 2167 1294 2220 postridie.
1341 2169 1402 2205 De
1424 2168 1559 2205 Tullia
1579 2181 1665 2205 mea

282 2235 357 2272 tibi
376 2235 688 2286 antiquissimum
708 2234 782 2273 effe
800 2234 940 2280 vide05
973 2234 1091 2287 idque
1111 2234 1165 2271 ita
1194 2243 1237 2270 ut
1266 2234 1326 2277 fit,
1359 2242 1395 2270 te
1415 2231 1665 2270 vehementer

283 2312 392 2350 rogo.
438 2301 544 2352 Ergo
565 2309 603 2338 et
632 2300 672 2338 in
694 2300 847 2352 integro
868 2300 1027 2338 omnia:
1060 2298 1110 2336 fic
1130 2298 1236 2335 enim
1270 2297 1420 2335 scribis.
1466 2297 1575 2334 Mihi
1597 2299 1662 2336 etfi

285 2362 467 2400 Kalendae
489 2364 653 2402 vitandae
684 2364 859 2408 fuerunt,
892 2363 1228 2413 Nicasionumque
1258 2357 1431 2410 αῷχέτυπα
1462 2361 1662 2414 fugienda,

283 2427 612 2479 conficiendaeque
643 2429 813 2474 tabulae;
846 2428 948 2466 nihil
981 2437 1109 2465 tamen
1142 2427 1256 2472 tanti,
1288 2435 1331 2464 ut
1362 2439 1382 2463 a
1414 2436 1451 2464 te
1481 2426 1661 2470 abessem,

282 2493 373 2532 suit.
426 2494 532 2532 Cum
571 2493 708 2533 Romae
745 2494 875 2541 essem,
924 2503 964 2534 et
1001 2501 1038 2533 te
1072 2494 1155 2547 jam
1187 2494 1350 2546 jamque
1388 2493 1560 2532 visurum
1599 2504 1669 2529 nu:
