2243 3008
427 231 476 285 38
771 229 1459 270 EpisToLARUM

424 329 524 382 fregi
546 329 748 368 hominem
765 348 777 375 ς
808 339 847 368 et
867 328 1167 368 inconstantiam
1186 330 1270 382 ejus
1291 330 1537 383 reprehendi,
1568 331 1640 385 qui
1668 331 1808 371 Romae

422 396 694 434 Tribunatum
715 395 840 448 plebis
862 403 1023 447 peteret,
1054 407 1147 433 cum
1179 395 1220 432 in
1253 395 1384 434 Sicilia
1413 396 1639 435 aedilitatem
1670 397 1706 434 se
1734 409 1806 449 pe-

426 471 504 498 tere
539 459 756 499 dictitasset.
802 459 874 497 Sed
905 472 1032 512 neque
1063 472 1298 512 magnopere
1332 460 1415 499 dixi
1444 461 1516 500 effe
1547 461 1662 499 nobis
1693 461 1806 500 labo-

424 526 589 564 randum
606 544 618 571 ς
649 525 755 578 quod
787 524 915 563 nihilo
946 525 1069 578 magis
1099 525 1135 563 ei
1165 525 1370 564 liciturum
1391 526 1482 565 esset
1501 527 1657 580 plebeio
1678 527 1803 565 Rem-

423 592 626 644 publicam
647 591 818 643 perdere,
849 604 968 643 quam
1001 591 1192 629 fimilibus
1223 592 1307 643 ejus
1339 605 1404 630 me
1434 592 1607 630 Consule
1631 593 1807 645 patriciis

424 656 514 694 esset
543 656 715 694 licitum.
761 657 865 707 Jam,
895 668 989 693 cum
1022 655 1057 693 se
1087 655 1154 693 ille
1184 654 1354 708 septimo
1380 656 1444 694 die
1469 656 1610 695 venisse
1630 669 1651 695 a
1672 657 1805 702 Freto,

425 734 550 773 neque
584 720 653 758 fibi
683 720 840 758 obviam
872 733 1113 774 quemquam
1145 719 1300 772 prodire
1333 720 1514 774 potuisse,
1548 729 1588 759 et
1621 722 1740 759 noan
1772 721 1810 759 se

425 786 610 831 introifl‘e,
641 785 809 830 dixiffet‚
841 785 881 822 in
907 798 1034 838 eoque
1065 783 1101 823 se
1130 785 1172 822 in
1199 785 1390 824 concione
1411 786 1608 839 jactasset:
1640 785 1743 824 nihil
1772 786 1809 824 ei

426 852 516 890 novi
551 852 633 890 dixi
666 849 871 890 accidiffe:
903 864 951 889 ex
985 850 1119 889 Sicilia
1151 849 1319 903 septimo
1351 851 1414 889 die
1449 852 1618 890 Romam
1636 870 1648 896 3
1680 851 1808 889 tribus

423 917 531 956 horis
552 919 681 956 Roma
701 918 966 956 Interamnam
985 932 994 956 :
1026 918 1145 956 noenu
1165 917 1338 955 introiss‘e
1356 918 1453 955 item
1480 927 1596 955 ante:
1628 930 1708 955 non
1735 916 1810 954 esse

423 985 526 1022 itum
546 985 702 1022 obviam
720 1002 731 1027 ;
763 997 812 1021 ne
832 993 919 1021 tum
939 982 1116 1035 quidem,
1138 996 1231 1021 cum
1251 983 1300 1021 iri
1320 983 1492 1021 maxime
1511 982 1664 1022 debuit.
1696 982 1809 1035 Qid

422 1049 594 1102 quaeris?
634 1047 840 1086 hominem
873 1047 1132 1100 petulantem,
1163 1047 1384 1086 modestum
1417 1048 1537 1086 reddo
1568 1061 1648 1086 non
1679 1048 1808 1087 solum

423 1123 608 1168 perpetua
627 1114 815 1166 gravitate
839 1114 1041 1159 orationis,
1072 1113 1136 1151 sed
1166 1114 1285 1152 etiam
1313 1112 1392 1152 hoc
1422 1127 1562 1166 genere
1593 1113 1806 1153 dictorum.

422 1181 560 1232 Itaque
593 1180 677 1230 jam
710 1177 956 1216 familiariter
987 1191 1082 1217 cum
1115 1178 1198 1231 ipso
1231 1178 1408 1224 cavillor,
1443 1192 1486 1217 ac
1515 1180 1643 1231 jocor.
1695 1179 1808 1231 Qin

421 1246 539 1284 etiam
559 1258 653 1283 cum
673 1244 926 1283 candidatum
945 1243 1240 1290 deduceremus,
1263 1245 1404 1297 quaerit
1423 1258 1471 1283 ex
1491 1259 1570 1290 me,
1587 1258 1686 1283 num
1706 1258 1807 1283 con-

423 1310 581 1349 suessem
613 1309 754 1348 Siculis
788 1309 923 1348 locum
952 1308 1234 1362 gladiatoribus
1266 1309 1386 1348 dare?
1418 1310 1586 1363 Negavi.
1633 1311 1689 1348 At
1717 1322 1808 1362 ego,

422 1375 568 1427 inquit,
601 1387 723 1412 novus
744 1384 928 1426 patronus
951 1373 1178 1413 instituam:
1211 1374 1274 1413 sed
1296 1373 1416 1420 soror,
1445 1389 1531 1428 quae
1559 1383 1714 1413 tantum
1734 1373 1808 1412 ha-

422 1440 509 1478 beat
545 1439 769 1477 Consularis
803 1439 897 1485 loci,
928 1453 1055 1477 unum
1090 1439 1190 1477 mihi
1226 1439 1352 1478 solum
1387 1439 1525 1492 pedem
1559 1439 1639 1478 dat.
1690 1439 1807 1485 Noli,

423 1506 600 1559 inquam,
633 1505 680 1542 de
712 1518 791 1542 uno
821 1505 918 1557 pede
949 1505 1086 1544 sororis
1112 1505 1252 1557 queri:
1285 1505 1379 1543 licet
1398 1505 1516 1543 etiam
1537 1505 1704 1543 alterurn
1726 1505 1807 1543 tol-

422 1572 490 1609 las.
536 1571 630 1610 Non
653 1570 880 1615 Confinlare,
911 1571 1082 1624 inquies,
1113 1571 1279 1609 dietum.
1317 1571 1484 1609 Fateor:
1518 1570 1581 1608 sed
1600 1584 1675 1623 ego
1695 1570 1807 1608 illam

421 1637 486 1675 odi
521 1637 622 1674 male
654 1636 936 1674 Consularem:
979 1649 1023 1673 ea
1051 1635 1105 1673 est
1138 1636 1246 1674 enim
1278 1635 1481 1674 seditiosa:
1524 1649 1568 1674 ea
1600 1649 1695 1674 cum
1722 1636 1809 1673 viro

422 1701 571 1739 bellum
601 1701 716 1752 gerit,
749 1714 874 1753 neque
905 1700 1029 1738 solum
1051 1714 1143 1738 cum
1166 1700 1351 1745 Metello,
1382 1699 1445 1738 sed
1464 1701 1583 1738 etiam
1603 1714 1697 1738 cum
1728 1701 1806 1738 Fa-

421 1768 502 1811 bio,
548 1766 653 1819 quod
686 1780 750 1804 cos
785 1767 824 1804 in
861 1766 936 1804 hoc
971 1765 1043 1804 esse
1078 1766 1237 1805 moleste
1275 1764 1366 1804 fert.
1417 1765 1538 1817 Qod
1576 1765 1623 1803 de
1660 1766 1808 1818 agraria

420 1834 506 1885 lege
533 1833 689 1885 quaeris,
735 1831 819 1869 sane
843 1834 927 1884 jam
956 1832 1111 1870 videtur
1138 1830 1339 1870 refrixisse.
1390 1831 1511 1883 Qod
1541 1844 1604 1869 me
1633 1831 1808 1883 quodam

421 1898 539 1936 modo
561 1896 672 1934 molli
695 1896 856 1933 brachio
875 1897 922 1934 de
950 1896 1130 1948 Pompeii
1151 1895 1414 1934 familiaritate
1434 1896 1618 1949 objurgas
1636 1914 1648 1939 ς
1680 1895 1807 1934 nolim

420 1966 474 2002 ita
494 1963 703 2006 existimes,
727 1975 788 1999 me
811 1963 886 1999 mei
910 1961 1072 2014 praesidii
1092 1962 1202 2000 causa
1222 1975 1314 1999 cum
1336 1961 1408 2000 illo
1427 1963 1685 2016 conjunctum
1705 1961 1778 1999 effe
1793 1976 1806 1999 ι

424 2029 484 2067 sed
506 2030 559 2066 ita
579 2041 635 2066 res
657 2036 736 2065 erat
756 2027 945 2071 instituta,
978 2037 1035 2072 ut,
1068 2027 1092 2065 sl
1127 2028 1228 2065 inter
1256 2041 1325 2065 nos
1345 2027 1436 2065 esset
1455 2027 1588 2080 aliqua
1605 2026 1707 2065 forte
1727 2026 1807 2065 dis-

422 2095 555 2139 sensio,
587 2093 776 2131 maximas
809 2093 849 2130 in
884 2093 1105 2146 Republica
1124 2093 1332 2131 discordias
1353 2093 1491 2131 versari
1510 2092 1602 2131 efl‘et
1632 2092 1804 2131 necesse:

422 2160 527 2212 quod
549 2173 568 2197 a
589 2172 651 2197 me
673 2158 725 2196 ita
745 2169 999 2210 praecautum,
1030 2169 1146 2211 atque
1166 2159 1219 2196 ita
1238 2158 1437 2211 provisum
1457 2159 1525 2203 est,
1557 2171 1635 2197 non
1663 2167 1710 2197 ut
1733 2171 1808 2210 ego

422 2226 468 2264 de
499 2226 650 2278 optima
682 2224 749 2261 illa
780 2238 862 2262 mea
890 2225 1037 2262 ratione
1067 2224 1321 2270 decederem;
1355 2224 1416 2262 sed
1447 2234 1490 2264 ut
1523 2224 1589 2262 ille
1609 2224 1698 2263 esset
1720 2237 1805 2262 me-

422 2292 511 2335 lior,
543 2300 581 2329 et
602 2290 749 2342 aliquid
770 2290 817 2328 de
839 2290 1016 2343 populari
1043 2290 1198 2329 levitate
1230 2290 1440 2343 deponeret
1459 2305 1467 2328 z
1500 2303 1620 2342 quem
1641 2289 1688 2328 de
1709 2290 1805 2328 meis

423 2357 553 2400 rebus,
584 2356 623 2393 in
654 2367 749 2408 quas
775 2370 865 2393 eum
898 2356 1016 2394 multi
1047 2356 1268 2399 incitarunt.
1301 2356 1430 2394 multo
1462 2355 1558 2394 scito
1585 2355 1804 2408 gloriosius,

423 2435 540 2474 quam
563 2420 608 2458 de
631 2420 720 2465 suis,
754 2422 958 2473 praedicare
978 2437 985 2459 :
1020 2422 1088 2460 fibi
1115 2422 1226 2461 enim.
1254 2423 1350 2460 bene
1370 2421 1496 2474 gessae,
1528 2420 1628 2459 mihi
1649 2420 1805 2459 conser-

425 2498 531 2533 καῖεν,
564 2487 809 2540 Reipublicae
843 2487 908 2526 dat
943 2488 1237 2527 testimonium:
1272 2488 1347 2528 boc
1383 2487 1506 2527 facere
1542 2487 1673 2533 illum,
1705 2486 1806 2527 mihi
