2243 3008
551 263 657 303 AD
716 262 1147 302 ATTICUM
1217 265 1357 304 LIB.
1409 267 1485 304 111.
1664 283 1709 319 91

325 364 426 402 velle
447 363 653 402 nobiscum
674 375 751 400 una
770 362 944 407 interire,
975 362 1191 409 videamur,
1220 363 1298 403 hoc
1319 366 1463 404 omitto
1482 382 1490 405 :
1523 367 1623 405 illud
1645 368 1711 406 abs

325 439 363 468 te
382 439 489 482 peto,
521 429 586 467 des
608 442 780 481 operam,
813 428 854 466 id
873 428 980 481 quod
1002 428 1103 468 mihi
1124 430 1335 477 affirmasti,
1368 440 1412 470 ut
1441 441 1477 470 te
1503 442 1591 471 ante
1620 434 1708 472 Kal.

323 495 412 546 Jan.
436 495 666 548 ubicunque
685 495 847 539 erimus,
879 494 993 533 fistas.

659 697 902 735 ClcERo
943 698 1199 735 ATT1co
1241 698 1371 736 SAL.

322 823 477 863 XXVI.
503 822 599 895 LI
613 825 651 863 T
666 825 699 863 E
715 825 811 863 RAE
842 823 944 863 mihi
965 838 985 862 a
1005 825 1161 877 Qinto
1181 823 1299 863 fratre
1318 838 1412 864 cum
1432 825 1708 865 senatus-con-

601 889 718 935 sulto,
749 888 857 942 quod
878 889 925 927 de
945 903 1009 927 me
1028 889 1082 928 est
1102 888 1265 934 sakkum,
1296 890 1420 929 allatae
1449 889 1552 929 sunt.
1599 889 1709 928 Mihi

320 954 362 993 in
382 955 515 992 animo
534 953 588 992 est
607 954 742 1006 legum
762 954 951 993 lationem
967 956 1166 1007 expefhre
1177 974 1189 1000 ;
1212 965 1250 994 et
1266 955 1292 993 s1
1308 955 1605 1001 obtreRabituss
1623 965 1709 993 utar

321 1020 550 1057 auctoritate
571 1019 746 1064 Senatus,
778 1028 817 1057 et
836 1019 968 1071 potius
989 1020 1082 1066 vita,
1113 1034 1233 1073 quam
1255 1021 1392 1072 patria,
1425 1021 1578 1060 carebo.
1624 1022 1706 1065 Tu,

320 1084 464 1137 quaeso,
495 1083 633 1122 festina
652 1083 699 1122 ad
719 1097 790 1122 nos
811 1085 955 1123 venire.

655 1283 897 1323 CICERO
938 1284 1194 1322 ATTxco
1235 1285 1366 1323 SAL.

320 1411 498 1450 XXVII.
522 1410 641 1483 EX
671 1410 749 1450 tuis
779 1412 919 1457 literis,
950 1420 989 1450 et
1016 1425 1066 1450 ex
1095 1424 1135 1450 re
1154 1410 1248 1464 ipsa,
1280 1425 1351 1451 nos
1370 1410 1552 1451 funditus
1573 1413 1708 1466 periffe

618 1477 746 1516 video.
791 1479 854 1516 Te
885 1490 954 1516 oro
983 1486 1042 1523 ut,
1073 1477 1219 1530 quibus
1250 1478 1292 1516 in
1319 1477 1434 1516 rebus
1462 1479 1542 1516 mei
1563 1480 1621 1517 tui
1641 1479 1706 1517 in-

322 1541 530 1593 digebunt,
561 1542 699 1582 nostris
726 1542 892 1582 miseriis
923 1556 973 1582 ne
1004 1542 1114 1583 defis.
1161 1544 1249 1596 Ego
1281 1553 1334 1590 te,
1365 1552 1409 1582 ut
1443 1543 1594 1590 scribis,
1626 1545 1707 1583 cito

322 1607 478 1648 videbo.

1308 2530 1409 2568 ΜΖ
