2243 3008
533 199 640 237 AD
697 197 1126 236 ATTICUM
1193 199 1333 239 LIB.
1388 202 1501 240 VIII.
1633 216 1707 253 209

328 299 513 345 maxima,
543 297 806 351 navigandum
825 296 893 336 est.
925 298 1012 349 Age
1027 298 1125 349 jam,
1147 311 1240 336 cum
1261 298 1390 345 fratre,
1413 315 1458 339 an
1481 302 1556 340 fine
1576 305 1589 340 ?
1615 316 1706 340 cum

327 365 426 411 filio,
448 373 514 403 aut
533 363 761 416 quomodo?
783 363 824 401 in
847 372 1009 416 utraque
1028 363 1135 401 enim
1157 377 1195 401 re
1217 363 1367 402 summa
1387 366 1595 406 difficultas
1617 369 1703 413 erit,

327 429 503 467 summus
524 428 645 466 animi
667 428 792 467 dolor.
817 428 899 479 Qi
920 437 1050 466 autem
1070 429 1242 481 impetus
1263 429 1370 468 illius
1392 432 1464 469 erit
1484 433 1524 469 in
1546 447 1613 471 nos
1635 434 1703 471 ab·

326 493 466 539 sentes,
487 492 739 546 fortunasque
760 493 931 532 nostras?
962 494 1099 539 acrior,
1122 508 1242 546 quam
1262 495 1302 532 in
1323 505 1577 542 caeterorum5
1601 500 1707 550 quod

325 559 482 611 putabit
511 558 664 597 fortaffe
695 559 736 597 in
764 558 877 597 nobis
899 559 1090 597 violandis
1110 559 1261 612 aliquid
1288 560 1323 598 se
1344 560 1484 599 habere
1505 563 1703 615 populare.

325 625 413 676 Age
437 625 521 677 jam
551 623 620 662 has
652 624 876 677 compedes,
907 623 1026 662 fasces
1057 625 1220 677 inquam
1241 624 1318 663 hos
1339 626 1543 672 laureatos,
1574 627 1707 666 efferre

325 702 373 728 ex
406 690 532 735 Italia,
564 702 683 742 quam
714 690 922 728 molestum
954 690 1038 728 est?
1071 691 1154 742 Qi
1184 699 1315 729 autem
1345 691 1456 730 locus
1488 693 1561 731 erit
1593 694 1705 732 nobis

325 764 450 801 tutus,
485 757 547 808 (ut
573 756 656 807 jam
687 755 848 808 placatis
881 764 1037 794 utamur
1063 755 1265 806 fluetibus)
1288 766 1495 810 antequam
1516 759 1562 796 ad
1591 759 1706 797 illum

324 821 576 859 venerimus?
608 834 684 874 qua
703 830 849 866 autem,
870 831 935 859 aut
956 835 1050 874 quo,
1082 821 1184 860 nihil
1204 822 1362 861 scimus.
1395 825 1451 861 At
1472 824 1497 862 fi
1519 824 1703 869 restitero,

325 895 364 925 et
385 885 504 924 fuerit
526 886 638 924 nobis
660 886 701 923 in
721 885 793 924 hac
813 896 920 939 parte
941 887 1079 932 locus;
1111 887 1216 925 idem
1237 887 1379 934 fecero,
1411 889 1517 941 quod
1542 891 1581 928 in
1605 891 1703 929 Cin-

327 966 384 991 nae
415 952 683 990 dominatione
715 952 940 1006 Philippus,
972 953 1078 1005 quod
1108 954 1156 992 L.
1182 954 1361 1000 Flaccus,
1393 956 1498 1008 quod
1528 957 1704 1008 QMu-

326 1018 439 1062 cius,
472 1031 633 1070 quoquo
664 1017 783 1056 modo
814 1032 856 1056 ea
888 1032 945 1056 res
973 1018 1067 1056 huic
1095 1018 1256 1071 quidem
1283 1020 1453 1059 cecidit:
1485 1023 1555 1073 qui
1577 1031 1704 1060 tamen

326 1084 380 1121 ita
400 1083 527 1121 dicere
548 1083 707 1128 solebat,
740 1083 775 1121 se
801 1084 841 1121 id
868 1083 950 1122 fore
977 1084 1119 1129 videre,
1150 1084 1257 1137 quod
1282 1085 1430 1124 factum
1450 1087 1517 1132 est,
1548 1087 1611 1125 sed
1631 1087 1705 1125 hoc

325 1148 457 1193 malle,
475 1161 592 1200 quam
613 1157 806 1185 armatum
827 1148 872 1186 ad
894 1149 1025 1200 patriae
1046 1151 1190 1187 moenia
1209 1150 1402 1189 accedere.
1431 1152 1559 1190 Aliter
1575 1151 1705 1190 Thra-

327 1212 501 1264 sybulus,
533 1221 571 1250 et
591 1211 744 1250 fortasse
766 1213 921 1251 melius.
969 1213 1040 1251 Sed
1070 1213 1122 1251 est
1152 1223 1255 1252 certa
1284 1215 1460 1267 quaedam
1487 1217 1555 1255 illa
1575 1218 1706 1255 Mucii

327 1279 439 1324 ratio,
470 1288 587 1331 atque
607 1278 822 1324 sententia;
853 1278 906 1317 est
933 1279 1001 1317 illa
1020 1279 1137 1317 etlam
1159 1279 1425 1332 Thrasybuli:
1457 1292 1509 1328 et,
1541 1297 1634 1321 cum
1662 1284 1708 1322 fit

327 1344 488 1390 neceffe,
520 1344 657 1383 servire
678 1345 874 1398 tempori,
906 1354 945 1382 et
966 1359 1044 1383 non
1065 1346 1243 1384 amittere
1265 1356 1434 1400 tempus,
1461 1362 1552 1386 cum
1574 1349 1618 1387 fit
1638 1349 1705 1387 da-

327 1420 430 1450 tum.
477 1410 550 1448 Sed
579 1410 619 1448 in
648 1409 725 1449 hoc
756 1411 837 1464 ipso
864 1410 1010 1449 habent
1032 1421 1159 1450 tamen
1181 1412 1301 1451 iidem
1323 1412 1440 1452 fasces
1462 1415 1704 1454 molestiam:

328 1477 374 1515 sit
404 1477 512 1515 enim
542 1477 655 1514 nobis
686 1477 851 1522 amicus,
883 1477 990 1529 quod
1023 1478 1218 1516 incertum
1248 1479 1328 1524 est,
1360 1480 1423 1518 sed
1458 1481 1529 1519 s1t:
1562 1481 1709 1520 deferet

329 1541 595 1594 triumphum.
641 1543 735 1580 Non
767 1543 955 1594 accipere,
987 1557 1035 1580 ne
1065 1544 1327 1595 periculosum
1349 1545 1420 1590 fit;
1452 1560 1497 1583 an
1519 1548 1706 1599 accipere,

329 1606 567 1645 invidiosum
588 1606 634 1643 ad
663 1606 800 1645 bonos.
846 1608 882 1644 O
905 1622 1001 1652 rem,
1032 1609 1179 1661 inquis,
1211 1609 1414 1648 difficilem
1433 1620 1471 1649 et
1491 1612 1708 1664 inexplica-

330 1673 479 1711 bilem!
513 1674 638 1726 Atqui
659 1673 889 1726 explicanda
914 1673 980 1712 est.
1025 1675 1107 1726 Qi
1136 1675 1242 1713 enim
1273 1675 1352 1713 fieri
1384 1677 1538 1728 potest?
1571 1681 1630 1716 Ac
1661 1693 1708 1717 ne

327 1753 393 1778 me
426 1738 656 1777 existimaris
686 1739 732 1776 ad
762 1739 1001 1777 manendum
1030 1740 1102 1778 effe
1130 1741 1431 1793 propensiorem,
1463 1743 1568 1795 quod
1598 1740 1709 1797 plura

329 1805 371 1843 in
391 1818 475 1843 eam
497 1813 647 1856 partem
667 1804 783 1842 verba
801 1804 990 1851 fecerim;
1022 1806 1146 1858 potest
1167 1806 1264 1852 fieri,
1295 1808 1402 1860 quod
1428 1808 1473 1846 fit
1502 1809 1542 1846 in
1571 1811 1707 1849 multis

329 1870 625 1923 quaestionibus,
658 1879 701 1908 ut
722 1884 779 1908 res
801 1871 993 1909 verbofior
1013 1871 1095 1910 haec
1118 1871 1251 1918 fuerit,
1282 1873 1350 1911 illa
1369 1875 1507 1913 verior.
1554 1877 1707 1928 Qam-

329 1937 467 1975 obrem
487 1944 530 1974 ut
551 1936 723 1974 maxima
742 1936 788 1974 de
810 1950 848 1974 re
868 1950 979 1989 aequo
999 1937 1130 1975 animo
1154 1937 1400 1984 deliberanti,
1432 1939 1486 1977 ita
1513 1940 1614 1979 mihi
1643 1941 1708 1980 des

329 2003 537 2041 confilium
557 2002 691 2041 velim.
724 2003 846 2041 Navis
868 2013 906 2042 et
926 2003 965 2041 in
989 2004 1123 2042 Caieta
1142 2003 1194 2049 est
1214 2015 1343 2058 parata
1362 2006 1490 2051 nobis,
1520 2017 1558 2044 et
1579 2009 1707 2046 Brun-

328 2069 460 2124 dusii..
474 2068 547 2106 Sed
566 2082 656 2107 ecce
675 2069 822 2114 nuntii,
848 2069 1039 2108 scribente
1059 2084 1122 2108 me
1142 2069 1225 2108 haec
1246 2071 1325 2124 ipsa
1345 2074 1462 2110 noctu
1482 2073 1521 2110 in
1546 2073 1706 2118 Caleno,

327 2148 419 2174 ecce
438 2135 574 2179 literae,
607 2134 796 2174 Caesarem
823 2135 869 2173 ad
891 2136 1129 2182 Corfinium,
1161 2137 1390 2175 Domitium
1420 2138 1585 2175 Corfinii
1616 2153 1708 2177 cum

330 2200 445 2239 firmo
476 2200 666 2246 exercitu,
697 2210 736 2239 et
769 2214 941 2254 pugnare
975 2202 1173 2255 cupiente.
1219 2203 1314 2241 Non
1350 2212 1447 2254 puto
1481 2203 1597 2240 etiam
1631 2204 1707 2243 hoc

332 2266 497 2303 Cnaeurn
519 2265 691 2304 nostrum
713 2266 1024 2312 commissurum,
1057 2277 1100 2305 ut
1130 2268 1357 2305 Domitium
1389 2268 1609 2320 relinquat:
1641 2271 1708 2308 etsi

332 2331 594 2370 Brundusium
625 2333 848 2386 Scipionem
879 2347 970 2372 cum
1000 2333 1229 2371 cohortibus
1265 2333 1414 2372 duabus
1448 2335 1706 2386 praemiserat;

332 2396 530 2448 legionem
549 2410 570 2434 a
590 2397 730 2436 Fausto
751 2398 1011 2452 conscriptam
1041 2399 1081 2436 in
1105 2399 1278 2437 Siciliam
1298 2399 1367 2437 fibi
1389 2400 1538 2452 placere
1559 2414 1578 2438 a
1600 2402 1708 2438 Con-

334 2461 414 2499 sule
435 2460 541 2505 duci,
560 2461 755 2514 scripserat
775 2464 821 2502 ad
843 2465 1055 2504 Consules:
1079 2464 1141 2503 sed
1162 2474 1274 2517 turpe
1296 2465 1523 2504 Domitium
1545 2465 1710 2504 deserere

416 2527 554 2565 ΤοΜ.
586 2526 702 2566 VIII.
1319 2531 1357 2568 D
1389 2530 1412 2567 d
