2243 3008
437 279 488 317 42
789 263 1474 305 EPISTOLARUM

442 365 592 411 tudine,
625 365 829 403 senectutis
849 365 994 402 otium.
1038 362 1112 401 Sed
1142 376 1206 401 me
1235 357 1420 400 »arabum
1448 375 1536 401 mea
1552 361 1622 401 illa
1641 373 1825 401 commo-

443 441 520 477 vet,
551 443 638 484 quae
658 431 711 469 est
732 431 771 468 in
793 430 896 468 libro
916 429 1048 474 tertio,

579 499 726 536 Interea
742 497 881 550 cursus,
911 507 994 547 quos
1008 494 1131 547 prima
1151 507 1174 532 a
1184 501 1298 547 parte
1302 492 1490 544 juventae,

577 563 736 614 Qcffque
753 561 835 600 adeo
855 559 988 612 Corfful
1001 559 1144 598 virtute
1165 559 1348 610 animoque
1359 558 1494 611 petisti,

581 630 659 665 Hos
677 627 804 671 retine,
835 635 943 678 atque
962 639 1053 677 auge
1057 624 1220 674 famam,
1248 622 1432 676 laudesque
1450 623 1631 663 bonorum.

446 695 544 732 Haec
565 693 666 732 mihi
687 706 778 731 cum
800 694 839 730 in
861 706 906 730 eo
928 692 1045 736 libro,
1077 691 1118 728 in
1151 703 1231 742 quo
1260 689 1386 728 multa
1415 690 1504 728 sunt
1533 691 1675 743 scripta
1701 689 1826 736 defflo-

444 752 617 810 κςατικῶς,
648 758 826 810 Calliope
852 757 932 810 ipsa
958 755 1244 809 praescripserit,
1276 767 1354 794 non
1380 755 1523 808 opinor
1549 755 1622 794 effe
1641 755 1827 795 dubitan-

446 824 556 868 dum,
588 825 685 875 quin
707 823 855 876 semper
877 823 990 860 nobis
1011 822 1187 860 videatur

585 888 636 929 εἷς
665 888 763 929 oluf&
791 889 911 936 ἄφιε-ος
937 888 1104 938 ipsun&
1131 888 1209 942 mg}
1238 883 1367 935 πιίφςης.

447 951 518 988 Sed
538 949 621 989 haec
641 949 978 988 ambulationibus
1000 947 1293 1000 Compitaliciis
1313 947 1564 985 reservemus.
1608 949 1678 986 Tu
1704 945 1831 999 pridie

446 1015 686 1068 Compitalia
723 1023 938 1052 memento.
988 1013 1197 1051 Balineum
1228 1011 1376 1050 calfieri
1402 1011 1583 1064 jubebo:
1628 1022 1667 1050 et
1705 1013 1828 1051 Pom-

443 1081 603 1132 poniam
635 1079 822 1118 Terentia
853 1087 992 1130 rogat;
1037 1086 1203 1116 matrem
1234 1076 1510 1130 adjungemus.
1554 1071 1724 1129 Θεοφρόςκ
1749 1076 1830 1130 vig)

443 1143 640 1192 φιλετιμίας
658 1144 752 1183 affer
772 1143 874 1183 mihi
894 1144 942 1182 de
960 1143 1074 1182 libris
1093 1143 1243 1196 Qinti
1260 1142 1406 1183 fratris.

778 1347 1019 1384 C1cERo
1059 1346 1316 1384 Armco
1357 1346 1490 1384 SAL.

448 1474 520 1513 IV.
545 1473 690 1545 FEC
704 1474 829 1512 ISTI
861 1472 962 1511 mihi
983 1483 1224 1525 pergratum,
1244 1473 1351 1525 quod
1373 1473 1590 1526 Serapionis
1613 1473 1761 1512 librum
1781 1475 1830 1512 ad

624 1553 687 1577 me
708 1538 840 1578 mifisti
858 1558 868 1583 ;
900 1553 948 1577 ex
965 1552 1049 1592 ¹quo
1068 1538 1232 1592 quidem
1250 1552 1339 1591 ego,
1370 1539 1476 1591 quod
1501 1540 1603 1577 inter
1623 1552 1693 1577 nos
1714 1539 1830 1578 liceat

444 1605 588 1649 dicere,
606 1605 852 1642 millesimam
874 1613 1024 1656 partem
1044 1604 1110 1642 vix
1131 1603 1335 1656 intelligo:
1359 1617 1431 1656 pro
1446 1616 1492 1642 eo
1508 1604 1582 1642 tibi
1603 1604 1830 1657 praesentem

444 1670 652 1722 pecuniam
682 1669 777 1707 solvi
806 1670 992 1721 imperavi
1009 1687 1020 1714 3
1054 1681 1102 1707 ne
1123 1678 1166 1707 tu
1186 1667 1401 1721 expensum
1433 1669 1663 1708 muneribus
1694 1668 1830 1708 ferres.

444 1736 499 1775 At
519 1735 707 1788 quoniam
728 1747 986 1773 nummorum
1006 1735 1158 1773 mentio
1178 1734 1278 1772 facta
1295 1734 1374 1779 est;
1405 1734 1546 1773 amabo
1567 1744 1618 1779 te,
1649 1748 1755 1779 cura,
1787 1744 1831 1773 ut

443 1815 536 1839 cum
558 1801 729 1846 Titinio,
761 1814 924 1853 quoquo
944 1800 1064 1839 modo
1084 1800 1245 1852 poteris,
1277 1799 1475 1852 transigas.
1512 1800 1550 1838 Si
1572 1801 1613 1838 in
1632 1813 1694 1845 eo,
1724 1801 1831 1852 quod

443 1866 672 1910 ostenderat,
718 1878 797 1903 non
832 1865 930 1909 stat;
977 1864 1078 1903 mihi
1113 1865 1284 1903 maxime
1317 1865 1459 1918 placet,
1504 1878 1560 1909 ea,
1605 1879 1692 1918 quae
1730 1865 1832 1904 male

443 1942 576 1984 empta
596 1932 699 1976 sunt,
731 1930 854 1974 reddi,
887 1931 912 1968 s1
939 1931 1142 1968 voluntate
1170 1930 1399 1983 Pomponiae
1426 1930 1508 1969 fieri
1529 1931 1702 1984 poterit:
1736 1931 1760 1969 fi
1784 1945 1831 1970 ne

444 1997 485 2035 id
505 1997 695 2051 quidem;
730 1996 884 2035 nummi
906 1997 1037 2048 potius
1059 1995 1283 2041 reddantur,
1314 2009 1433 2049 quam
1463 1996 1566 2034 ullus
1595 1996 1639 2035 stt
1667 1997 1830 2050 scrupu-

445 2065 520 2101 lus.
567 2063 689 2101 Valde
710 2061 786 2101 hoc
806 2062 927 2100 velim
947 2071 1036 2100 ante
1055 2075 1173 2116 quam
1196 2061 1452 2115 proficiscare,
1484 2072 1671 2107 amanter,
1703 2073 1747 2101 ut
1769 2062 1830 2102 so·

446 2131 516 2174 les,
546 2129 834 2181 diligenterque
861 2128 1062 2166 conficias.
1109 2127 1276 2166 Clodius
1307 2141 1414 2180 ergo,
1447 2138 1490 2166 ut
1517 2129 1586 2173 ais,
1617 2128 1663 2166 ad
1686 2129 1830 2182 Tigra·

447 2196 569 2233 nem?
601 2195 720 2232 velim
755 2193 917 2247 Syspirae
951 2193 1205 2232 conditione:
1239 2193 1301 2231 scd
1336 2193 1451 2232 facile
1486 2195 1638 2247 patior:
1671 2207 1829 2233 accom-

446 2261 641 2298 modatius
662 2261 768 2298 enim
791 2260 903 2298 nobis
923 2259 977 2298 est
1007 2259 1052 2298 ad
1082 2259 1246 2298 liberam
1279 2259 1515 2312 legationem
1538 2270 1692 2312 tempus
1715 2260 1830 2305 illud,

445 2341 537 2364 cum
569 2336 608 2364 et
639 2327 817 2376 Qintus
851 2325 976 2364 noster
997 2327 1095 2378 jam,
1128 2335 1170 2364 ut
1192 2326 1402 2379 speramus,
1434 2327 1472 2364 in
1495 2327 1578 2364 otio
1598 2326 1828 2370 consederit.

444 2403 499 2436 ct,
533 2393 597 2429 istc
627 2392 796 2430 sacerdos
829 2393 945 2431 Bona:
975 2393 1068 2430 Deae
1088 2393 1201 2444 cnjus
1232 2392 1339 2430 modi
1363 2391 1518 2430 futurus
1541 2393 1600 2436 sut.
1632 2392 1718 2430 sciri
1741 2393 1829 2446 pos·

447 2459 504 2495 fit.
547 2458 694 2496 Interea
714 2458 873 2509 quidem
896 2471 988 2496 cum
1010 2457 1136 2496 Mufis
1159 2471 1227 2496 nos
1249 2458 1527 2497 delectabimus
1549 2459 1682 2496 animo
1702 2472 1827 2512 aequo,

448 2526 571 2562 immo
600 2538 689 2561 vcro
720 2525 837 2563 ctiam
869 2525 1054 2577 gaudenti
1086 2538 1127 2562 nc
1162 2525 1331 2564 libenti:
1365 2539 1489 2577 neque
1522 2523 1623 2563 mihi
1654 2537 1830 2578 unquam
