2243 3008
516 254 622 293 AD
683 253 1113 292 ATTICUM
1178 256 1319 296 LIB.
1369 258 1444 297 XI.
1598 274 1675 313 305

291 354 399 393 enim
420 352 529 397 scire,
559 352 714 390 summo
743 351 860 389 illum
890 351 931 388 in
952 351 1044 389 odio
1064 350 1175 389 fuiss‘e
1206 353 1372 399 Caesari;
1404 356 1518 394 illum
1542 366 1673 395 tamen

290 432 370 457 non
390 417 509 456 modo
528 416 673 462 faviffe,
705 416 768 454 sed
797 426 836 454 et
866 425 1013 454 tantam
1034 416 1094 454 illi
1124 418 1331 469 pecuniam
1351 419 1491 458 dediffe
1512 420 1673 460 honoris

290 484 369 522 mei
389 482 512 521 causa.
546 483 638 520 Hoc
658 495 731 533 ego
752 482 885 520 dolore
905 491 1080 534 accept0,
1111 482 1219 520 volui
1240 483 1335 521 scire
1356 485 1451 536 quid
1473 485 1672 537 scripsisset

289 549 337 586 ad
357 557 514 587 caeteros
533 562 542 585 ε
574 548 644 600 ips1
665 548 771 585 enim
792 547 852 584 illi
873 548 1007 600 putavi
1027 547 1291 599 perniciosum
1312 548 1409 594 fore,
1442 550 1467 587 fi
1493 552 1574 602 ejus
1596 551 1672 589 hoc

288 623 445 651 tantum
466 613 589 650 scelus
609 611 917 664 percrebruisset.
963 613 1145 664 Cognovi
1164 613 1336 665 ejusdem
1356 616 1507 666 generis
1527 630 1535 652 :
1569 615 1615 652 ad
1637 626 1673 653 te

287 679 374 716 misi
393 693 402 717 :
434 691 528 730 quas
558 677 584 715 fi
613 678 770 730 putabis
792 677 853 715 illi
881 677 952 729 ipfi
973 677 1071 715 utile
1090 678 1161 716 effe
1183 678 1305 723 reddi,
1336 679 1499 725 reddes;
1532 680 1588 717 nil
1610 694 1673 718 me

286 743 414 781 laedet.
449 744 554 781 Nam
575 742 681 794 quod
701 743 895 794 refignatae
917 742 1032 787 sunt3
1065 741 1197 788 habet,
1228 744 1383 796 opinor,
1414 746 1497 796 ejus
1518 745 1672 797 {ignum

287 809 521 861 Pomponia.
567 808 655 846 Hac
688 808 757 846 ille
786 808 995 846 acerbitate
1024 808 1140 846 initio
1169 810 1428 861 navigationis
1458 824 1551 848 cum
1582 811 1670 848 usus

287 874 392 919 esset,
425 882 532 911 tanto
552 886 616 911 me
635 873 768 910 dolore
788 872 934 917 affecit,
957 882 1001 911 ut
1021 873 1150 925 postea
1163 874 1356 925 jacuerim
1373 893 1384 919 3
1417 889 1544 928 neque
1565 889 1671 914 nunc

287 948 368 977 tam
388 951 459 991 pro
486 937 537 982 se,
568 951 686 990 quam
715 946 852 975 contra
879 951 958 982 me,
989 938 1161 975 laborare
1190 938 1349 978 dicitur.
1396 941 1456 978 Ita
1484 941 1670 978 omnibus

287 1003 402 1041 rebus
423 1016 585 1055 urgeor3
608 1015 702 1055 quas
724 1002 906 1040 sustinere
927 1003 992 1040 vix
1013 1002 1180 1055 poffum,
1202 1003 1263 1041 vel
1283 1005 1398 1056 plane
1419 1005 1531 1043 nullo
1551 1006 1671 1043 modo

286 1069 466 1121 possum:
500 1067 644 1120 quibus
674 1069 715 1105 in
746 1068 910 1106 miseriis
942 1081 1018 1105 una
1037 1068 1090 1105 est
1108 1081 1180 1120 pro
1200 1069 1402 1114 omnibus,
1433 1071 1540 1122 quod
1561 1070 1670 1109 istam

286 1134 467 1172 miseram
511 1133 764 1184 patrimonio,
809 1132 968 1170 fortuna
1012 1134 1137 1177 omni,
1184 1133 1388 1185 spoliatam
1433 1136 1667 1188 relinquam.

286 1201 417 1250 Qare
439 1207 490 1242 te,
522 1205 567 1234 ut
585 1196 799 1249 polliceris,
831 1197 960 1234 videre
989 1197 1103 1249 plane
1130 1198 1277 1237 velim:
1309 1199 1431 1237 alium
1452 1201 1573 1245 enim,
1605 1202 1670 1239 cui

283 1264 395 1302 illam
416 1262 706 1306 commendem,
737 1261 862 1300 habeo
888 1263 1115 1307 neminem;
1149 1265 1336 1316 quoniam
1366 1266 1480 1303 matri
1511 1280 1670 1318 quoque

285 1329 419 1367 eadem
439 1327 618 1366 intellexi
638 1327 709 1365 effe
729 1337 872 1380 parata,
903 1341 990 1380 quae
1020 1327 1135 1366 mihi.
1184 1329 1270 1373 Sed,
1303 1330 1328 1367 fi
1358 1344 1520 1368 menon
1540 1331 1668 1369 offen-

286 1394 367 1439 des,
405 1393 492 1431 satis
529 1401 658 1430 tamen
693 1391 836 1431 habeto
870 1392 1201 1437 commendatam,
1239 1403 1503 1447 patruumque
1537 1397 1576 1433 in
1612 1410 1668 1440 ea,

286 1467 480 1511 quantum
501 1457 661 1510 poteris,
693 1459 888 1510 mitigato.
935 1459 1033 1496 Haec
1055 1458 1100 1494 ad
1123 1467 1159 1495 te
1180 1458 1242 1496 die
1263 1459 1381 1497 natali
1403 1474 1489 1498 meo
1511 1460 1637 1513 scripsi
1658 1478 1665 1498 :

286 1536 366 1574 quo
387 1522 539 1560 utinam
563 1521 760 1572 susceptus
788 1535 865 1559 non
894 1522 1023 1565 essem,
1055 1531 1120 1559 aut
1142 1536 1188 1559 ne
1209 1522 1305 1574 quid
1326 1537 1373 1561 ex
1393 1524 1525 1563 eadem
1547 1535 1669 1563 matre

287 1585 416 1639 postea
435 1594 571 1624 natum
591 1584 695 1624 effet.
729 1586 846 1624 Plura
866 1585 1030 1624 scribere
1051 1585 1144 1624 fletu
1164 1586 1391 1639 prohibeor.

623 1788 864 1826 Cxczko
905 1790 1158 1842 AT‘rrco
1201 1789 1329 1827 SAL.

286 1918 339 1956 X.
364 1914 485 1987 AD
508 1929 611 1954 meas
633 1916 882 1954 incredibiles
903 1916 1150 1968 aegritudines
1168 1916 1317 1968 aliquid
1339 1917 1429 1954 novi
1451 1917 1598 1956 accedit
1618 1933 1665 1957 ex

462 1983 510 2020 iis
532 1996 617 2034 quae
638 1982 684 2019 de
701 1983 833 2033 QQ
843 1981 889 2018 ad
909 1995 972 2019 me
992 1980 1220 2020 afferuntur.
1255 1982 1537 2028 P.Terentius,
1556 1997 1664 2022 meus

286 2047 527 2091 necessarius,
559 2060 718 2099 magnas
738 2060 871 2099 operas
892 2047 932 2084 in
954 2057 1068 2099 portu
1091 2056 1128 2084 et
1150 2047 1337 2099 scriptura
1357 2048 1455 2086 Afiae
1482 2062 1552 2100 pro
1579 2062 1664 2086 ma-

285 2113 404 2165 gistro
435 2113 555 2151 dedit.
602 2114 640 2151 Is
662 2114 861 2164 Qintum
884 2113 1012 2151 filium
1034 2112 1176 2165 Ephefi
1198 2114 1296 2151 vidit
1319 2127 1361 2151 VI
1386 2114 1443 2152 Id.
1470 2115 1662 2152 Decemb.

286 2192 455 2230 eumque
476 2177 639 2216 studiose
659 2188 818 2230 propter
837 2178 1052 2216 amicitiam
1075 2178 1241 2215 nostram
1263 2178 1470 2222 invitavit5
1493 2192 1664 2230 cumque

286 2256 340 2282 ex
353 2256 399 2280 eo
419 2243 466 2280 de
485 2257 547 2281 me
568 2252 804 2288 contaretur,
835 2257 926 2281 eum
947 2243 1017 2281 fibi
1048 2243 1101 2280 ita
1121 2242 1255 2280 dixisse
1284 2243 1474 2287 narrabat,
1507 2242 1542 2280 se
1563 2243 1664 2281 mihi

287 2307 359 2345 effe
379 2308 714 2353 inimiciffimum;
737 2309 1001 2360 volumenque
1022 2308 1090 2346 fibi
1111 2307 1310 2345 ostendisse
1329 2308 1529 2353 orationis,
1547 2322 1666 2361 quam

289 2372 391 2425 apud
408 2372 595 2410 Caesarem
615 2382 750 2412 contra
770 2387 832 2411 me
852 2373 941 2411 efi'et
961 2373 1186 2411 habiturus:
1210 2373 1335 2411 multa
1350 2387 1370 2411 a
1391 2373 1425 2411 se
1446 2373 1547 2411 dicta
1566 2387 1664 2411 con-

289 2448 346 2474 tra
365 2437 447 2488 ejus
469 2437 700 2476 amentiam:
724 2439 849 2476 multa
869 2437 995 2491 postea
1017 2438 1140 2476 Patris
1161 2438 1356 2476 consimili
1376 2438 1514 2476 scelere
1536 2438 1665 2475 secum

289 2502 489 2553 Qintum
510 2510 659 2553 patrem
680 2501 883 2549 locutum3
906 2504 1017 2555 cujus
1039 2502 1211 2542 furorem
1231 2517 1278 2541 ex
1299 2504 1345 2540 iis
1366 2503 1550 2555 epistolis,
1570 2516 1664 2554 quas

375 2569 511 2606 Tom.
545 2567 660 2606 VIII.
1275 2569 1368 2623 (ξς
