2243 3008
522 262 630 301 AD
687 259 1119 299 ATTICUM
1186 261 1454 305 mavi.
1611 268 1686 321 167

294 361 477 406 nostram,
507 373 587 399 non
607 357 900 412 negligendam.
933 360 1065 411 Qare
1087 369 1129 398 tu
1150 374 1324 413 quoque,
1361 363 1418 401 mi
1437 365 1586 411 Attice,
1618 366 1681 405 in-

293 427 381 480 cipe
401 426 442 465 id
461 439 603 479 cupere
618 443 631 471 5
662 438 742 477 quo
763 437 834 463 nos
856 425 988 464 minus
1009 425 1135 478 inepti
1155 425 1373 466 videamur.

627 627 871 664 CICERO
911 626 1167 665 ATTrco
1207 626 1341 667 SAL.

289 753 386 793 VII.
499 755 537 792 U
553 754 626 792 IN
642 756 679 793 T
695 755 733 793 U
748 755 770 792 S
801 753 922 799 filius,
952 753 1017 806 pie
1043 753 1144 800 sane,
1174 771 1239 795 me
1259 756 1421 811 quidem
1441 767 1545 797 certe
1564 760 1673 799 mul-

507 829 592 857 tum
613 818 809 864 hortante,
840 818 904 856 sed
923 828 1162 866 currentem,
1193 823 1371 861 animum
1393 824 1511 875 patris
1532 825 1589 863 sui
1611 826 1673 864 so-

288 885 367 922 rori
387 894 463 924 tuae
483 884 765 924 reconciliavit.
802 886 909 923 Eum
928 884 1039 923 valde
1058 886 1177 924 etiam
1198 896 1274 926 tuae
1295 888 1415 926 literae
1435 891 1672 930 excitarunt.

289 952 400 1002 Qid
420 952 560 1004 quaeris
579 953 593 989 ?
623 951 781 989 confido
800 964 898 996 rem,
929 960 974 990 ut
993 951 1193 997 volumus,
1224 953 1309 993 effe.
1351 955 1418 993 Bis
1439 955 1485 993 ad
1506 966 1544 994 te
1563 967 1675 996 antea

289 1017 418 1070 scripfi
440 1018 487 1056 de
507 1032 547 1056 re
567 1031 654 1056 mea
681 1017 882 1062 familiari,
913 1017 940 1055 fi
971 1017 1091 1056 modo
1122 1019 1197 1057 tibi
1228 1019 1388 1059 redditae
1417 1021 1538 1060 literae
1567 1023 1673 1069 sunt,

289 1083 428 1121 Graece
456 1080 485 1118 ἐν
503 1080 680 1131 cdvi-ymb.
730 1084 889 1121 Scilicet
922 1082 1025 1121 nihil
1058 1084 1112 1122 est
1143 1085 1412 1126 movendum:
1444 1087 1508 1125 sed
1541 1097 1675 1128 tamen

287 1144 426 1194 ἀφελῶς
444 1147 735 1200 perenn-stando
754 1148 802 1186 de
821 1149 1051 1187 nominibus
1072 1150 1258 1196 Milonis,
1289 1162 1328 1190 et
1347 1162 1392 1190 ut
1411 1154 1607 1206 expediat,
1630 1165 1674 1194 ut

286 1211 389 1250 mihi
409 1213 571 1265 recepit,
597 1212 806 1259 hortando,
827 1213 977 1266 aliquid
998 1214 1052 1252 ita
1072 1224 1114 1253 tu
1135 1216 1332 1267 proficies.
1363 1219 1452 1270 Ego
1472 1220 1676 1259 Laodiceae

288 1278 531 1330 Qaestorem
561 1279 806 1318 Mescinium
835 1281 1036 1333 expestare
1061 1281 1168 1332 juffi,
1199 1291 1244 1320 ut
1277 1282 1472 1323 confectas
1506 1286 1673 1325 rationes

286 1343 374 1396 lege
388 1344 496 1395 Julia
514 1343 618 1397 apud
637 1345 731 1383 duas
751 1345 927 1384 civitates
949 1345 1087 1398 poffim
1107 1347 1341 1400 relinquere.
1371 1349 1563 1389 Rhodum
1583 1351 1674 1390 volo

288 1423 501 1462 puerorum
521 1409 631 1448 causa
646 1430 658 1456 ς,
690 1410 782 1449 inde
806 1412 1101 1464 quamprimum
1122 1411 1314 1459 Athenas,
1344 1414 1411 1452 etfi
1439 1416 1562 1454 etefiae
1588 1417 1673 1454 val-

287 1473 335 1513 de
354 1475 491 1514 reflant
508 1490 520 1513 :
551 1475 615 1513 sed
635 1476 750 1528 plane
769 1476 860 1514 volo
879 1476 942 1515 his
962 1476 1268 1529 magistratibus,
1297 1493 1468 1531 quorum
1488 1481 1673 1520 volunta-

286 1549 369 1578 tem
398 1541 440 1578 in
474 1540 759 1593 supplicatione
788 1542 874 1581 sum
902 1552 1100 1595 expertus.
1146 1545 1213 1582 Tu
1243 1553 1374 1582 tamen
1406 1547 1522 1584 mitte
1553 1546 1675 1593 mihi,

288 1605 433 1657 quaeso,
462 1606 621 1644 obviam
654 1607 799 1653 literas,
831 1621 929 1645 num
959 1608 1056 1660 quid
1085 1617 1197 1660 putes
1232 1610 1479 1662 Reipublicae
1511 1613 1674 1651 nomine

288 1671 522 1710 tardandum
541 1672 613 1710 effe
633 1673 763 1712 nobis.
790 1674 890 1712 Tiro
909 1674 956 1711 ad
976 1683 1015 1711 te
1035 1673 1194 1712 dedisset
1213 1675 1358 1721 literas,
1380 1677 1450 1714 nisi
1471 1691 1562 1715 eum
1582 1691 1672 1730 gra-

288 1738 387 1775 viter
407 1751 555 1789 aegrum
575 1738 637 1776 Iffi
664 1738 917 1791 reliquissem.
964 1739 1037 1777 Sed
1067 1740 1265 1785 nuntiant,
1296 1742 1439 1780 melius
1468 1743 1568 1782 effe:
1599 1757 1676 1796 ego

288 1810 418 1839 tamen
439 1814 561 1854 angor
575 1820 588 1847 ς
620 1801 724 1840 nihil
749 1803 857 1842 enim
885 1803 958 1842 illo
987 1803 1228 1842 adolescente
1259 1805 1412 1851 castius,
1444 1806 1546 1845 nihil
1576 1807 1673 1845 dili-

287 1866 460 1919 gentius.

627 2068 870 2107 Cxcnno
910 2070 1165 2108 AT’rxco
1208 2069 1339 2109 SAL.

290 2197 406 2237 VIII.
429 2195 498 2270 C
514 2197 553 2234 U
568 2196 616 2235 M
647 2197 894 2236 instituiffem
913 2197 961 2236 ad
981 2207 1019 2237 te
1038 2198 1218 2244 scribere,
1241 2201 1515 2251 calamumque
1535 2199 1671 2253 sump-

530 2263 667 2308 fiffem,
697 2263 886 2302 Batonius
915 2277 936 2301 e
965 2265 1053 2303 navi
1083 2266 1183 2302 recta
1212 2265 1259 2303 ad
1288 2278 1352 2302 me
1371 2265 1479 2301 venit
1506 2263 1674 2306 domum

292 2327 504 2380 Ephesuet
524 2328 726 2381 epistolam
746 2338 854 2368 tuam
873 2329 1044 2367 reddidit
1064 2329 1166 2381 prid.
1190 2330 1281 2369 Kal.
1301 2329 1507 2369 Octobres.
1541 2331 1670 2370 Laeta-

291 2404 354 2431 tus
376 2393 461 2431 sum
480 2393 668 2433 felicitate
686 2395 946 2447 navigationis
967 2404 1057 2440 tuae,
1088 2397 1382 2448 opportunitate
1403 2396 1527 2441 Piliae,
1552 2398 1672 2436 etiam

292 2457 517 2497 mehercule
537 2459 711 2498 sermone
739 2461 910 2512 ejusdem
937 2460 985 2499 de
1013 2462 1200 2513 conjugio
1219 2462 1367 2500 Tulliae
1395 2475 1504 2500 rneae.
1551 2463 1671 2500 Bato-

294 2524 381 2562 nius
415 2532 547 2562 autem
580 2524 700 2562 miros
734 2533 895 2564 terrores
928 2526 976 2564 ad
1008 2540 1072 2565 me
1106 2527 1240 2565 attulit
1275 2526 1534 2566 Caesarianos:
1577 2539 1679 2566 cum
