2243 3008
473 220 556 264 474
832 205 1527 249 EPISTOLARUM.

775 437 1010 480 Crcssno
1059 437 1380 475 Carti-orm
1428 450 1529 477 suo
1571 440 1615 478 S.

475 564 560 638 N
577 564 671 604 UN
685 564 823 615 QUA
838 564 887 602 M
910 563 1046 616 putavi
1067 562 1166 607 fore,
1189 570 1232 600 ut
1253 561 1418 615 supplex
1438 565 1485 603 ad
1507 575 1543 604 te
1564 566 1762 607 venirem:
1796 567 1860 607 sed

593 629 754 668 hercule
774 628 890 667 facile
911 629 1038 681 patior
1058 627 1195 667 datum
1216 636 1386 681 tempus,
1417 629 1459 668 in
1486 643 1566 683 quo
1594 643 1768 672 amorem
1788 647 1859 672 ex-

470 697 620 751 perirer
652 705 779 735 tuum.
827 695 1013 733 Atticum
1044 694 1183 746 quanti
1212 692 1371 739 faciam,
1403 694 1491 735 scis.
1545 696 1702 735 Amabo
1728 707 1780 744 te,
1809 699 1860 738 da

472 761 575 801 mihi
596 771 636 800 et
655 760 732 798 hoc
753 775 761 798 :
794 759 1023 798 obliviscere
1043 773 1130 798 mea
1155 759 1280 803 causa,
1310 759 1428 798 illum
1460 760 1672 814 aliquando
1699 762 1766 801 suo
1797 763 1857 802 fa-

471 826 637 871 miliari,
665 824 878 863 adversario
907 834 990 869 tuo,
1021 823 1181 863 voluiffe
1201 824 1442 870 consultum,
1479 840 1572 865 cum
1594 827 1702 865 illius
1722 828 1858 867 existi-

472 892 596 932 matio
615 900 806 944 ageretur.
854 890 945 928 Hoc
965 889 1142 943 primum
1163 889 1362 942 ignoscere
1383 891 1436 929 est
1468 891 1726 931 humanitatis
1751 903 1825 932 tuae
1840 913 1862 940 ς.

475 957 563 996 suos
583 957 691 995 enim
714 956 879 1008 quisque
899 955 1016 993 debet
1045 955 1173 994 tueri:
1206 955 1360 1001 deinde,
1394 957 1422 995 fi
1453 971 1516 996 me
1543 971 1669 1002 amas,
1694 959 1858 1011 (omitte

470 1021 678 1073 Atticum)
703 1020 888 1058 Ciceroni
909 1029 993 1065 tuo,
1024 1034 1144 1073 quern
1166 1021 1304 1073 quanti
1324 1020 1442 1060 facias
1466 1036 1543 1075 prae
1566 1033 1602 1061 te
1623 1023 1719 1062 soles
1741 1023 1855 1071 ferre,

472 1095 603 1125 totum
623 1085 698 1124 hoc
720 1085 780 1130 da,
804 1095 861 1130 ut,
885 1085 991 1137 quod
1013 1085 1163 1138 semper
1183 1085 1414 1132 existimavi,
1440 1101 1545 1126 nunc
1568 1088 1682 1141 plane
1702 1089 1856 1128 intelli-

470 1165 577 1204 gam,
608 1165 672 1190 me
692 1165 712 1188 a
733 1160 770 1189 te
792 1151 964 1190 multum
986 1152 1120 1190 amari.
1171 1151 1403 1191 Buthrotios
1433 1167 1527 1192 cum
1548 1154 1674 1192 Caesar
1700 1154 1857 1194 decreto

471 1218 553 1265 suo,
588 1217 697 1271 quod
717 1231 790 1269 ego
810 1217 1009 1269 obsignavi
1031 1231 1124 1256 cum
1144 1218 1282 1256 multis
1303 1219 1548 1271 amplissimis
1570 1221 1678 1266 viris,
1710 1221 1854 1260 libera-

470 1283 595 1330 visset,
625 1282 924 1335 ostendiffetque
956 1284 1086 1328 nobis,
1117 1283 1168 1329 se,
1199 1298 1293 1322 cum
1326 1286 1464 1337 agrarii
1493 1300 1598 1325 mare
1625 1287 1853 1333 transiss‘ent,

469 1349 601 1388 literas
624 1348 844 1393 miffurum,
881 1363 1002 1401 quem
1031 1350 1072 1386 in
1103 1363 1240 1401 agrum
1269 1349 1584 1397 deducerentur;
1618 1353 1777 1397 accidit,
1810 1362 1854 1392 ut

471 1415 602 1454 subito
621 1415 689 1452 ille
709 1415 901 1452 interiret.
952 1414 1121 1459 Deinde,
1157 1416 1491 1468 quemadmodum
1526 1426 1567 1455 tu
1591 1417 1676 1462 scis,
1709 1419 1853 1469 (inter-

470 1478 579 1518 fuisti
598 1480 722 1524 enim,
744 1492 836 1516 cum
857 1479 1037 1517 consules
1056 1489 1252 1532 oporteret
1273 1494 1321 1517 ex
1342 1480 1700 1520 senatus-consulto
1719 1483 1767 1520 de
1786 1497 1863 1521 ac-.

474 1546 523 1583 tis
546 1544 704 1583 Caesaris
725 1543 976 1595 cognoscere)
1001 1557 1057 1582 res
1080 1544 1127 1581 ab
1149 1545 1196 1582 iis
1217 1545 1257 1582 in
1279 1545 1368 1583 Kal.
1394 1546 1488 1595 Jun.
1510 1545 1630 1584 dilata
1652 1547 1719 1584 est.
1768 1549 1853 1586 Ac·

468 1610 577 1648 ceffit
605 1609 651 1647 ad
684 1607 1087 1655 senatus-consultum
1118 1609 1198 1653 lex,
1230 1624 1315 1662 quae
1344 1610 1420 1648 lata
1450 1610 1504 1648 est
1529 1625 1565 1650 a.
1599 1611 1638 1649 d.
1672 1625 1716 1649 ιν
1740 1612 1852 1652 Non.

469 1676 564 1727 Jun.
596 1689 683 1728 quae
710 1675 772 1712 lex
795 1688 927 1712 earum
947 1689 1076 1713 rerum
1099 1689 1194 1727 quas
1222 1675 1345 1714 Caesar
1379 1675 1575 1721 statuiffet,
1611 1677 1851 1725 decreviffet,

470 1741 618 1794 egisset,
650 1741 890 1780 Consulibus
921 1742 1192 1794 cognitionem
1230 1741 1349 1780 dedit.
1393 1743 1515 1780 Causa
1548 1743 1853 1784 Buthrotiorum

473 1807 598 1845 delata
626 1806 678 1845 est
700 1806 745 1844 ad
777 1806 982 1844 Consules.
1034 1808 1248 1845 Decretum
1282 1807 1440 1846 Caesaris
1475 1809 1682 1846 recitatum
1713 1809 1781 1854 est,
1812 1820 1851 1848 et

469 1873 588 1910 multi
624 1881 805 1924 praeterea
836 1871 963 1910 libelli
997 1872 1155 1910 Caesaris
1187 1873 1343 1924 prolati.
1395 1874 1585 1912 Consules
1621 1874 1668 1912 de
1698 1875 1851 1914 consilii

470 1938 660 1976 sententia
689 1937 942 1975 decreverunt
972 1938 1188 1976 secundum
1218 1937 1479 1984 Buthrotios;
1513 1939 1703 1978 Plancum
1731 1940 1850 1978 dede-

469 2014 577 2042 runt.
610 2003 745 2046 Nunc,
770 2004 823 2040 mi
848 2004 990 2055 Capito
1014 2004 1112 2054 (scio
1132 2005 1237 2041 enim
1260 2014 1453 2055 quantum
1476 2005 1624 2056 semper
1645 2006 1746 2057 apud
1767 2020 1848 2051 eos,

468 2068 707 2122 quibuscum
729 2068 790 2113 fis,
815 2068 915 2120 polii:
937 2068 1069 2111 soleas,
1087 2082 1132 2105 eo
1150 2069 1236 2120 plus
1259 2069 1359 2121 apud
1382 2069 1587 2108 hominem
1609 2070 1850 2111 facillimum

469 2145 583 2186 atque
615 2133 939 2171 humanitiimum
977 2134 1186 2182 Plancum)
1221 2135 1381 2178 enitere,
1417 2136 1585 2179 elabora,
1619 2136 1679 2174 vel
1715 2138 1847 2187 potius

467 2199 681 2242 eblandire,
713 2199 836 2243 effice,
870 2208 912 2236 ut
950 2199 1129 2242 Plancus.
1162 2213 1280 2250 quem
1316 2199 1422 2251 spero
1455 2201 1654 2252 optimum
1682 2201 1768 2246 effe,
1803 2202 1849 2241 fit

468 2267 586 2303 etiam
610 2265 748 2302 melior
779 2278 894 2316 opera
927 2275 1001 2302 tua.
1053 2265 1232 2302 Omnino
1261 2279 1316 2302 res
1340 2265 1563 2317 hujusmodi
1586 2266 1739 2304 videtur
1759 2267 1846 2312 effe,

473 2341 515 2369 ut
539 2330 612 2367 sine
634 2330 863 2381 cujusquam
886 2331 1008 2381 gratia
1026 2330 1192 2368 Plancus
1215 2330 1291 2382 ipsc
1314 2345 1382 2382 pro
1405 2332 1563 2383 ingenio
1583 2341 1620 2369 ct
1642 2332 1850 2384 prudentia

470 2396 532 2433 sua
555 2408 630 2431 non
655 2395 697 2431 sit
719 2394 983 2438 dubitaturus,
1016 2395 1112 2447 quin
1134 2396 1334 2433 decretum
1359 2396 1592 2441 Consulum,
1617 2410 1786 2448 quorum
1807 2406 1847 2436 ct

469 2461 551 2513 lege
571 2469 608 2497 ct
632 2459 987 2499 senatus-consulto
1018 2461 1196 2512 cognitio
1222 2470 1258 2498 et
1275 2461 1475 2513 judicium
1495 2460 1590 2508 fuit,
1619 2463 1847 2509 conservem
