2243 3008
465 228 541 279 258
811 226 1501 266 EPISTOLARUM

463 325 582 363 etiam
603 324 703 363 illud
723 338 791 378 par
810 325 851 364 in
872 318 1040 378 utrmque
1060 326 1250 370 nostrum,
1281 325 1389 378 quod
1408 325 1456 364 ab
1477 324 1621 364 eisdem
1641 324 1763 364 ille-sti
1783 324 1851 364 su-

465 404 570 429 mus,
616 390 689 429 Sed
714 391 867 430 utinam
888 401 1043 430 tantum
1063 405 1137 444 ego
1155 393 1190 430 ei
1211 391 1384 444 prodeffe
1404 391 1626 445 potuissem,
1657 401 1855 444 quantum

465 455 568 494 mihi
588 456 656 494 ille
675 457 820 509 potuit.
867 456 978 495 Mihi
1007 466 1155 501 tamen,
1186 456 1293 508 quod
1319 455 1432 502 fecit,
1461 456 1747 509 gratiffimum:
1779 469 1854 494 nee

465 535 539 574 ego
561 535 666 560 nunc
687 536 777 561 eum
793 524 929 576 juvare
949 537 1026 575 qua
1046 536 1085 561 re
1105 522 1260 576 postia),
1282 521 1386 560 scio:
1419 535 1506 568 nec,
1527 522 1557 561 fi
1575 522 1737 575 poffem,
1759 535 1855 560 cum

465 596 548 626 tam
567 587 796 640 pestiferum
818 589 968 627 bellum
989 597 1152 641 pararet,
1183 586 1449 639 adjuvandum
1468 597 1647 640 putarem
1665 603 1675 626 ε
1698 597 1857 626 tantum

466 652 663 692 offendere
683 655 862 692 animum
881 656 965 706 ejus
985 654 1051 692 hic
1071 666 1232 692 manens
1260 653 1368 691 nolo.
1414 653 1502 691 Nec
1533 652 1758 691 mehercule
1786 653 1857 691 issa

466 718 611 764 videre,
641 733 727 772 quae
757 729 799 757 tu
829 729 939 772 potes
961 720 1048 771 jam
1066 719 1198 757 animo
1219 718 1436 771 providere,
1468 732 1540 756 nec
1567 718 1742 756 intereffe
1773 718 1856 757 istis

467 785 597 829 malis,
630 785 787 837 poss'em.
822 784 894 822 Sed
914 798 960 823 eo
981 784 1126 822 tardior
1145 784 1194 822 ad
1213 783 1492 823 discedendum
1511 783 1587 829 fui,
1619 783 1727 836 quod
1747 783 1855 821 diffi-

467 849 544 888 cile
577 849 632 888 est
660 849 707 887 de
735 849 896 888 discessu
924 850 1147 888 voluntario
1177 849 1254 888 fine
1284 850 1365 888 ulla
1394 851 1458 902 spe
1488 849 1638 888 reditus
1665 849 1859 901 cogitantev

469 915 575 953 Nam
595 928 668 966 ego
688 913 795 953 hunc
816 916 870 952 ita
888 924 1067 968 paratum
1088 915 1202 954 video
1222 916 1413 968 peditatu,
1443 916 1637 968 equitatu,
1659 914 1856 960 claffibus,

467 980 625 1018 auxiliis
656 980 882 1026 Gallorum,
912 994 1012 1033 quos
1043 981 1194 1019 Matius
1224 976 1388 1032 ἐλαίπτζεν,
1419 990 1463 1018 ut
1494 989 1619 1033 puto:
1661 979 1723 1018 sed
1753 988 1860 1017 ceroe

468 1045 637 1091 dicebat,
668 1045 849 1098 peditum
881 1047 1032 1092 celos,
1063 1047 1249 1100 equitum
1275 1046 1354 1091 fex,
1385 1046 1565 1099 polliceri
1597 1046 1760 1098 sumptu
1788 1045 1859 1083 fue

467 1123 588 1157 annos
609 1110 759 1148 decem.
793 1111 864 1149 Sed
886 1111 931 1149 fit
950 1111 1026 1150 hoc
1047 1109 1225 1160 λάπτσμοι.
1255 1112 1421 1164 Magnas
1442 1111 1561 1150 habet
1580 1122 1685 1149 certe
1699 1111 1856 1163 copias:

467 1185 506 1213 et
525 1175 688 1214 habebit
708 1189 803 1222 non,
835 1186 878 1215 ut
899 1177 981 1222 ille,
1011 1176 1189 1228 vectigal,
1222 1176 1284 1214 sed
1305 1177 1453 1215 civium
1476 1177 1591 1215 bona.
1624 1176 1738 1215 Adde
1758 1189 1856 1214 con-

469 1240 672 1280 fidentiam
705 1240 910 1288 hominis;
942 1242 1038 1280 adde
1073 1241 1388 1281 imbecillitatem
1425 1243 1620 1280 bonorum
1651 1242 1854 1285 virorum;

469 1307 539 1359 qui
559 1307 736 1360 quidem,
767 1308 875 1360 quod
904 1308 1020 1346 illum
1051 1308 1123 1346 fibi
1152 1308 1294 1346 merito
1321 1309 1468 1346 iratum
1486 1317 1640 1361 putant,
1672 1307 1855 1351 oderunt,

470 1381 515 1411 ut
546 1381 590 1410 tu
622 1372 772 1418 scribis,
803 1373 972 1412 ludum:
1004 1387 1047 1412 ac
1074 1373 1232 1418 vellem,
1264 1373 1416 1419 scribis,
1447 1373 1626 1426 quisnam
1648 1372 1714 1410 hic
1736 1372 1856 1424 figni-

470 1437 626 1476 ficaffet.
660 1438 733 1476 Sed
752 1446 791 1476 et
812 1438 894 1484 iste,
916 1439 1010 1492 quia
1028 1439 1118 1492 plus
1139 1438 1369 1484 ostenderat,
1391 1452 1511 1491 quam
1531 1438 1655 1483 fecit3
1677 1447 1716 1476 et
1737 1437 1857 1489 vulgo

469 1503 604 1550 illum,
634 1505 704 1557 qui
735 1514 928 1550 amarunt,
972 1519 1050 1543 non
1081 1514 1228 1543 amant.
1273 1505 1503 1556 Municipia
1531 1517 1620 1542 vero
1651 1513 1690 1541 et
1724 1502 1857 1540 rustici

470 1569 641 1608 Romani
661 1570 780 1608 illum
799 1579 999 1615 metuunt,
1030 1570 1138 1608 hunc
1159 1568 1286 1607 adhuc
1309 1569 1498 1622 diligunt.
1546 1571 1677 1621 Qare
1707 1569 1760 1606 ita
1786 1581 1858 1620 pa-

469 1644 574 1674 ratus
607 1635 674 1679 est,
708 1645 765 1680 ut,
796 1635 914 1674 etiam
946 1637 971 1674 s1
1005 1637 1160 1674 vincere
1191 1648 1270 1673 non
1303 1635 1431 1687 poffit‚
1462 1648 1542 1688 quo
1573 1634 1693 1673 modo
1728 1643 1860 1672 tamen

469 1699 548 1752 ipse
568 1700 673 1738 vinci
697 1699 808 1753 poffit
830 1714 908 1739 non
929 1701 1096 1740 videam.
1144 1702 1232 1752 Ego
1261 1709 1392 1738 autem
1423 1714 1502 1738 non
1535 1710 1613 1738 tam
1633 1694 1762 1745 >vileid-r
1778 1697 1858 1736 hu·-

464 1767 529 1817 jus
562 1767 697 1810 timeo,
729 1779 848 1818 quam
878 1762 1109 1813 πειθαναζγκην.
1150 1768 1188 1802 Αἱ
1217 1760 1256 1811 73
1286 1762 1346 1800 τῶν
1374 1761 1526 1812 περέηων
1556 1759 1685 1805 θεῷ-εκ,
1726 1764 1860 1816 inquit

470 1827 622 1869 Πλάτων,
643 1826 721 1866 αἵθ’
736 1828 783 1865 ’ότι
801 1828 1011 1878 μεμιγμέναι
1029 1827 1212 1876 ἀνίυγκαις.
1262 1830 1335 1868 Illa
1365 1828 1513 1876 ἀλίμενα.
1532 1828 1646 1866 video
1674 1828 1748 1866 tibi
1779 1842 1858 1866 non

472 1894 652 1945 probari:
697 1907 783 1945 quae
814 1907 862 1931 ne
893 1893 994 1932 mihi
1025 1894 1187 1944 quidem
1220 1895 1453 1946 placebant:
1497 1893 1558 1932 sed
1590 1893 1783 1932 habebam
1815 1896 1857 1932 in

472 1959 551 1998 illis
571 1968 611 1996 et
630 1958 953 2003 occultationem,
985 1968 1022 1995 et
1043 1956 1200 2006 &marian
1220 1960 1375 1998 fidelem
1395 1975 1403 1997 ε
1436 1973 1523 2011 qum
1545 1960 1570 1997 [ι
1597 1959 1697 1997 mihi
1728 1961 1857 1998 Brun-

471 2024 568 2062 dufii
590 2023 810 2076 suppetant,
843 2023 1003 2062 mallem
1022 2038 1030 2060 :
1064 2022 1126 2060 sed
1154 2024 1210 2061 ibi
1232 2025 1446 2062 occultatio
1468 2024 1577 2062 nulla
1595 2024 1662 2063 est.
1709 2025 1858 2063 Verum

472 2100 514 2128 ut
535 2089 685 2133 scribis,
717 2103 809 2128 cum
831 2089 1046 2128 scierimus.
1090 2089 1195 2127 Viris
1225 2090 1336 2128 bonis
1368 2103 1431 2128 me
1460 2103 1536 2128 non
1560 2091 1678 2128 nimis
1698 2091 1856 2130 excuso.

470 2158 578 2207 Qas
599 2156 706 2193 enim
726 2169 790 2193 eos
812 2168 942 2194 coenas
962 2164 1000 2193 et
1022 2154 1146 2193 facere
1166 2165 1205 2194 ct
1224 2156 1334 2194 obire
1356 2155 1504 2208 scripsit
1524 2156 1570 2193 ad
1592 2170 1655 2194 me
1683 2157 1822 2195 Sextus
1842 2159 1856 2195 ?

468 2235 586 2273 quam
607 2221 730 2259 lautas
750 2222 762 2258 ?
795 2234 914 2273 quam
936 2220 1180 2274 tempestivas
1200 2223 1212 2259 ?
1245 2222 1318 2260 Sed
1340 2221 1413 2259 lint
1433 2222 1612 2273 quamvis
1635 2222 1745 2266 boni,
1764 2237 1855 2268 :non

471 2287 557 2324 sunt
578 2286 758 2324 meliores
779 2299 898 2338 quam
921 2299 1014 2325 nos:
1048 2297 1248 2325 moverent
1270 2300 1346 2330 me.
1381 2287 1404 2324 sn
1426 2286 1544 2324 css‘ent
1564 2286 1759 2325 fortiores.
1795 2288 1858 2325 Dc

471 2352 676 2391 Lanuvino
700 2351 878 2391 Phameae
898 2352 1019 2391 erravi
1038 2367 1046 2391 :
1081 2354 1300 2405 Trujanum
1323 2353 1578 2391 somniabam.
1629 2353 1670 2391 ld
1691 2366 1763 2405 ego
1784 2368 1856 2391 vo—

468 2419 524 2455 lui
549 2431 592 2466 Q
615 2417 675 2455 scd
702 2417 824 2470 pluris
855 2418 921 2456 est.
972 2418 1074 2456 Istud
1108 2428 1235 2457 tamen
1267 2433 1451 2471 cuperem
1482 2433 1642 2462 emeres.
1676 2419 1702 2456 fi
1733 2420 1856 2457 ullam

469 2484 573 2534 spem
591 2481 746 2522 fruendi
764 2484 949 2522 viderem.
983 2484 1066 2522 Nos
1084 2498 1170 2535 qua:
1186 2484 1356 2524 monstra
1371 2485 1548 2538 quotidie
1568 2484 1857 2537 intelligamus,
