2243 3008
497 274 576 326 408
850 272 1540 315 EPISTOLARUM

548 509 874 548 Anromus
921 508 1159 546 CONSUL
1206 505 1245 545 S.
1291 505 1347 545 D.
1390 506 1455 546 M.
1500 506 1822 550 Cxcnnoux.

496 636 560 710 O
576 638 609 676 C
624 638 656 676 C
670 638 799 677 UPA
811 633 923 676 ‘I'IO
936 636 1061 675 NIB
1077 635 1151 674 US
1177 633 1223 686 est
1237 633 1389 685 saetam
1411 634 1494 674 meis
1513 643 1549 674 et
1560 635 1692 689 subita
1709 645 1776 676 tua
1788 645 1883 691 pro-

573 703 748 755 jectione,
777 717 821 741 ne
839 711 954 740 tecum
971 715 1091 741 coram
1109 699 1150 739 de
1176 700 1246 739 hac
1273 714 1313 738 re
1341 715 1484 754 agerem
1499 716 1513 739 :
1543 716 1650 755 quam
1677 701 1719 740 ob
1747 705 1887 757 causam

496 782 638 812 vereor,
669 782 712 806 ne
730 766 889 818 abſs’ntia
909 781 985 805 mea
1003 767 1118 806 levior
1120 766 1179 818 stt
1198 764 1299 819 apud
1313 775 1361 805 te.
1407 765 1516 818 Qod
1522 766 1566 818 st
1581 766 1720 806 bonitas
1738 776 1806 806 tua
1824 782 1887 807 re-

483 833 673 887 sponderit
680 832 818 884 judicio
837 847 921 878 meo,
953 832 1047 885 quod
1048 833 1194 885 semper
1211 831 1326 870 habui
1339 831 1380 870 de
1399 841 1449 878 te,
1474 832 1648 885 gaudebo.
1683 834 1729 872 A
1746 833 1889 887 Caefizre

491 899 598 953 petii,
629 908 672 937 ut
691 899 774 936 Sex.
798 898 958 938 Clodium
977 898 1178 949 restitueret
1192 913 1207 935 :
1236 897 1446 951 impetravi.
1488 900 1593 938 Erat
1612 899 1702 938 mihi
1716 899 1754 938 in
1773 899 1890 938 animo

497 964 606 1002 etiam
626 973 703 1002 tum
707 963 766 1014 stc
786 963 845 1001 uti
859 962 1017 1015 beneficio
1037 962 1122 1015 ejus,
1137 963 1181 1014 st
1200 971 1243 1001 tu
1261 961 1458 1015 conceffiſjes
1472 977 1487 1002 :
1517 977 1584 1016 quo
1610 964 1724 1016 magis
1752 963 1887 1010 laboro,

496 1038 541 1067 ut
560 1037 627 1068 tua
647 1028 835 1066 voluntate
852 1027 894 1066 id
906 1037 976 1081 per
994 1041 1046 1066 me
1060 1028 1195 1080 facere
1214 1042 1310 1067 nunc
1327 1028 1447 1066 liceat.
1497 1015 1644 1081 Qodsi
1657 1028 1835 1068 duriorem
1852 1037 1891 1068 te

496 1095 568 1147 ejus
587 1095 723 1145 mfirae
740 1103 776 1133 et
795 1094 1115 1147 effliblaefortunae
1125 1093 1282 1147 praebes,
1312 1109 1381 1133 non
1401 1094 1609 1134 contendam
1627 1109 1689 1148 ego
1718 1095 1890 1147 adversus

496 1170 533 1199 te
548 1178 560 1205 3
591 1173 794 1213 quanquam
815 1159 939 1199 videor
956 1159 1078 1199 debere
1097 1160 1198 1198 tueri
1213 1160 1501 1199 commentarium
1520 1161 1675 1214 Caesaris
1689 1176 1703 1199 :
1718 1160 1793 1213 βό
1813 1175 1889 1200 me-

497 1225 651 1270 hercule,
667 1225 711 1276 st
730 1225 950 1271 humaniter,
981 1235 1016 1264 et
1033 1225 1239 1278 sapienter,
1269 1234 1305 1264 et
1334 1225 1553 1271 amabiliter,
1581 1225 1619 1265 in
1647 1239 1701 1265 me
1729 1227 1889 1278 cogitare

496 1291 570 1337 vis,
585 1291 740 1344 facilem
753 1291 915 1344 profeHo
934 1299 971 1330 te
980 1290 1188 1345 praebebis3
1219 1299 1255 1329 et
1285 1292 1379 1330 voles
1408 1293 1459 1332 P.
1484 1291 1657 1338 Clodium,
1686 1292 1725 1330 in
1755 1292 1889 1345 optima

482 1358 554 1410 spe
570 1366 738 1410 puerum,
768 1357 955 1409 reposttum
985 1356 1194 1408 exstimare,
1224 1370 1293 1395 non
1323 1365 1360 1396 te
1383 1356 1591 1410 insectatum
1610 1356 1685 1410 effi,
1715 1371 1794 1396 cum
1816 1366 1889 1411 po-

498 1421 625 1467 tueris,
655 1421 781 1460 amicos
795 1430 981 1474 paternos.
1026 1423 1179 1466 Patere,
1208 1421 1344 1473 obstcro
1372 1430 1422 1468 te,
1446 1431 1518 1475 pro
1546 1421 1743 1476 Republica
1771 1422 1892 1461 videri

493 1487 620 1541 gffffi’
624 1487 849 1538 simultatem
867 1502 946 1526 cum
957 1496 1070 1540 patre
1089 1487 1161 1539 ejus
1178 1501 1188 1525 :
1218 1501 1288 1526 non
1307 1488 1549 1540 contempseris
1572 1487 1666 1526 hanc
1670 1488 1858 1539 familiam
1874 1503 1889 1527 :

495 1553 668 1605 honestius
686 1553 777 1591 enim
796 1562 831 1591 et
856 1552 1023 1591 libentius
1049 1552 1249 1606 deponimus
1273 1552 1479 1591 inimicitias
1509 1551 1729 1606 Reipublicae
1756 1554 1891 1593 nomine

483 1620 684 1673 sttfieptas,
714 1632 821 1672 quam
852 1618 1096 1658 contumaciae.
1145 1619 1213 1658 Me
1246 1617 1366 1657 deinde
1385 1618 1468 1669 fine
1497 1617 1548 1657 ad
1574 1618 1668 1657 hanc
1698 1618 1891 1672 opinionem

486 1685 568 1737 jam
602 1697 697 1723 nunc
725 1683 881 1738 dirigere
902 1694 1070 1738 puerum,
1101 1693 1138 1724 et
1167 1693 1287 1723 tenero
1321 1684 1436 1723 animo
1468 1685 1540 1737 ejus
1561 1683 1790 1738 persuadere,
1821 1700 1890 1725 non

496 1750 560 1803 eſje
578 1750 772 1790 tradendas
793 1750 938 1804 pesteris
969 1751 1187 1790 inimicitias.
1231 1752 1448 1804 Qanquam
1471 1761 1573 1790 tuam
1578 1751 1792 1803 fortunam,
1822 1751 1890 1790 Ci-

496 1830 591 1862 cero,
621 1816 667 1855 ab
684 1816 779 1856 omni
787 1816 947 1870 periculo
967 1816 1075 1870 abeffi’
1104 1826 1242 1856 certum
1271 1816 1408 1861 habeo;
1439 1825 1559 1856 tamen
1590 1815 1756 1855 arbitror
1783 1817 1888 1855 malle

498 1891 535 1920 te
570 1882 725 1936 quietam
741 1884 962 1933 senectutem
994 1892 1030 1922 et
1062 1883 1288 1934 honorfficam
1314 1882 1435 1936 potius
1469 1897 1588 1936 agere,
1625 1896 1731 1936 quam
1748 1882 1888 1935 ſsllici·

496 1955 588 1986 tam.
634 1947 812 1998 Postremo
831 1962 902 1986 meo
909 1947 1000 1997 jure
1018 1957 1054 1986 te
1074 1949 1137 1986 hoc
1155 1948 1355 1999 beneficium
1374 1961 1459 1999 rogo
1474 1964 1488 1986 .·
1519 1947 1613 1986 nihil
1626 1947 1718 1986 enim
1736 1962 1804 1986 non
1823 1957 1891 1987 tua

496 2013 703 2066 catfizseci.
748 2012 897 2066 Qodsi
913 2028 981 2053 non
1000 2013 1163 2067 impetro,
1189 2023 1258 2067 per
1276 2028 1330 2052 me
1360 2012 1479 2052 Clodio
1508 2013 1664 2052 daturus
1693 2027 1760 2052 non
1774 2014 1888 2065 st1m5

495 2088 540 2119 ut
559 2079 752 2133 intelligas,
783 2081 915 2133 quanti
930 2080 1031 2135 apud
1044 2095 1097 2121 me
1115 2081 1313 2121 auctoritas
1332 2089 1399 2120 tua
1402 2081 1474 2132 stt,
1505 2089 1614 2134 atque
1639 2093 1676 2119 co
1703 2088 1739 2118 te
1757 2079 1889 2133 placa·

493 2144 655 2185 biliorem
675 2144 856 2200 prabeas.
