2243 3008
579 266 685 305 AD
744 266 1173 305 ATTICUM
1244 269 1383 309 LIB.
1437 272 1508 310 VI.
1662 277 1730 314 161

349 365 485 417 igitur,
517 371 562 402 ut
590 363 712 408 vides,
744 362 1010 401 sollicitudine
1040 363 1202 410 afficior,
1234 379 1375 419 magna
1408 369 1539 421 inopia
1566 371 1731 410 consilii.

349 430 459 482 Qid
479 429 650 481 quaeris?
683 438 767 467 toto
789 428 948 480 negotio
969 428 1083 466 nobis
1111 443 1210 482 opus
1237 443 1317 469 non
1348 432 1441 471 fuit.
1487 436 1647 486 Qanto
1669 447 1734 475 tua

345 495 548 547 provincia
574 494 747 533 melior?
779 493 939 532 decedes
970 507 1062 532 cum
1091 495 1226 541 voles,
1259 497 1330 535 nisi
1360 497 1462 536 forte
1486 500 1569 551 jam
1600 501 1730 540 deces-

345 559 421 597 fisti
440 575 449 598 ε
481 573 601 612 quem
621 559 833 605 videbitur,
865 559 1051 613 praeficies
1073 559 1319 613 Thesprotiae
1339 572 1378 600 et
1399 562 1600 603 Chaoniae.
1644 567 1731 605 Nec

344 624 442 663 dum
465 634 594 663 tamen
615 638 687 677 ego
709 625 910 681 Qintum
929 638 1187 663 conveneram
1203 645 1216 671 3
1250 635 1293 665 ut
1308 628 1406 679 jam,
1438 629 1464 666 fi
1486 629 1525 667 id
1545 630 1729 682 placeret,

345 689 499 736 scirem,
531 691 702 743 possetne
731 691 779 729 ab
808 704 854 729 eo
883 690 1110 743 impetrari:
1142 705 1215 729 nec
1244 700 1389 738 tamen,
1421 693 1446 731 si
1467 695 1604 747 posset,
1635 698 1730 749 quid

344 756 488 794 vellem
508 755 716 795 habebam.
758 756 851 794 Hoc
871 756 924 794 est
944 756 1067 808 igitur
1085 756 1292 808 ejusmodi.
1338 759 1509 811 Reliqua
1527 760 1643 813 pl'ena
1662 762 1730 800 ad-

345 819 425 858 huc
446 830 484 860 et
504 821 629 859 laudis
650 829 688 859 et
708 821 854 873 grafiae,
880 821 998 872 digna
1017 821 1065 859 iis
1086 821 1198 859 libris
1219 835 1318 875 quos
1339 823 1528 863 dilaudas.
1562 826 1730 864 Conser-

345 896 440 925 vatae
461 887 665 931 civitates·;
689 886 888 925 cumulate
908 886 1135 924 Publicanis
1157 887 1420 927 satisfactum:
1443 889 1612 928 offensus
1633 905 1730 929 con-

346 951 510 988 tumelia
538 964 682 996 nemo5
715 950 871 989 decreto
894 949 1000 1002 justo
1028 960 1067 988 et
1097 950 1224 989 severo
1253 954 1465 1005 perpauci;
1499 968 1569 993 nec
1601 964 1730 994 tamen

344 1015 552 1067 quisquam
575 1024 619 1052 ut
639 1015 751 1067 queri
771 1015 934 1053 audeat:
967 1028 1025 1053 res
1052 1015 1164 1067 gestae
1185 1015 1312 1069 dignae
1333 1018 1552 1070 triumpho,
1585 1019 1632 1058 de
1652 1034 1731 1072 quo

346 1079 430 1132 ipso
451 1079 553 1117 nihil
573 1080 716 1132 cupide
736 1093 916 1132 agemus,
941 1080 1017 1118 fine
1038 1089 1107 1118 tuo
1128 1081 1289 1133 quidem
1310 1083 1472 1121 consiliO
1488 1094 1591 1123 certe
1611 1084 1728 1124 nihil.

344 1145 531 1183 Clausula
549 1144 603 1182 est
622 1144 795 1182 difficilis
817 1146 857 1182 in
880 1144 1062 1182 tradenda
1081 1146 1306 1197 provincia:
1339 1147 1402 1185 sed
1422 1147 1504 1186 haec
1527 1150 1635 1188 Deus
1656 1151 1730 1188 ali-

344 1209 433 1262 quis
454 1208 704 1261 gubernabit.
751 1210 814 1247 De
841 1209 998 1247 urbanis
1027 1210 1141 1247 rebus
1163 1210 1312 1249 scilicet
1331 1211 1444 1263 plura
1464 1222 1506 1250 tu
1529 1213 1629 1259 scis;
1662 1215 1730 1253 sae-

342 1275 431 1328 pius
463 1285 502 1313 et
533 1275 698 1313 certiora
727 1275 852 1314 audis.
899 1274 1099 1328 Equidem
1128 1275 1257 1321 doleo,
1289 1290 1368 1315 non
1400 1292 1464 1316 me
1496 1279 1573 1317 tuis
1605 1280 1729 1318 literis

343 1342 552 1380 certiorem
572 1341 670 1379 fieri.
717 1342 813 1380 Huc
840 1342 947 1380 enim
968 1341 1099 1379 odiosa
1117 1341 1377 1381 afferebantur
1396 1343 1443 1381 de
1465 1345 1652 1391 Curione,
1683 1346 1731 1384 de

344 1407 468 1445 Paulo
486 1422 494 1446 :
529 1420 608 1445 non
629 1420 709 1460 quo
729 1407 858 1446 ullum
878 1407 1101 1460 periculum
1120 1407 1274 1446 videam
1292 1407 1414 1447 stante
1435 1410 1640 1463 Pompeio,
1668 1412 1729 1449 vel

344 1472 462 1511 etiam
483 1472 636 1511 sedente
651 1491 663 1517 3
695 1472 818 1511 valeat
838 1472 957 1510 modo
975 1487 984 1511 :
1017 1473 1081 1510 sed
1106 1471 1331 1511 mehercule
1353 1475 1538 1513 Curionis
1559 1485 1598 1514 et
1618 1477 1730 1515 Pauli

345 1550 526 1576 meorum
545 1536 801 1576 familiarium
821 1538 948 1576 vicem
970 1537 1098 1576 doleo.
1135 1538 1322 1576 Formam
1342 1539 1465 1591 igitur
1486 1539 1587 1578 mihi
1608 1542 1729 1580 totius

345 1602 607 1655 Reipublicae,
639 1602 665 1640 fi
689 1603 774 1654 jam
807 1615 846 1640 es
882 1603 1035 1648 Romae,
1066 1611 1132 1640 aut
1166 1616 1259 1641 cum
1293 1604 1382 1649 eris,
1414 1605 1534 1642 velim
1563 1606 1727 1651 mittas;

346 1681 432 1720 quae
453 1666 555 1705 mihi
581 1667 738 1705 obviam
758 1667 901 1712 veniat,
931 1681 979 1706 ex
1008 1681 1084 1720 qua
1112 1681 1176 1706 me
1202 1668 1348 1720 fingere
1376 1669 1530 1721 poffim,
1562 1680 1600 1709 et
1630 1685 1728 1724 prae-

345 1732 540 1777 meditari,
573 1746 652 1785 quo
672 1732 803 1770 animo
823 1732 1004 1770 accedam
1033 1732 1079 1770 ad
1110 1733 1273 1772 urbem:
1307 1733 1360 1771 est
1390 1735 1496 1773 enim
1524 1736 1727 1787 quiddam,

344 1798 615 1837 advenientem
635 1812 714 1837 non
739 1798 811 1836 effe
840 1799 1091 1850 peregrinum
1120 1809 1236 1851 atque
1265 1799 1475 1852 hospitem.
1523 1802 1590 1846 Et,
1623 1803 1729 1854 quod

344 1878 443 1918 pene
463 1864 631 1917 praeterii
650 1879 658 1902 ε
693 1863 805 1901 Bruti
827 1863 885 1901 tui
905 1863 1029 1908 causa,
1061 1873 1104 1902 ut
1124 1863 1220 1916 saepe
1240 1864 1286 1901 ad
1308 1875 1344 1902 te
1365 1865 1508 1918 scripfi,
1541 1865 1617 1904 feci
1639 1881 1729 1905 om-

345 1931 423 1969 nia.
456 1930 595 1982 Cyprii
616 1928 900 1967 numerabant:
933 1928 996 1966 sed
1018 1928 1196 1981 Scaptius
1217 1930 1451 1975 centefimis‚
1483 1942 1666 1970 renovato
1687 1934 1728 1971 in

345 1996 516 2048 singulos
537 2008 657 2033 annos
678 1993 844 2041 foenore,
875 2003 1084 2033 contentus
1106 2008 1185 2033 non
1205 1993 1297 2034 fuit.
1345 1997 1628 2036 Ariobarzanes
1650 2012 1731 2037 non

345 2063 387 2101 in
409 2061 644 2114 Pompeium
666 2061 857 2114 prolixior
875 2074 944 2114 per
964 2060 1108 2113 ipsum,
1139 2075 1259 2114 quam
1285 2075 1355 2114 per
1383 2076 1446 2100 me
1476 2063 1516 2101 in
1545 2065 1727 2110 Brutum,

343 2141 463 2181 quem
484 2137 614 2166 tamen
635 2140 707 2180 ego
726 2126 900 2180 praestare
920 2140 999 2165 non
1021 2135 1195 2179 poteram
1215 2142 1224 2165 :
1247 2137 1327 2165 erat
1346 2129 1454 2166 enim
1475 2142 1541 2166 rex
1562 2143 1729 2182 perpau-

343 2207 440 2246 per;
471 2193 704 2245 aberamque
723 2193 771 2230 ab
791 2206 837 2230 eo
857 2192 911 2230 ita
930 2192 1062 2244 longe,
1095 2201 1139 2230 ut
1171 2191 1272 2230 nihil
1299 2193 1445 2245 possem
1474 2194 1543 2232 nifi
1574 2194 1725 2240 literis,

345 2259 490 2310 quibus
513 2272 684 2311 pugnare
705 2271 784 2296 non
805 2257 948 2296 destiti.
995 2259 1156 2296 Summa
1175 2257 1257 2295 haec
1279 2257 1345 2295 est.
1393 2258 1468 2295 Pro
1490 2259 1636 2297 ratione
1657 2274 1728 2312 pe-

346 2324 471 2361 cuniae
491 2323 690 2362 liberalius
711 2324 764 2362 est
785 2324 930 2362 Brutus
958 2324 1155 2367 tractatus,
1186 2336 1304 2375 quam
1334 2323 1544 2376 Pompeius
1564 2339 1572 2362 ε
1607 2326 1730 2364 Bruto

347 2395 478 2424 curata
497 2385 572 2424 hoc
593 2400 694 2426 anno
714 2388 859 2427 talenta
878 2388 1034 2426 circiter
1054 2396 1235 2432 centum,
1260 2388 1449 2440 Pompeio
1469 2389 1508 2426 in
1531 2388 1593 2427 sex
1614 2403 1726 2427 men-

347 2451 450 2489 sibus
483 2452 663 2503 promissa
695 2466 764 2492 cc.
809 2455 898 2505 jam
920 2454 960 2491 in
982 2454 1105 2506 Appii
1129 2454 1288 2505 negotio
1308 2462 1500 2506 quantum
1523 2455 1727 2493 tribuerim

348 2517 486 2559 Bruto,
509 2515 587 2553 dici
607 2516 672 2554 vix
694 2519 831 2569 potest.
861 2519 970 2573 Qid
990 2519 1043 2559 est
1065 2520 1200 2573 igitur,
1217 2520 1323 2573 quod
1345 2519 1541 2557 laborem?
1565 2520 1727 2559 Amicos

432 2583 469 2621 T
484 2594 506 2620 0
523 2593 573 2620 M.
607 2581 722 2621 VIII.
1391 2585 1429 2622 X
