2243 3008
492 262 571 315 458
841 256 1536 298 EPISTOLARUM

497 357 713 403 Lucceius,
728 356 796 410 qui
817 356 992 395 multum
1014 355 1140 393 utitur
1161 355 1300 399 Bruto,
1323 353 1505 399 narravit,
1528 353 1645 393 illum
1666 354 1777 394 valde
1797 369 1886 395 mo-

498 424 588 468 rari,
619 436 697 461 non
720 422 1052 475 tergiversantem,
1084 419 1147 457 sed
1176 420 1462 471 expeostantem,
1493 419 1519 458 fi
1541 421 1612 473 qui
1640 420 1743 460 forte
1763 421 1885 460 casus.

499 489 638 541 Itaque
658 488 813 533 dubito,
839 501 885 524 an
908 485 1118 523 Venufiam
1139 483 1314 529 tendam,
1333 493 1373 521 et
1392 484 1449 522 ibi
1470 487 1672 538 expectem
1693 486 1740 524 de
1760 487 1886 539 legio-

499 555 643 593 nibus:
667 555 692 592 fi
714 554 893 597 aberunt,
915 560 959 589 ut
980 550 1141 602 quidam
1161 549 1415 594 arbitrantur,
1436 550 1716 601 Hydruntem:
1741 552 1766 590 fi
1789 565 1887 590 neu-

500 628 608 657 trum
629 619 702 657 erit
721 609 898 665 ἀσφαλὲς,
929 616 1068 654 eodem
1094 624 1277 653 revertar.
1317 614 1450 665 Jocari
1469 627 1532 652 me
1553 625 1665 667 putas
1685 618 1698 654 ἲ
1729 617 1888 662 moriar,

501 685 528 724 fi
550 685 757 738 quisquam
778 696 841 721 me
862 691 968 720 tenet
987 690 1126 734 praeter
1146 690 1198 718 te.
1231 680 1395 718 Etenim
1415 679 1695 733 circumspice:
1718 682 1782 720 sed
1801 692 1891 721 ante

501 750 700 789 erubesco.
745 749 782 786 O
804 748 885 786 dies
906 748 947 785 in
969 747 1150 800 auspIciis
1172 745 1316 798 Lepidi
1336 745 1466 798 lepide
1485 744 1714 799 descriptos,
1745 755 1783 785 et
1803 757 1893 800 apte

502 816 549 854 ad
581 815 788 853 confilium
821 813 968 852 reditus
1001 812 1148 851 nostri!
1191 812 1342 864 Magna
1373 806 1449 862 ῥοπὴ
1481 810 1529 848 ad
1562 811 1895 864 proficiscendum

503 881 582 919 tuis
603 880 727 919 literis
746 895 755 918 :
787 889 905 932 atque
925 878 1078 916 utinam
1100 887 1137 916 te
1158 877 1257 916 illic.
1305 875 1378 914 Sed
1408 884 1452 913 ut
1478 876 1698 916 conducere
1717 877 1892 930 putabis.

504 946 676 999 Nepotis
696 944 899 999 epistolam
919 945 1097 996 expecto.
1131 942 1312 996 Cupidus
1333 941 1402 980 ille
1421 954 1617 988 meorum,
1635 943 1705 995 qui
1725 956 1782 989 ea,
1799 943 1895 996 qui-

506 1012 578 1050 bus
599 1012 771 1051 maxime
789 1005 924 1060 γαυριῶ,
947 1009 1111 1062 legenda
1129 1023 1210 1048 non
1230 1016 1344 1062 putet
1362 1008 1376 1045 ?
1401 1016 1441 1045 et
1460 1007 1514 1046 ais
1532 1004 1607 1055 μετ’
1623 1004 1793 1056 ἀμύμονα.
1825 1009 1899 1047 Tu

505 1092 596 1117 vero
613 1075 755 1127 ἀμύμων
772 1091 782 1115 :
814 1076 882 1114 ille
903 1075 1066 1128 quidem
1085 1071 1260 1128 ἰίμςςοτος.
1305 1074 1490 1112 Mearum
1514 1073 1766 1127 epistolarum
1785 1073 1898 1113 nulla.

505 1144 558 1182 est
585 1137 788 1191 συνειγωγῆε
822 1141 886 1180 sed
919 1141 1038 1180 habet
1071 1142 1173 1180 Tiro
1206 1140 1324 1179 instar
1356 1139 1601 1193 septuaginta
1614 1158 1627 1186 ς
1658 1148 1698 1179 et
1731 1139 1899 1194 quidem.

507 1211 596 1249 sunt
630 1223 651 1248 a
681 1218 719 1247 te
749 1208 929 1262 quaedam
962 1208 1172 1247 sumendae.
1218 1208 1294 1246 Eas
1326 1220 1419 1260 eg0,
1445 1215 1616 1260 oportet,
1646 1206 1902 1260 perspiciam,

507 1278 702 1329 corrigam
719 1291 728 1315 :
761 1285 848 1315 tum
869 1275 1039 1328 denique
1058 1274 1237 1313 edentur.

840 1477 1083 1515 CICERO
1126 1476 1381 1514 ATT1co
1426 1475 1556 1513 SAL.

511 1607 585 1645 VI.
609 1604 675 1679 E
691 1605 729 1644 G
746 1605 782 1642 O
813 1602 942 1642 adhuc
963 1603 1150 1656 (perveni
1177 1603 1286 1641 enim
1307 1603 1508 1642 Vibonem
1535 1600 1582 1640 ad
1604 1600 1751 1652 Sicam)
1775 1602 1902 1655 magio

706 1669 931 1715 commode,
953 1683 1073 1722 quam
1093 1669 1262 1714 strenue,
1284 1669 1486 1722 navigavi:
1519 1667 1636 1706 remis
1657 1668 1764 1706 enim
1785 1681 1900 1721 mag-

510 1751 602 1776 nam
637 1745 815 1790 partem;
855 1734 1059 1787 prodromi
1093 1734 1210 1773 nulli.
1262 1734 1369 1772 Illud
1404 1734 1491 1773 satis
1531 1742 1779 1787 opportune:
1821 1733 1904 1773 duo

511 1804 614 1841 finus
636 1801 812 1848 fuerunt,
834 1814 933 1854 quos
956 1801 1122 1839 tramitti
1143 1809 1312 1852 oportet,
1345 1799 1553 1845 Paestanus,
1575 1808 1614 1838 et
1636 1798 1870 1838 Vibonenfis
1888 1813 1901 1837 ε

512 1879 726 1922 utrumque
746 1867 914 1921 pedibus
935 1868 1056 1919 aequis
1078 1865 1373 1905 transmifimus.
1420 1866 1523 1904 Veni
1553 1865 1676 1918 igitur
1695 1864 1742 1903 ad
1772 1865 1902 1904 Sicam

512 1937 648 1973 octavo
669 1935 731 1973 die
750 1948 771 1972 e
792 1933 1049 1986 Pompeiano,
1079 1946 1172 1971 cum
1194 1945 1319 1970 unum
1340 1931 1445 1971 diem
1467 1932 1590 1971 Veliae
1619 1930 1871 1970 constitissem
1890 1946 1901 1970 :

511 2000 581 2038 ubi
601 2000 762 2052 quidem
784 1998 844 2036 fui
865 1999 951 2036 sane
970 1999 1139 2037 libenter
1158 1998 1262 2050 apud
1283 1997 1482 2035 Thalnam
1503 1996 1704 2042 nostrum;
1732 2010 1803 2035 nec
1824 2010 1900 2050 po-

513 2066 571 2103 tui
603 2065 744 2118 accipi,
776 2063 848 2101 illo
867 2062 1022 2101 absente
1044 2062 1269 2115 praesertim,
1300 2062 1515 2100 liberalius.
1549 2062 1623 2100 IX.
1658 2061 1747 2100 Kal.
1778 2062 1903 2114 igitur

512 2131 560 2170 ad
590 2131 746 2169 Sicam:
780 2130 836 2168 ibi
869 2139 1056 2183 tanquam
1091 2128 1199 2167 domi
1234 2141 1329 2166 mcae
1364 2128 1541 2167 scilicet:
1586 2129 1717 2180 itaque
1751 2127 1904 2167 obduxi

513 2196 710 2250 posterum
731 2196 851 2234 diem.
899 2195 972 2234 Sed
999 2195 1200 2248 putabam,
1231 2207 1324 2232 cum
1347 2193 1551 2247 Rhegium
1573 2193 1770 2238 venissem,
1802 2192 1903 2239 fore,

514 2273 558 2302 ut
593 2263 692 2308 illic,
729 2254 860 2306 ὃσλιχὶν
891 2258 992 2296 πλόον
1025 2258 1229 2309 ὁρμαίνοντες,
1266 2260 1545 2311 cogitaremus,
1588 2259 1789 2297 corbitane
1825 2259 1901 2297 Pa-

515 2339 605 2375 tras,
637 2343 683 2367 an
706 2328 925 2367 aCtuariolis
947 2327 994 2366 ad
1016 2328 1302 2379 Leucopetram
1324 2327 1649 2370 Tarentinorum,
1675 2335 1791 2378 atque
1813 2325 1905 2363 inde

515 2396 758 2445 Corcyram;
790 2403 842 2439 et,
875 2393 900 2431 si
922 2394 1109 2437 oneraria,
1140 2391 1319 2430 statimne
1341 2390 1456 2436 freto,
1488 2406 1534 2429 an
1567 2391 1773 2443 Syracufis.
1815 2390 1904 2429 Hac

514 2460 625 2513 super
647 2473 685 2497 rc
708 2459 872 2498 scribam
899 2459 945 2496 ad
979 2468 1016 2497 te
1050 2457 1220 2510 Rhegio.
1268 2456 1516 2501 Mehercule,
1549 2458 1604 2496 mi
1626 2457 1776 2501 Attice,
1808 2456 1906 2508 saepe

513 2538 672 2567 mecum
692 2523 708 2568 »i
726 2519 802 2573 olwp'
824 2517 890 2564 ὁδός
909 2538 956 2561 σοι
977 2522 1006 2560 ri
1025 2518 1158 2561 δύναται
1175 2543 1186 2570 i
1220 2537 1289 2563 cur
1309 2537 1382 2576 ego
1413 2533 1545 2563 tecum
1566 2537 1646 2564 non
1667 2524 1753 2563 sum
1771 2523 1784 2560 ?
1815 2535 1906 2567 cur,
