2243 3008
503 278 574 316 128
843 275 1528 315 EPISTOLARUM

496 377 725 414 nominibus
747 377 875 414 adium
897 375 969 414 fit:
1003 389 1045 414 ac
1067 389 1144 414 non
1167 375 1286 414 modo
1307 389 1437 420 nemo,
1470 375 1530 414 sed
1557 389 1604 413 ne
1634 388 1768 414 rumor
1787 375 1879 428 qui-

495 441 583 478 dem
606 440 827 493 quisquam,
846 448 889 478 ut
910 439 1094 478 sciremus
1116 441 1156 478 in
1179 441 1401 493 Republica
1419 440 1515 492 quid
1535 449 1725 492 ageretur.
1749 441 1880 492 Qare

495 505 520 543 si
549 505 644 557 quid
676 506 763 549 erit,
795 504 902 557 quod
931 504 1024 543 scias
1055 505 1101 543 de
1133 505 1180 543 iis
1213 505 1343 549 rebus,
1373 519 1468 557 quas
1499 504 1655 557 putabis
1688 504 1782 543 scire
1814 517 1877 542 me

493 571 607 615 velle,
640 584 707 623 per
727 569 826 608 mihi
848 579 1003 622 gratum
1025 571 1112 614 erit,
1144 570 1170 608 fi
1192 570 1231 608 id
1252 571 1396 608 curaris
1417 570 1463 608 ad
1491 584 1554 608 me
1582 569 1873 623 perferendum.

495 637 605 688 Qid
626 636 677 673 est
706 636 916 687 praeterea?
949 635 1050 673 nihil
1083 636 1182 680 sane,
1213 635 1282 673 nifi
1316 635 1442 673 illud:
1476 635 1585 673 valde
1616 649 1679 673 me
1711 635 1878 673 Athenae

494 702 760 739 delectarunt:
794 701 886 738 urbs
913 699 1116 745 duntaxat,
1147 710 1186 738 et
1214 701 1320 738 urbis
1342 701 1649 738 ornamentum?
1681 710 1719 738 et
1743 699 1877 738 homi·-

493 780 589 804 num
611 778 758 803 amores
780 766 820 802 in
843 774 893 809 te,
925 774 963 802 et
992 766 1032 803 in
1055 779 1124 803 nos
1146 765 1322 817 quaedam
1345 765 1642 808 benevolentia;
1675 763 1738 802 sed
1767 765 1875 802 mul-

494 842 579 869 tum
601 840 639 868 et
659 829 930 882 philosophia:
951 827 1016 864 ἅνω
1034 826 1130 865 κάτω
1151 830 1175 867 fi
1197 830 1294 881 quid
1314 830 1381 875 est,
1403 831 1443 868 in
1467 829 1611 874 Aristo,
1633 828 1735 881 apud
1756 843 1876 881 quem

492 911 596 935 eram
615 911 623 933 :
657 908 746 933 nam
768 896 976 933 Xenonem
996 904 1126 940 tuum,
1147 895 1207 933 vel
1230 895 1403 933 nostrum
1426 896 1573 948 potius,
1602 894 1758 946 Qinto
1777 907 1875 932 con-

492 962 698 1004 cefferam;
730 969 769 997 et
802 969 930 997 tamen
964 969 1121 1012 propter
1151 960 1396 998 vicinitatem
1424 969 1526 998 totos
1555 959 1636 997 dies
1657 958 1771 997 fimul
1792 973 1875 997 era-

491 1040 580 1065 mus
613 1025 797 1063 invicem.
844 1025 951 1062 Cum
978 1024 1154 1077 primum
1174 1026 1335 1078 poteris,
1367 1034 1433 1064 tua
1452 1025 1611 1064 consilia
1630 1024 1676 1062 ad
1697 1037 1760 1062 me
1779 1025 1875 1063 scri-

492 1093 573 1136 bas,
606 1099 649 1128 ut
683 1089 802 1128 sciam
835 1089 933 1142 quid
966 1080 1068 1143 agas,
1109 1090 1179 1129 ubi
1213 1104 1387 1144 quoque,
1424 1100 1463 1129 et
1497 1090 1669 1129 maxime
1703 1090 1876 1142 quando.

491 1158 629 1196 Romae
648 1154 805 1194 futurus
826 1154 887 1193 fis.

836 1358 1076 1396 Crcnno
1118 1358 1373 1395 Αττιεο
1417 1357 1546 1396 SAL.

488 1487 563 1526 XI.
587 1485 770 1560 HUI‚
803 1485 966 1525 totiesne
995 1499 1057 1524 me
1087 1485 1217 1523 literas
1249 1483 1389 1523 dediffe
1419 1485 1605 1531 Romam,
1636 1499 1730 1524 cum
1758 1485 1805 1523 ad
1835 1495 1873 1535 te

698 1552 825 1590 nullas
846 1552 1008 1589 darem?
1040 1552 1096 1588 At
1123 1563 1212 1588 vero
1242 1548 1400 1602 posthac
1430 1549 1569 1588 frustra
1597 1550 1728 1603 potius
1756 1550 1872 1595 dabo,

487 1630 622 1670 quam,
653 1617 680 1655 fi
710 1618 810 1654 recte
839 1616 920 1654 dari
946 1615 1163 1668 potuerint,
1194 1615 1446 1653 committam
1475 1625 1520 1654 ut
1550 1629 1628 1654 non
1659 1615 1763 1654 dem.
1808 1616 1873 1654 Ne

488 1683 690 1735 provincia
710 1682 823 1720 nobis
844 1690 1089 1734 prorogetur,
1121 1693 1189 1733 per
1208 1680 1401 1725 fortunas,
1431 1681 1529 1720 dum
1548 1681 1652 1726 ades,
1679 1681 1875 1734 quidquid

488 1747 681 1800 provideri
702 1746 841 1800 potest,
867 1745 1042 1799 provide.
1075 1746 1171 1784 Non
1191 1745 1271 1783 dici
1291 1745 1430 1798 potest,
1453 1759 1572 1798 quam
1592 1745 1752 1798 flagrem
1773 1745 1871 1784 defi-

486 1814 594 1852 derio
615 1813 738 1857 urbis,
769 1825 889 1864 quam
909 1812 975 1849 vix
995 1810 1136 1849 harum
1157 1824 1287 1848 rerum
1308 1810 1563 1848 insulfitatem
1582 1809 1719 1849 feram.
1759 1811 1871 1849 Mar-

486 1879 608 1917 cellus
636 1877 740 1916 foede
769 1878 816 1915 de
848 1875 1059 1915 Comenfi:
1091 1875 1158 1913 etsi
1190 1875 1258 1913 ille
1292 1875 1560 1927 magistratum
1591 1890 1670 1914 non
1704 1875 1871 1929 gesserit,

486 1953 566 1982 erat
588 1952 716 1981 tamen
737 1941 1051 1994 Transpadanus.
1098 1942 1158 1979 Ita
1177 1939 1278 1979 mihi
1300 1941 1453 1979 videtur
1474 1955 1552 1979 non
1574 1942 1706 1979 minus
1728 1941 1871 1980 stoma-

486 2009 553 2048 chi
575 2009 718 2052 nostro‚
749 2021 791 2045 ac
814 2007 969 2051 Caesari,
1000 2005 1128 2045 feciffe
1147 2021 1156 2044 :
1190 2006 1252 2044 sed
1272 2005 1348 2044 hoc
1371 2006 1450 2058 ipse
1470 2007 1624 2045 viderit.
1660 2007 1871 2060 Pompeius

485 2074 586 2113 mihi
608 2087 767 2127 quoque
787 2073 1005 2117 videbatur,
1026 2071 1133 2124 quod
1155 2071 1290 2109 scribis
1313 2072 1527 2110 Varronem
1548 2072 1691 2117 dicere,
1709 2073 1748 2111 in
1774 2073 1870 2111 His-

486 2142 642 2193 paniam
662 2149 765 2178 certe
785 2139 938 2177 iturus:
972 2138 1011 2176 id
1041 2151 1114 2190 ego
1142 2138 1306 2176 minime
1335 2138 1576 2190 probabam,
1609 2140 1677 2191 qui
1708 2139 1870 2191 quidem

486 2205 726 2259 Theophani
747 2204 861 2243 facile
882 2203 1058 2258 persuasi.
1092 2203 1192 2242 nihil
1213 2203 1284 2242 esse
1306 2204 1462 2249 melius,
1494 2218 1613 2257 quam
1636 2205 1750 2243 illum
1779 2205 1871 2243 nus-

485 2286 604 2325 quam
631 2270 838 2309 discedere.
886 2271 993 2322 Ergo
1013 2270 1176 2308 Graecus
1198 2269 1402 2308 incumbet
1421 2285 1430 2308 :
1463 2270 1564 2307 valet
1585 2280 1713 2308 autem
1736 2273 1870 2308 aucto-

486 2338 578 2376 ritas
599 2338 681 2390 ejus
702 2336 803 2388 apud
825 2335 940 2374 illum
963 2334 1196 2388 plurimum.
1227 2336 1315 2387 Ego
1335 2333 1402 2372 has
1425 2335 1548 2387 pridie
1572 2336 1706 2373 Nonas
1724 2336 1868 2386 Qint.

488 2403 735 2456 proficiscens
786 2401 954 2440 Athenis
1003 2400 1120 2446 dedi;
1170 2415 1263 2440 cum
1307 2400 1362 2438 ibi
1402 2400 1536 2439 decem
1579 2401 1677 2453 ipsos
1718 2400 1872 2440 fuissem

487 2471 583 2508 dies.
618 2469 785 2506 Venerat
808 2467 1015 2506 Pontinius
1035 2483 1043 2506 z
1077 2481 1153 2506 una
1174 2468 1251 2506 Cn.
1272 2467 1454 2505 Volusius
1475 2482 1482 2504 :
1516 2467 1642 2506 aderat
1663 2466 1868 2519 Qaestor:

488 2546 580 2575 tuus
615 2548 714 2575 unus
747 2535 909 2574 Tullius
942 2534 1085 2574 aberat.
1127 2531 1312 2587 Ἀφςεικτοι
1348 2532 1613 2579 Rhodiorum,
1652 2544 1690 2573 et
1722 2533 1872 2572 dicrota
