2243 3008
586 209 693 247 AD
752 205 1182 244 ATTICUM
1251 208 1392 249 LIB.
1444 208 1559 250 VIII.
1695 226 1771 267 217

380 307 442 360 eff:
453 308 689 361 perfi’d‘i‘orem
709 306 802 344 volo.
849 305 941 343 Hoc
964 306 1106 343 Cnaeus
1138 305 1264 344 noster
1294 321 1386 347 cum
1408 319 1518 348 antea
1547 325 1764 364 nunquam,

381 383 468 411 tum
498 374 539 411 in
568 372 642 411 hac
672 372 782 410 causa
809 371 990 416 minime,
1021 371 1224 423 cogitavit.
1271 373 1504 413 Dominatio
1533 378 1689 428 quaefita
1719 378 1766 415 ab

380 446 549 491 utroque
576 438 656 476 est:
689 451 768 476 non
797 437 837 475 id
863 438 1008 482 astum,
1042 437 1151 475 beata
1176 447 1215 476 et
1241 437 1400 477 honesta
1426 441 1561 479 civitas
1589 452 1632 479 ut
1659 443 1762 481 esset.

378 503 467 541 Nec
487 517 578 542 vero
599 503 666 542 ille
687 503 826 541 urbem
847 503 1022 555 reliquit,
1056 502 1163 555 quod
1181 514 1268 542 eam
1290 505 1391 542 tueri
1412 519 1490 543 non
1512 506 1660 558 poffet5
1694 522 1765 546 nce

378 569 548 615 Italiam,
571 569 678 622 quod
698 583 741 612 ea
760 569 999 622 pelleretur:
1031 569 1095 607 sed
1116 568 1192 607 hoc
1213 583 1234 607 a
1252 571 1383 622 primo
1404 572 1607 623 cogitavit,
1629 586 1765 611 omncs

377 643 513 681 terras,
550 635 685 674 onmia
718 635 852 680 maria,
894 627 1065 680 movere,
1097 648 1204 687 reges
1234 635 1415 675 barbaros
1450 637 1626 683 incitare,
1666 652 1764 690 gen-

372 710 429 739 tes
451 701 549 741 feras
570 711 733 740 armatas
754 702 794 739 in
817 701 972 739 Italiam
992 700 1195 746 adducere,
1215 702 1409 741 exercitus
1426 703 1619 742 conficere
1635 705 1762 742 maxi·

376 781 478 807 mos.
513 769 651 807 Genus
673 767 773 806 illud
796 768 943 819 Syllani
964 769 1073 820 regni
1089 769 1173 820 jam
1193 768 1347 822 pridem
1367 770 1580 822 appetitur,
1611 769 1764 815 multis,

376 834 447 885 qui
469 847 545 871 una
566 833 668 878 sunt,
700 832 968 885 cupientibus.
1015 834 1080 871 An
1107 833 1251 879 censes,
1284 833 1386 872 nihil
1413 835 1515 873 inter
1534 848 1599 880 eos
1619 848 1765 879 conve-

376 899 461 936 nire
480 900 493 936 ?
517 899 667 937 nullam
687 899 908 951 patffionem
929 898 1012 936 fieri
1034 899 1199 951 potuisse
1217 902 1231 937 ?
1254 899 1388 938 Hodie
1408 901 1532 952 potest
1551 916 1558 938 :
1584 900 1646 938 sed
1667 915 1764 938 neu-

375 964 427 1001 tri
447 958 559 1002 cmwr35
577 963 630 1001 est
660 963 742 1009 ille,
773 973 818 1002 ut
840 977 909 1002 nos
939 963 1041 1001 beati
1063 964 1179 1002 fimus
1197 983 1208 1009 3
1242 973 1406 1017 uterque
1427 979 1641 1018 repugnare
1662 967 1762 1004 vult.

374 1030 473 1068 Haec
494 1043 515 1067 a
535 1039 572 1068 te
593 1030 778 1068 invitatus
807 1030 974 1067 breviter
999 1029 1188 1082 exposui:
1221 1030 1380 1070 voluisti
1404 1032 1526 1076 enim,
1558 1046 1636 1077 me,
1667 1032 1763 1084 quid

373 1094 420 1132 de
447 1093 508 1132 his
529 1094 643 1132 malis
664 1093 861 1139 sentirem,
893 1094 1104 1132 ostendere.
1152 1091 1350 1146 Προθεαπὶξω
1370 1096 1507 1147 igitur,
1539 1096 1666 1134 noster
1686 1098 1763 1134 At-

373 1158 465 1202 tice,
498 1171 576 1196 non
598 1157 779 1202 ariolans,
812 1158 958 1202 utilla,
990 1158 1056 1195 cui
1087 1171 1204 1196 nemo
1235 1157 1417 1204 credidit,
1450 1160 1513 1198 sed
1544 1162 1765 1212 conjeffitura

373 1222 613 1276 prospiciens
630 1242 643 1268 ς
674 1224 837 1276 Jamque
855 1222 954 1261 mari
968 1236 1108 1274 magam.
1152 1223 1248 1261 Non
1270 1223 1415 1270 multo,
1447 1225 1625 1277 inquam,
1657 1225 1764 1263 secus

373 1288 528 1342 possum
548 1289 776 1334 vaticinari;
810 1298 916 1328 tanta
936 1288 1132 1328 malorum
1152 1289 1356 1341 impendet
1377 1285 1498 1330 Ἰλιεῖς.
1534 1293 1669 1343 Atque
1688 1290 1765 1329 hoe

374 1355 501 1394 nostra
520 1355 674 1408 gravior
693 1355 746 1394 est
767 1355 891 1400 causa,
923 1355 993 1408 qui
1023 1354 1133 1398 domi
1159 1355 1308 1402 sumuS,
1341 1369 1459 1408 quam
1487 1357 1663 1403 illorum,
1696 1358 1762 1410 qui

375 1435 452 1460 una
490 1421 738 1466 tranfierunt,
782 1420 890 1474 quod
933 1421 995 1460 illi
1033 1421 1197 1474 quidem
1240 1421 1407 1459 alterum
1448 1432 1648 1469 metuunt,
1694 1436 1765 1460 nos

375 1496 606 1538 utrumque.
653 1487 736 1524 Cur
757 1487 894 1538 igitur,
927 1486 1076 1539 inquis,
1108 1487 1393 1525 remansimus?
1426 1487 1501 1525 Vel
1530 1488 1604 1526 tibi
1630 1488 1763 1541 parui-

375 1565 492 1596 mus;
525 1551 586 1589 vel
613 1565 691 1589 non
722 1551 997 1596 occurrimus;
1029 1552 1090 1590 vel
1111 1551 1187 1590 hoc
1208 1551 1286 1589 fuit
1307 1553 1463 1590 rectius.
1511 1553 1763 1598 Conculcari,

374 1619 554 1670 inquam,
595 1615 776 1654 miseram
810 1616 966 1655 Italiam
999 1617 1150 1655 videbis
1185 1617 1367 1669 proxima
1404 1617 1542 1662 aestate,
1584 1628 1623 1656 et
1655 1620 1764 1670 quati

374 1683 578 1736 utriusque
598 1682 652 1728 vi,
669 1682 879 1735 mancipiis
895 1696 943 1721 ex
962 1683 1074 1721 omni
1094 1695 1234 1735 genere
1253 1682 1450 1722 collectis:
1474 1697 1546 1721 nec
1568 1693 1647 1721 tam
1668 1698 1762 1736 pro-

374 1749 535 1801 scriptio
550 1747 871 1800 pertimescenda,
889 1761 974 1800 quae
992 1747 1168 1786 Luceriae
1184 1747 1321 1786 multis
1344 1747 1588 1787 sermonibus
1609 1749 1764 1787 denun-

374 1815 468 1853 tiata
487 1813 554 1859 est,
576 1827 695 1865 quam
716 1812 916 1851 universus
937 1813 1149 1858 interitus3
1183 1822 1306 1851 tantas
1327 1814 1368 1851 in
1390 1813 1641 1866 confligendo
1662 1815 1763 1853 utri-

371 1879 495 1932 usque
511 1879 609 1917 vires
626 1878 739 1916 video
754 1877 921 1917 futuras.
953 1878 1087 1917 Habes
1104 1879 1369 1930 conjecturam
1386 1892 1528 1917 meam.
1548 1881 1616 1918 Tu
1632 1889 1764 1918 autem

372 1944 650 1984 consolationis
681 1943 834 1982 fortaffe
863 1943 1013 1996 aliquid
1042 1943 1276 1996 expectasti:
1310 1943 1412 1982 nihil
1441 1944 1600 1983 invenio
1616 1963 1628 1990 ς
1661 1944 1763 1983 nihil

373 2010 456 2049 fieri
476 2009 601 2063 potest
621 2009 814 2055 miserius,
844 2009 947 2048 nihil
967 2009 1175 2062 perditius,
1197 2008 1300 2047 nihil
1320 2008 1480 2048 foedius.
1513 2009 1633 2061 Qod
1653 2024 1762 2063 quae-

371 2076 439 2122 ris,
461 2075 559 2129 quid
580 2075 706 2114 Caesar
725 2075 772 2114 ad
792 2090 857 2114 me
876 2075 1069 2129 scripserit
1087 2091 1096 2114 :
1129 2075 1238 2128 quod
1258 2074 1379 2129 saepe:
1411 2075 1670 2128 gratiffimum
1691 2075 1763 2114 fibi

371 2141 458 2188 effe,
481 2141 589 2194 quod
608 2142 805 2195 quierim;
837 2151 1014 2194 oratque,
1036 2141 1078 2180 in
1098 2154 1144 2180 eo
1165 2150 1209 2179 ut
1229 2141 1482 2194 perseverem.
1516 2140 1660 2178 Balbus
1682 2141 1760 2178 mi—

373 2220 445 2245 nor
464 2206 548 2246 haec
568 2207 702 2246 eadem
722 2206 916 2246 mandata.
964 2208 1043 2246 Iter
1073 2216 1206 2245 autem
1236 2208 1320 2258 ejus
1352 2214 1432 2243 erat
1463 2205 1509 2243 ad
1541 2205 1761 2244 Lentulum

374 2272 575 2310 consulem
595 2286 688 2310 curn
709 2272 832 2311 literis
855 2272 1029 2317 Caesaris,
1047 2271 1380 2324 praemiorumque
1399 2269 1608 2323 promissis,
1626 2269 1652 2308 fi
1674 2270 1760 2308 Ro-

375 2349 481 2374 mam
514 2337 750 2376 revertiffet:
783 2352 936 2383 verum,
967 2351 1061 2375 cum
1092 2336 1219 2374 habeo
1250 2336 1442 2374 rationem
1474 2335 1642 2380 dierum,
1673 2345 1762 2373 ante

376 2410 474 2453 puto
512 2402 834 2449 transmissurum,
875 2417 992 2456 quam
1029 2403 1202 2455 potuerit
1233 2402 1450 2442 conveniri.
1496 2401 1760 2454 Epistolarum

377 2467 555 2518 Pompeii
576 2466 756 2514 duarum,
787 2483 882 2522 quas
912 2470 959 2508 ad
985 2483 1048 2509 me
1075 2469 1193 2517 misit,
1227 2468 1524 2521 negligentiam,
1554 2479 1760 2518 meamque

456 2533 523 2570 To
537 2544 588 2570 Μ.
620 2532 737 2572 V111.
1378 2534 1410 2571 E
1441 2546 1461 2571 e
