2243 3008
475 307 549 332 100
821 292 1505 331 EPISTOLARUM

806 527 1047 565 C1cnno
1089 527 1342 564 ATT1co
1385 526 1514 563 SAL.

478 655 550 693 IV.
577 654 631 727 P
644 655 677 692 E
693 654 761 705 RJ
775 655 813 691 U
826 654 860 692 C
873 655 910 691 U
923 654 965 692 N
981 654 1018 691 D
1032 654 1070 690 U
1083 653 1105 689 S
1137 651 1236 690 mihi
1258 652 1422 690 Cincius
1444 651 1522 690 fuit
1542 661 1631 690 ante
1649 651 1754 690 diem
1778 660 1855 689 ter-

657 720 757 758 tium
781 719 868 757 Kal.
892 718 1009 756 Febr.
1033 726 1121 755 ante
1141 717 1286 755 lucem.
1333 717 1451 755 Dixit
1470 717 1576 754 enim
1597 716 1698 754 mihi
1729 726 1766 754 te
1786 716 1860 754 effe

478 787 518 824 in
541 786 666 830 Italia,
698 784 851 837 seseque
869 783 916 821 ad
938 793 975 821 te
996 795 1134 835 pueros
1155 783 1311 821 mittere
1328 801 1338 827 3
1371 796 1470 834 quos
1499 783 1576 819 fine
1605 783 1703 820 meis
1734 781 1858 819 literis

479 853 533 889 ire
555 851 664 889 nolui
683 866 691 888 :
725 863 803 888 non
825 863 905 902 quo
924 849 1122 893 haberem,
1154 848 1260 900 quod
1282 848 1371 892 tibi,
1403 847 1613 900 praesertim
1629 848 1712 899 jam
1739 859 1865 900 prope·

479 916 670 969 praesenfi,
689 914 919 958 scriberem;
943 913 1005 951 sed
1026 922 1069 950 ut
1089 912 1165 950 hoc
1186 912 1313 965 ipsum
1335 911 1606 964 fignificarem,
1629 910 1731 949 mihi
1747 920 1862 949 tuum

480 981 690 1019 adventum
711 979 973 1017 suaviffimum
993 977 1422 1030 expediatiffimumque
1440 976 1527 1015 effe.
1578 977 1710 1028 Qare
1727 975 1868 1014 advola

480 1046 527 1084 ad
547 1059 617 1084 nos
637 1059 683 1083 eo
703 1045 850 1088 animo,
881 1052 924 1081 ut
945 1056 1016 1080 nos
1036 1055 1155 1086 ames,
1187 1051 1224 1080 te
1253 1042 1373 1080 amari
1400 1041 1508 1080 scias.
1555 1042 1704 1080 Caetera
1731 1054 1864 1080 coram

480 1124 638 1164 agemus
658 1125 666 1148 :
699 1108 782 1148 haec
803 1118 1051 1161 properantes
1072 1107 1308 1160 scripfimus.
1354 1108 1448 1158 Qo
1467 1107 1530 1145 die
1549 1107 1694 1152 venies,
1726 1106 1869 1159 utique

482 1190 575 1215 cum
595 1175 672 1214 tuis
693 1173 796 1227 apud
817 1187 880 1212 me
900 1173 960 1211 fis.
999 1172 1176 1210 Perbelle
1195 1171 1349 1217 feceris,
1381 1171 1407 1210 fi
1427 1171 1474 1209 ad
1495 1185 1565 1210 nos
1585 1171 1750 1210 veneris.
1784 1170 1865 1209 of-

482 1241 616 1280 fendes
636 1240 940 1292 designationem
961 1238 1227 1290 Tyrannionis
1248 1237 1456 1276 mirificam
1478 1237 1518 1275 in
1540 1237 1733 1275 librorum
1753 1250 1868 1275 meo-

484 1321 572 1345 rum
593 1304 835 1344 bibliotheca
850 1323 862 1350 ;
885 1317 1056 1357 quorum
1076 1302 1251 1356 reliquiae
1270 1302 1399 1341 multo
1420 1303 1601 1341 meliores
1621 1302 1724 1347 sunt,
1746 1315 1865 1354 quam

483 1383 675 1426 putaram.
723 1371 855 1409 Etiam
886 1369 1029 1408 vellem
1056 1368 1157 1407 mihi
1186 1369 1319 1407 mittas
1349 1368 1396 1406 de
1423 1369 1504 1406 tuis
1528 1368 1738 1407 librariolis
1768 1367 1869 1406 duos

484 1439 651 1490 aliquos,
683 1435 827 1489 quibus
849 1435 1053 1487 Tyrannio
1072 1443 1203 1472 utatur
1223 1433 1545 1486 glutinatoribus,
1575 1433 1622 1471 ad
1643 1442 1778 1472 caetera
1797 1432 1868 1470 ad-

485 1502 700 1546 ministris;
731 1501 855 1554 iisque
886 1501 1067 1552 imperes,
1098 1509 1142 1537 ut
1175 1499 1328 1537 sumant
1359 1499 1686 1543 membranulam,
1717 1512 1765 1536 ex
1792 1510 1873 1550 qua.

487 1569 635 1608 indices
656 1567 765 1612 fiant,
797 1580 895 1620 quos
925 1580 992 1604 vos
1024 1566 1169 1610 Graeci,
1201 1576 1244 1603 ut
1273 1565 1427 1617 opinor,
1459 1561 1621 1601 eumaeus
1647 1564 1867 1616 appellatis.

487 1634 560 1672 Sed
580 1634 678 1678 haec,
711 1632 736 1670 fi
759 1632 831 1670 tibi
853 1632 925 1669 erit
945 1630 1218 1669 commodum.
1266 1630 1350 1682 Ipse
1370 1643 1460 1667 vero
1481 1629 1620 1681 utique
1639 1628 1700 1667 fac
1721 1628 1866 1672 venias,

488 1699 513 1738 fi
535 1709 644 1753 potes
667 1699 706 1736 in
727 1697 789 1735 his
810 1697 908 1735 locis
928 1695 1195 1741 adhaerescere,
1217 1705 1255 1733 et
1278 1695 1419 1733 Piliam
1439 1694 1628 1732 adducere
1646 1709 1655 1732 z
1688 1694 1741 1731 ita
1761 1694 1869 1731 enim

487 1774 527 1803 et
547 1777 704 1817 :equum
723 1762 790 1808 est,
822 1772 860 1800 et
879 1762 991 1814 cupit
1012 1762 1163 1800 Tullia.
1200 1760 1361 1799 Medius
1384 1759 1498 1798 fidius
1520 1772 1578 1796 nae
1599 1769 1640 1797 tu
1661 1757 1787 1797 emisti
1808 1758 1871 1795 lo-

489 1843 582 1868 cum
602 1829 831 1882 praeclarum
850 1842 859 1865 :
892 1827 1122 1879 gladiatores
1144 1825 1258 1864 audio
1279 1837 1452 1877 pugnare
1471 1822 1664 1862 mirifice:
1698 1823 1723 1861 fi
1744 1822 1873 1861 locare

490 1894 684 1938 voluisses,
715 1892 868 1931 duobus
890 1891 950 1929 his
972 1891 1201 1929 muneribus
1223 1889 1430 1927 liberaffes.
1471 1887 1544 1926 Sed
1562 1887 1646 1926 haec
1666 1887 1874 1940 posterius.

491 1961 557 1997 Tu
580 1958 639 1996 fac
659 1957 804 2001 venias,
835 1967 872 1994 et
893 1956 940 1994 de
962 1956 1144 2000 librariis,
1176 1955 1201 1993 si
1223 1967 1286 1992 me
1306 1967 1425 1999 amas,
1456 1953 1679 2005 diligenter.

832 2159 1073 2196 Cle-nno
1115 2157 1368 2194 ATT1co
1410 2157 1539 2193 SAL.

501 2290 548 2325 V.
576 2285 748 2359 AIN'
780 2295 822 2323 tu
842 2286 854 2322 ?
887 2298 931 2322 an
955 2298 1016 2322 me
1036 2284 1230 2322 existimas
1252 2285 1300 2321 ab
1322 2284 1404 2321 ullo
1425 2283 1540 2322 malle
1562 2295 1646 2320 mea
1667 2280 1758 2333 legi,
1783 2293 1881 2332 pro-

685 2351 858 2403 barique,
891 2364 1009 2403 quam
1030 2364 1048 2387 a
1071 2361 1106 2388 te
1126 2352 1138 2388 ?
1170 2364 1239 2388 cur
1266 2350 1385 2401 igitur
1405 2350 1589 2402 cuiquam
1620 2347 1702 2385 misi
1735 2346 1841 2398 prius
1862 2348 1874 2383 ?

500 2418 675 2471 Urgebar
708 2418 755 2454 ab
790 2431 849 2460 eo,
887 2416 933 2453 ad
966 2430 1083 2469 quem
1120 2417 1219 2460 mini,
1250 2426 1287 2453 ct
1324 2429 1399 2453 non
1437 2415 1627 2453 habebam
1661 2412 1875 2464 exemplar.

499 2484 640 2536 (Qid?
680 2483 798 2520 ctiam
835 2481 1002 2532 (dudum
1037 2482 1143 2519 enim
1178 2481 1440 2524 circumrodo.
1472 2479 1578 2532 quod
1612 2476 1878 2516 devorandum

500 2552 569 2599 cst)
604 2548 871 2601 subturpicula
906 2547 1005 2587 mihi
1041 2547 1243 2586 videbatur
1276 2546 1348 2585 cll‘e
1383 2538 1573 2594 παλινῳὸω.
1621 2543 1692 2582 Sed
1727 2542 1881 2581 valeant
