2243 3008
383 273 407 300 2
731 257 1418 297 EPISTOJLARUM

379 360 568 413 judiciale
601 359 798 412 opposuit.
851 357 1036 401 Catilina,
1071 356 1096 394 si
1127 355 1352 408 judicatum
1385 355 1460 394 erit
1494 355 1658 394 meridie
1692 369 1772 394 non

386 427 530 471 lucere,
562 435 689 464 certus
710 425 784 463 erit
812 423 1063 475 competitor.
1111 422 1173 459 De
1194 421 1372 466 Aufidio,
1402 431 1441 460 et
1463 421 1660 468 Palicano,
1693 435 1774 460 non

385 501 484 545 puto
505 501 540 529 te
561 492 759 544 expestare
780 489 876 528 dum
896 487 1077 526 scribam.
1109 487 1173 524 De
1194 487 1257 532 iis,
1280 487 1351 540 qui
1373 500 1477 525 nunc
1498 497 1654 540 petunt,
1682 489 1772 526 Cae-

389 556 445 594 sar
465 565 592 594 certus
614 564 787 608 putatur.
832 553 1032 592 Thermus
1054 565 1146 590 cum
1169 552 1299 590 Silano
1319 552 1554 590 contendere
1574 552 1774 591 existima-

390 632 481 667 tur;
514 622 583 674 qui
604 621 654 659 fic
675 621 810 673 inopes
830 629 869 657 et
889 619 936 657 ab
957 619 1093 655 amicis
1114 626 1152 655 et
1172 617 1457 655 existimatione
1478 618 1581 663 sunt,
1609 627 1652 656 ut
1673 616 1776 656 mihi

390 687 566 725 videatur
586 700 663 724 non
685 685 756 724 effe
786 678 939 720 ἀδύνατον
971 683 1140 721 Curium
1170 682 1378 721 obducere.
1426 683 1499 721 Sed
1531 682 1607 721 hoc
1640 691 1777 736 praeter

390 767 454 791 me
481 752 631 790 nemini
658 751 825 789 videtur.
873 747 1026 787 Nostris
1048 748 1264 786 rationibus
1285 749 1457 786 maxime
1477 748 1695 786 conducere
1714 749 1776 785 vi-

391 819 519 863 detur,
550 816 776 856 Thermum
804 815 887 853 fieri
916 828 1010 852 cum
1044 813 1204 852 Caesare.
1251 815 1384 854 Nemo
1415 814 1468 852 est
1496 815 1604 853 enim
1634 827 1681 852 ex
1711 814 1776 859 iis,

392 885 461 936 qui
483 896 588 921 nunc
610 891 765 935 petunt,
796 881 881 934 qui,
912 881 939 918 fi
971 881 1011 918 in
1038 879 1213 918 nostrum
1232 893 1381 918 annum
1401 879 1596 925 reciderit,
1628 879 1780 918 firmior

393 949 620 988 candidatus
641 947 725 986 fore
745 947 948 992 videatur;
981 955 1183 999 propterea
1203 946 1310 999 quod
1331 955 1487 984 curator
1506 945 1560 984 est
1586 946 1655 984 viae
1684 945 1778 983 Fla-

392 1016 541 1059 miniae,
572 1028 658 1066 quae
679 1023 766 1051 tum
786 1013 859 1050 erit
879 1011 1054 1049 absoluta
1074 1011 1160 1048 sane
1180 1009 1311 1049 facile.
1355 1012 1462 1048 Eum
1483 1011 1652 1048 libenter
1672 1022 1779 1048 nunc

394 1081 522 1119 caeteri
544 1078 707 1118 Consuli
728 1077 953 1116 acciderim.
1000 1076 1222 1115 Petitorum
1241 1075 1324 1115 haec
1346 1076 1399 1114 est
1419 1075 1548 1115 adhuc
1570 1075 1781 1114 informata

394 1145 597 1198 cogitatio.
642 1145 730 1183 Nos
762 1143 802 1181 ln
833 1143 945 1181 omni
969 1154 1130 1179 munere
1158 1140 1426 1179 candidatorio
1446 1140 1650 1194 fungendo
1670 1141 1779 1180 sum-

393 1225 500 1250 mam
531 1209 807 1248 adhibebimus
838 1207 1113 1259 diligentiam:
1145 1215 1184 1244 et
1215 1205 1382 1252 fortasse,
1414 1207 1602 1259 quoniam
1626 1206 1782 1245 videtur

393 1276 434 1314 in
457 1274 648 1327 suffragiis
670 1273 844 1312 multum
865 1271 968 1324 pofi‘e
989 1271 1135 1316 Gallia,
1153 1284 1246 1309 cum
1267 1271 1406 1310 Romae
1426 1285 1447 1309 a
1461 1271 1623 1323 judiciis
1645 1270 1779 1310 forum

396 1339 607 1384 refrixerit,
629 1350 879 1377 excurremus
900 1335 1031 1375 mense
1060 1336 1280 1389 Septembri
1301 1336 1419 1388 legati
1439 1336 1485 1374 ad
1508 1336 1704 1382 Pisonem,
1738 1346 1782 1375 ut

394 1406 580 1459 Januario
611 1413 861 1443 revertamur.
912 1403 1018 1440 Cum
1051 1401 1280 1455 perspexero
1313 1402 1532 1440 voluntates
1565 1402 1780 1447 nobilium,

395 1472 561 1511 scribam
581 1471 627 1509 ad
650 1480 701 1508 te.
734 1471 882 1508 Caetera
903 1468 1011 1521 spero
1031 1467 1183 1521 prolixa
1203 1467 1290 1513 effe,
1321 1465 1383 1506 his
1404 1467 1594 1506 duntaxat
1621 1468 1779 1507 urbanis

395 1536 739 1590 competitoribus.
786 1534 901 1573 Illam
929 1547 1090 1579 manum
1119 1543 1160 1571 tu
1182 1532 1283 1571 mihi
1303 1546 1395 1571 cura
1417 1543 1459 1571 ut
1479 1533 1645 1586 praestes,
1677 1547 1780 1586 quo-

394 1605 502 1644 niam
531 1603 692 1656 propius
723 1601 828 1646 abes,
861 1600 1041 1653 Pompeii
1070 1599 1190 1639 nostri
1218 1599 1350 1638 amici.
1397 1600 1512 1652 Nega
1541 1613 1605 1638 me
1634 1600 1671 1638 ei
1703 1601 1780 1641 ira-

396 1681 483 1709 tum
503 1668 601 1714 fore,
632 1668 658 1707 s1
688 1666 735 1705 ad
760 1679 848 1705 mea
874 1667 1038 1705 comitia
1065 1679 1145 1704 non
1174 1665 1338 1704 venerit.
1383 1666 1518 1717 Atque
1538 1664 1620 1704 haec
1642 1663 1781 1718 hujus-

395 1736 504 1775 modi
526 1735 627 1773 sunt.
673 1733 746 1772 Sed
774 1732 841 1776 est,
873 1732 979 1784 quod
999 1732 1067 1770 abs
1089 1741 1126 1770 te
1146 1730 1249 1770 mihi
1270 1730 1419 1784 ignosci
1439 1731 1643 1783 pervelim.
1691 1732 1780 1769 Cae-

395 1802 527 1846 cilius,
558 1799 774 1838 avunculus
803 1809 908 1842 tuus,
939 1812 960 1837 a
986 1798 1031 1836 P.
1051 1797 1171 1835 Vario
1199 1810 1292 1835 cum
1320 1809 1462 1850 magna
1488 1797 1653 1849 pecunia
1673 1795 1780 1835 frau-

396 1867 564 1910 daretur,
595 1878 705 1917 agere
727 1865 848 1915 coepit
869 1877 961 1901 cum
982 1863 1065 1914 ejus
1087 1861 1204 1900 fratre
1225 1861 1395 1901 Caninio
1417 1861 1540 1900 Satrio
1567 1861 1614 1900 de
1643 1862 1691 1900 iis
1720 1875 1782 1900 rc-

398 1933 487 1975 bus,
518 1943 612 1984 quas
645 1943 736 1967 eum
768 1928 860 1967 dolo
894 1927 999 1966 malo
1034 1927 1234 1980 mancipio
1267 1926 1452 1980 accepisse
1486 1926 1532 1966 de
1565 1927 1684 1966 Vario
1717 1927 1782 1966 di-

397 2007 515 2037 ceret.
563 1997 652 2034 Una
680 1994 846 2048 agebant
876 1993 1004 2032 caeteri
1034 1993 1259 2037 creditores,
1292 1994 1332 2032 in
1360 1993 1505 2046 quibus
1526 2002 1605 2031 erat
1627 1993 1782 2032 Lucul-

397 2065 474 2109 lus,
504 2073 543 2101 et
579 2062 623 2100 P.
658 2062 804 2114 Scipio,
835 2069 874 2098 et
910 2059 955 2105 is,
987 2073 1106 2112 quem
1140 2059 1329 2112 putabant
1364 2059 1591 2112 magistrum
1625 2057 1723 2105 sore,
1756 2059 1783 2098 si

397 2131 500 2169 bona
534 2127 724 2172 venirent,
768 2127 816 2165 L.
850 2126 1030 2164 Pontius.
1083 2125 1231 2164 Verum
1264 2124 1341 2164 hoc
1376 2125 1590 2164 ridiculum
1623 2125 1691 2169 est,
1736 2125 1785 2163 de

399 2195 582 2247 magistro
602 2207 707 2231 nunc
729 2191 975 2244 cognoscere.
1027 2191 1197 2242 Rogavit
1219 2204 1281 2229 me
1313 2191 1515 2235 Caecilius,
1547 2200 1589 2229 ut
1619 2190 1785 2229 adeffem

398 2273 533 2301 contra
564 2260 748 2298 Satrium.
796 2259 891 2297 Dies
923 2257 1002 2296 fere
1036 2257 1167 2296 nullus
1200 2257 1268 2301 est,
1299 2257 1397 2309 quin
1432 2257 1498 2296 hic
1531 2257 1676 2295 Satrius
1709 2257 1782 2296 do-

397 2341 509 2366 mum
544 2339 670 2364 meam
705 2326 897 2363 ventitet:
930 2323 1105 2362 observat
1140 2324 1188 2361 L.
1224 2323 1453 2362 Domitium
1488 2323 1685 2361 maxime:
1720 2338 1784 2362 mc

399 2393 515 2432 habet
538 2392 764 2445 proximtun
784 2406 792 2428 :
827 2389 902 2428 fuit
923 2399 961 2428 et
983 2388 1083 2428 mihi
1103 2398 1142 2427 et
1163 2389 1319 2441 Qinto
1338 2387 1449 2427 fratri
1471 2403 1614 2441 magno
1636 2389 1721 2427 usui
1743 2390 1786 2428 in

399 2460 534 2497 nostris
558 2456 831 2510 petitionibu&
879 2457 974 2494 Sane
1006 2455 1088 2493 sum
1120 2455 1384 2507 perturb-uua,
1415 2468 1508 2493 cum
1530 2455 1645 2507 iplius
1669 2455 1786 2493 Sutrii

398 2524 676 2568 familiaritate,
700 2532 786 2561 tum
809 2522 995 2566 Domitii,
1020 2522 1058 2559 in
1080 2534 1160 2573 quo
1182 2534 1260 2560 uno
1282 2521 1451 2560 maxime
1471 2520 1638 2560 ambitio
1657 2519 1788 2559 nostra
