2243 3008
416 260 461 287 12
761 239 1446 324 EPISTOLst-RUM

413 355 543 384 tamen
563 343 710 382 credidi
728 357 738 381 ε
770 342 833 380 sed
853 351 956 380 certe
976 340 1126 394 aliquid
1146 340 1332 378 sermonis
1352 339 1445 378 fuit.
1489 339 1643 378 Totum
1663 338 1791 378 inves-

412 411 507 463 tiga,
538 409 742 462 cognosce,
773 407 960 460 perspice,
990 416 1029 445 et
1063 406 1301 444 nebulonem
1335 405 1466 450 illum,
1507 404 1534 443 fi
1568 419 1648 458 quo
1680 408 1792 458 pacto

413 485 540 528 potes,
568 488 614 513 ex
636 474 715 512 istis
736 473 833 512 locis
854 485 1003 511 amove.
1035 472 1169 523 Hujus
1189 471 1376 509 sermonis
1398 470 1576 508 Valerius
1595 472 1792 509 auctorem

415 542 492 579 Cn.
517 540 723 578 Plancium
745 538 986 577 nominabat.
1031 536 1184 575 Mando
1205 536 1278 574 tibi
1299 536 1428 589 plane,
1450 545 1580 574 totum
1601 545 1646 574 ut
1665 535 1793 574 videas

413 604 633 657 cujusmodi
654 605 713 642 s1t.
745 604 979 656 Pompeium
1001 602 1114 640 nobis
1134 601 1408 640 amiciffimum
1429 600 1576 640 constat
1595 600 1681 639 effe.
1714 601 1792 639 Di-

414 671 585 707 vortium
606 669 754 707 Mucia·
774 667 1023 706 vehementer
1043 666 1243 720 probatur.
1294 666 1340 705 P.
1363 665 1569 711 Clodium,
1599 666 1724 719 Appii
1744 666 1792 704 fi-

413 735 528 780 lium,
559 733 675 772 credo
702 743 739 772 te
758 733 914 779 audiffe‚
945 746 1037 771 cum
1058 732 1157 771 veste
1177 731 1362 770 muliebri
1381 730 1665 784 deprehensum
1685 730 1795 769 domi

404 801 471 851 .C·'
491 801 663 845 Caesaris,
685 813 778 838 cum
799 813 870 852 pro
889 799 1038 852 populo
1058 798 1182 843 fieret,
1203 811 1372 850 eumque
1392 811 1460 851 per
1479 811 1616 837 manus
1637 797 1794 836 servulae

388 855 397 864 ’
415 866 606 905 servatum
632 875 670 904 et
691 866 875 904 eductum
893 885 904 911 3
937 878 1018 903 rem
1039 865 1110 903 effe
1131 864 1273 916 insigni
1299 863 1488 902 infamia:
1520 863 1626 916 quod
1647 872 1684 902 te
1704 876 1793 901 mo-

413 930 504 968 leste
535 929 634 968 ferre
663 940 770 968 certo
802 930 894 969 scio.
941 930 1050 981 Qid
1077 940 1258 982 praete‘rea
1283 928 1330 966 ad
1351 938 1388 966 te
1408 928 1589 973 scribam,
1620 941 1700 967 non
1720 927 1794 965 ha-

416 995 489 1033 beo
504 1015 516 1041 5
559 1004 597 1033 et
631 995 855 1033 mehercule
888 1008 990 1033 eram
1026 994 1323 1032 conturbatior:
1366 1006 1457 1031 nam
1487 1006 1585 1046 puer
1617 991 1793 1038 festivus,

412 1060 635 1112 anagnostes
657 1060 795 1105 noster,
828 1059 1022 1098 Sofitheus
1043 1058 1261 1104 decesserat,
1287 1072 1429 1112 meque
1449 1058 1554 1111 plus,
1575 1071 1694 1110 quam
1714 1058 1792 1097 ser-

412 1127 451 1164 vi
472 1139 576 1164 mors
597 1125 735 1164 debere
755 1125 973 1170 videbatur,
1002 1134 1281 1163 commoverat.
1314 1125 1380 1162 Tu
1401 1124 1522 1163 velim
1542 1123 1637 1177 saepe
1656 1124 1703 1162 ad
1724 1138 1794 1163 nos

414 1192 554 1229 scribas
574 1206 582 1229 :
616 1192 642 1229 s1
664 1206 745 1230 rem
766 1191 917 1230 nullam
937 1190 1114 1236 habebis,
1145 1189 1251 1242 quod
1280 1191 1322 1228 in
1342 1189 1510 1229 buccam
1529 1190 1678 1229 venerit
1698 1189 1795 1229 scri-

414 1257 513 1295 bito.
538 1257 626 1295 Kal.
650 1258 807 1309 Januar.
840 1257 903 1296 M.
927 1255 1102 1302 Messala,
1133 1256 1202 1295 M.
1226 1255 1365 1294 Pisone
1386 1255 1492 1294 Coss.

751 1463 991 1500 ClcERo
1034 1463 1288 1500 Arrrco
1332 1461 1461 1501 SAL.

410 1588 529 1627 XIII.
553 1590 825 1664 ACCEPI
857 1599 940 1628 tuas
954 1582 1037 1628 ‘tres
1053 1591 1135 1642 jam
1156 1589 1348 1642 epistolas,
1372 1602 1490 1627 unam
1511 1603 1531 1626 a
1551 1589 1614 1627 M.
1640 1591 1794 1628 Corne-

662 1656 730 1699 lio,
762 1668 881 1707 quam
903 1655 1052 1693 Tribus
1074 1655 1282 1699 Tabernis,
1315 1664 1358 1691 ut
1383 1654 1538 1707 opinor,
1569 1654 1603 1692 ei
1625 1654 1761 1693 dedisti
1779 1675 1792 1700 ;

411 1720 585 1766 alteram,
617 1734 734 1773 quam
758 1719 857 1757 mihi
881 1720 1098 1758 Canusinus
1121 1730 1211 1758 tuus
1232 1719 1370 1772 hospes
1392 1719 1588 1763 reddidit;
1622 1721 1792 1765 tertiam,

409 1800 542 1839 quam,
567 1797 609 1825 ut
631 1787 781 1830 scribis,
799 1799 938 1823 ancora
959 1785 1083 1823 soluta
1102 1786 1148 1824 de
1169 1784 1326 1837 phaselo
1346 1784 1502 1823 dedisti:
1526 1799 1612 1838 quae
1632 1785 1793 1824 fuerunt

409 1865 544 1889 omnes
563 1851 785 1889 rhetorum:
810 1864 904 1902 pure
920 1851 1153 1902 loquuntur,
1171 1864 1263 1888 cum
1281 1849 1537 1888 humanitatis
1555 1850 1685 1903 sparsae
1703 1851 1792 1896 sale,

409 1927 496 1955 tum
518 1917 683 1968 insignes
705 1916 846 1954 amoris
868 1916 986 1953 notis.
1033 1916 1191 1968 Qibus
1212 1915 1383 1969 epistolis
1411 1916 1495 1954 sum
1515 1916 1699 1969 equidem
1725 1917 1794 1955 abs

410 1992 447 2020 te
469 1982 657 2020 laceffitus
679 1982 724 2019 ad
747 1981 1023 2026 scribendum;
1048 1981 1108 2019 sed
1131 1981 1278 2020 idcirco
1299 1981 1381 2019 sum
1404 1982 1561 2026 tardior,
1583 1982 1690 2035 quod
1714 1996 1791 2021 non

409 2049 568 2086 invenio
603 2048 758 2086 fidelem
792 2047 1066 2086 tabellarium:
1108 2057 1252 2100 quotus
1286 2048 1392 2086 enim
1425 2047 1590 2101 quisque
1624 2048 1691 2093 cst,
1723 2049 1792 2101 qui

409 2113 609 2166 epistolam
646 2114 762 2166 paulo
795 2113 1010 2165 graviorem
1047 2112 1146 2151 ferre
1180 2113 1306 2167 possit,
1340 2114 1408 2152 nisi
1442 2127 1525 2152 eam
1562 2114 1793 2167 pellectione

410 2180 617 2217 relevarit?
651 2178 817 2217 Accedit
848 2193 908 2223 eo,
940 2178 1046 2231 quod
1079 2178 1178 2217 mihi
1206 2193 1282 2217 non
1304 2179 1355 2217 est
1378 2189 1531 2224 notum,
1564 2190 1607 2217 ut
1627 2180 1792 2232 quisque

410 2245 448 2282 in
485 2246 651 2297 Epirum
689 2243 967 2297 proficiscatur.
1017 2245 1103 2297 Ego
1136 2245 1242 2283 enim
1276 2255 1311 2283 te
1343 2245 1523 2289 arbitror,
1554 2246 1655 2284 caesis
1688 2246 1790 2299 apud

413 2310 660 2349 Amaltheam
695 2321 800 2349 tuam
834 2311 1019 2355 vifflmis,
1051 2310 1179 2349 statim
1210 2311 1281 2349 esse
1314 2311 1359 2349 ad
1395 2312 1601 2363 Sicyonem
1633 2326 1790 2365 oppug-

409 2377 580 2415 nandum
615 2376 848 2430 profeftum.
897 2377 1037 2429 Neque
1071 2387 1197 2416 tamen
1234 2378 1270 2415 id
1304 2378 1429 2431 ipsum
1462 2389 1612 2416 certum
1649 2377 1788 2424 habeo,

407 2443 563 2495 quando
583 2442 628 2480 ad
651 2443 872 2481 Antonium
896 2443 1150 2496 proficiscare,
1182 2454 1246 2482 aut
1279 2444 1374 2496 quid
1408 2445 1445 2482 in
1480 2445 1601 2497 Epiro
1633 2454 1788 2497 tempo·

408 2510 456 2546 ris
488 2521 621 2561 ponas.
671 2509 727 2547 Ita
760 2522 884 2561 neque
918 2508 1102 2547 Achaicis
1133 2508 1378 2554 hominibus,
1413 2523 1535 2562 neque
1558 2509 1788 2562 Epiroticis,
