2243 3008
856 221 1084 275 [397]

518 492 1433 540 EPISTOLARUM

383 695 602 752 ,AD
718 694 1525 757 ATTICUM

730 914 1008 953 LIBER
1079 915 1211 955 XIV.

618 1115 858 1152 C1cnno
898 1114 1153 1152 Αττιοο
1194 1115 1325 1153 SAL.

279 1241 313 1279 Ι.
471 1240 586 1279 IVE
606 1241 723 1279 RTI
762 1240 809 1278 ad
844 1240 975 1286 illum,
1007 1241 1054 1279 de
1087 1253 1166 1292 quo
1201 1250 1333 1280 tecum
1368 1255 1493 1281 mane.
1539 1243 1663 1282 Nihil.

485 1306 703 1358 perditius:
737 1306 924 1358 explicari
955 1320 1036 1344 rem
1067 1319 1146 1343 non
1175 1306 1292 1359 poffe.
1339 1308 1505 1345 Etenim
1534 1309 1561 1346 fi
1590 1309 1660 1346 ille

277 1371 347 1409 tali
367 1371 528 1424 ingenio
547 1373 700 1410 exitum
721 1384 800 1409 non
822 1371 1049 1424 reperiebat,
1081 1372 1170 1424 quis
1191 1385 1297 1410 nunc
1321 1373 1485 1425 reperiet
1504 1375 1518 1411 ?
1549 1373 1660 1425 Qid

278 1438 417 1489 quaeris
432 1439 444 1475 ?
468 1437 618 1490 periiffe
634 1437 770 1475 omnia
784 1437 923 1483 aiebat,
941 1436 1048 1489 quod
1068 1436 1172 1475 haud
1193 1437 1272 1476 scio
1291 1451 1339 1476 an
1357 1439 1413 1477 ita
1431 1439 1499 1477 fit:
1523 1452 1662 1477 verum

276 1501 345 1539 ille
365 1502 564 1553 gaudens;
597 1502 841 1554 affirmatque
870 1502 1003 1539 minus
1034 1501 1170 1540 diebus
1202 1515 1261 1539 xx
1284 1503 1504 1542 tumultum
1526 1504 1658 1542 Galli-

278 1579 394 1604 cum:
419 1567 458 1604 in
481 1566 696 1603 sermonem
718 1565 754 1603 se
773 1565 858 1618 post
878 1565 970 1603 Idus
992 1566 1114 1604 Mart.
1138 1575 1395 1619 praeterquam
1415 1568 1573 1620 Lepidi,
1591 1583 1658 1606 ve-

276 1629 370 1667 niffe
392 1631 585 1676 neminis:
609 1629 654 1667 ad
677 1629 883 1674 summam,
906 1643 985 1667 non
1006 1629 1109 1683 poss'e
1129 1629 1259 1669 isthaec
1279 1631 1330 1669 fic
1351 1632 1469 1670 abire.
1503 1633 1540 1670 O
1562 1647 1658 1685 pru-

277 1694 434 1732 dentem
459 1695 653 1747 Oppium,
677 1695 745 1747 qui
768 1694 895 1733 nihilo
916 1696 1047 1733 minus
1068 1695 1184 1733 illum
1205 1695 1416 1741 desiderat;
1440 1697 1502 1734 sed
1523 1697 1657 1750 loqui-

275 1767 341 1796 tur
361 1758 477 1804 nihil,
508 1759 617 1811 quod
637 1773 876 1811 quemquam
898 1760 1048 1798 bonum
1078 1759 1263 1799 offendat.
1311 1761 1383 1799 Sed
1412 1761 1495 1800 haec
1522 1761 1658 1800 haste-

276 1837 365 1862 nus.
410 1825 490 1869 Tu,
524 1825 666 1877 quaeso,
698 1824 893 1877 quidquid
920 1826 1012 1863 novi
1044 1826 1188 1878 (multa
1207 1835 1338 1864 autem
1357 1826 1536 1879 expedio)
1561 1827 1656 1865 scri-

277 1889 366 1927 bere
397 1903 444 1927 ne
478 1890 643 1943 pigrere.
691 1891 736 1928 In
769 1889 846 1935 his,
878 1890 924 1928 de
957 1891 1073 1929 Sexto
1107 1891 1242 1929 satisne
1274 1902 1454 1938 certum;
1486 1893 1659 1931 maxime

275 1964 405 1993 autem
426 1955 472 1993 de
500 1956 622 1993 Bruto
643 1955 771 1993 nostro
789 1974 801 2000 ;
832 1955 879 1993 de
899 1969 979 2008 quo
998 1956 1159 2008 quidem
1179 1957 1261 2002 ille,
1292 1957 1339 1995 ad
1360 1971 1478 2010 quem
1499 1958 1656 2004 diverti,

277 2019 465 2057 Caesarern
486 2020 643 2058 solitum
667 2020 808 2064 dicere,
839 2020 979 2072 Magni
1003 2021 1119 2073 refert
1141 2021 1200 2059 hic
1219 2021 1306 2074 quid
1321 2023 1409 2060 velit
1425 2038 1439 2060 :
1454 2022 1528 2074 st’d
1551 2023 1656 2075 quid-

234 2104 237 2106 -
274 2083 363 2135 quid
377 2084 472 2128 vult,
505 2084 609 2122 valde
628 2085 710 2123 vult
727 2100 739 2122 :
770 2085 888 2137 idque
907 2099 998 2124 eum
1018 2086 1341 2132 animadvertisse,
1365 2101 1458 2125 curn
1479 2101 1549 2139 pro
1570 2089 1654 2126 De-

270 2150 398 2202 jotaro
429 2150 563 2188 Niceae
595 2150 752 2195 dixerit,
783 2150 893 2188 valde
913 2150 1163 2190 vehementer
1181 2165 1272 2190 eum
1292 2152 1436 2196 visum,
1463 2161 1502 2189 et
1534 2152 1655 2191 libere

274 2214 421 2253 dicere:
445 2225 562 2268 atque
582 2217 699 2253 etiam
718 2218 780 2268 (ut
801 2217 906 2254 enim
928 2217 1103 2270 quidque
1123 2217 1327 2262 succurrit,
1350 2218 1448 2255 libet
1467 2217 1651 2269 scribere)

274 2280 453 2330 proxime
474 2294 565 2318 cum
588 2281 708 2319 Sextii
734 2291 869 2333 rogatu
891 2282 992 2333 apud
1013 2296 1104 2319 eum
1133 2281 1305 2325 fuiffem,
1331 2284 1654 2334 expediaremque

274 2343 406 2380 sedens
429 2345 555 2394 quoad
576 2359 744 2390 vocarer,
776 2346 911 2384 dixisse
931 2360 1037 2390 eum,
1069 2347 1148 2397 Ego
1169 2345 1321 2384 dubitem
1349 2347 1433 2398 quin
1445 2348 1586 2399 flammo
1616 2348 1653 2386 in

274 2407 346 2445 odio
350 2407 436 2456 ſsm,
469 2421 546 2445 cum
565 2410 626 2447 M.
649 2410 917 2467 Cicero-ſscien&
949 2411 1087 2460 necsizo
1107 2410 1273 2449 commodo
1292 2425 1344 2449 me
1369 2412 1556 2450 convenire
1568 2414 1652 2464 post

253 2474 313 2525 stt
330 2473 349 2511 ‚³
384 2473 508 2526 Atqui
508 2474 550 2525 fi
567 2474 745 2527 quisqtcam
766 2476 811 2526 est
816 2477 960 2527 facilis,
991 2476 1048 2516 hic
1078 2476 1123 2528 ss
1139 2492 1151 2516 :
1183 2486 1300 2517 tamen
1319 2491 1386 2516 non
1405 2477 1537 2523 dubito,
1567 2479 1663 2530 quin·
