2243 3008
459 250 535 292 106
800 243 1488 286 EPISTOLARUM

457 356 525 385 tua
565 345 755 391 sedecula,
799 358 920 398 quam
951 344 1071 383 habes
1105 343 1177 387 sub
1210 343 1384 396 imagine
1417 343 1654 389 Aristotelis,
1698 342 1842 390 sedere,

455 425 575 465 quam
606 412 648 450 in
679 411 842 450 istorum
871 410 963 449 sella
992 406 1123 449 curuli
1139 429 1151 455 ς
1183 417 1395 462 tecumque
1423 409 1527 463 apud
1558 419 1595 448 te
1625 409 1839 454 ambulare,

456 491 577 529 quam
596 490 690 515 cum
709 490 769 522 eo,
800 489 977 529 quocum
1006 475 1120 514 video
1149 474 1222 512 effe
1250 474 1550 513 ambulandum.
1596 475 1669 513 Sed
1698 475 1746 513 de
1774 474 1844 513 illa

457 541 724 580 ambulatione
744 540 825 580 fors
845 540 1002 586 viderit,
1032 549 1099 578 aut
1119 539 1145 578 fi
1173 538 1263 591 quis
1283 538 1337 577 est
1357 539 1428 592 qui
1449 548 1560 578 curet
1579 539 1689 578 deus.
1734 538 1843 578 Nos-

458 616 559 645 tram
593 607 918 652 ambulationem,
953 616 994 645 et
1027 605 1288 648 Laconicum,
1319 617 1440 658 eaque
1473 619 1559 658 quae
1594 607 1719 656 Cyrea
1751 605 1842 649 fint,

456 672 592 716 velim,
623 671 730 724 quod
763 671 924 724 poteris,
955 670 1095 709 invisas
1112 689 1123 715 3
1155 678 1194 708 et
1225 682 1360 722 urgeas
1391 668 1657 708 Philotimum
1678 679 1722 708 ut
1749 682 1842 722 pro-

457 746 566 789 peret
582 756 595 782 ς
628 746 672 775 ut
701 736 840 789 poffim
871 736 947 776 tibi
973 735 1124 789 aliquid
1143 736 1185 774 in
1204 748 1250 773 eo
1269 747 1409 787 genere
1429 734 1672 788 respondere.
1721 735 1846 773 Pom-

457 802 568 854 peius
595 803 637 840 in
659 803 887 853 Cumanum
916 801 1113 840 Parilibus
1143 800 1278 839 venit:
1312 800 1417 839 misit
1445 800 1493 838 ad
1522 813 1586 838 me
1614 800 1745 838 statim
1773 799 1845 852 qui

460 866 623 905 filutem
658 867 870 906 nuntiaret.
915 866 981 904 Ad
1014 879 1106 904 eum
1139 864 1324 918 postridie
1356 878 1471 903 mane
1503 864 1706 910 vadebam,
1750 876 1845 902 cum

459 930 544 970 haec
564 931 710 984 scripsi.

796 1131 1038 1169 CICERO
1079 1130 1336 1168 Αττιεο
1376 1129 1507 1167 SAL.

459 1259 534 1297 XI.
560 1257 636 1330 D
650 1259 684 1296 E
699 1258 733 1296 L
745 1258 779 1296 E
795 1258 828 1296 C
843 1257 928 1296 TA
944 1257 1028 1296 RU
1044 1257 1085 1296 N
1100 1258 1140 1295 T
1169 1270 1232 1295 me
1262 1256 1432 1310 epistolae
1464 1266 1554 1301 tuae,
1585 1270 1681 1310 quas
1711 1258 1845 1311 accepi

660 1337 741 1361 uno
761 1332 936 1376 tempore
962 1323 1056 1361 duas
1086 1332 1175 1361 ante
1203 1322 1309 1361 diem
1341 1336 1375 1361 11
1400 1322 1490 1361 Kal.
1528 1323 1649 1376 Perge
1679 1324 1844 1376 reliqua.

460 1388 596 1427 Gestio
616 1388 711 1426 scire
732 1387 800 1426 ista
819 1388 966 1426 omnia.
1004 1389 1137 1428 Etiam
1158 1388 1259 1426 illud
1279 1387 1500 1440 cujusmodi
1522 1388 1581 1433 fit,
1612 1389 1732 1427 velim
1752 1403 1845 1442 per·

458 1454 623 1507 spicias:
656 1463 767 1507 potes
787 1467 808 1491 a
828 1455 1061 1492 Demetrio:
1094 1454 1196 1492 dixit
1217 1454 1445 1506 Pompeius,
1478 1453 1656 1493 Craffum
1685 1468 1706 1492 a
1735 1455 1771 1493 se
1802 1456 1844 1493 in

460 1520 617 1558 Albano
635 1520 828 1572 expestari
848 1533 882 1558 a.
906 1519 945 1558 d.
971 1533 1015 1558 ιν
1039 1519 1258 1558 Kalendas:
1291 1519 1325 1557 is
1351 1532 1446 1557 cum
1465 1519 1640 1565 veniffet,
1672 1521 1846 1559 Romam

456 1585 529 1623 esse
563 1585 690 1623 statim
725 1594 924 1630 venturos,
969 1594 1013 1623 ut
1052 1585 1222 1623 rationes
1254 1597 1347 1622 cum
1383 1584 1610 1622 Publicanis
1645 1595 1841 1637 putarent.

457 1651 640 1702 Qaefivi,
671 1650 1000 1702 gladiatoribusne
1019 1651 1032 1688 ?
1064 1650 1276 1703 respondit,
1299 1658 1387 1687 ante
1407 1663 1527 1702 quam
1547 1649 1841 1690 inducerentur.

460 1716 503 1753 ld
524 1715 745 1768 cujusmodi
765 1716 825 1761 fit,
844 1725 909 1754 aut
930 1729 1036 1754 nunc
1057 1716 1082 1753 fi
1105 1716 1214 1761 scias,
1231 1724 1297 1753 aut
1317 1729 1411 1753 cum
1432 1716 1464 1753 is
1486 1717 1657 1754 Romam
1678 1718 1842 1763 venerit,

457 1781 502 1818 ad
525 1795 587 1819 me
608 1781 741 1821 mittas
761 1781 896 1819 velim.
928 1782 1014 1820 Nos
1036 1781 1103 1819 hic
1118 1793 1302 1820 voramus
1321 1780 1450 1818 literas
1470 1793 1562 1818 cum
1579 1779 1742 1819 homine
1762 1782 1842 1819 mi-

458 1846 568 1884 rifico
598 1847 671 1897 (im
697 1846 921 1884 mehercule
954 1846 1094 1897 sentio)
1130 1845 1333 1897 Dionysio,
1364 1846 1434 1898 qui
1464 1855 1501 1884 te
1530 1846 1743 1899 omnesque
1774 1861 1842 1885 vos

458 1911 608 1949 salutat.
646 1904 740 1946 οὐδὲν
757 1907 949 1962 γλυκύτερον
968 1902 986 1951 ἢ
1005 1908 1093 1946 mc'rr'
1107 1905 1224 1955 κ’δὲναᾳ.
1257 1912 1403 1963 Qare,
1435 1920 1478 1948 ut
1499 1910 1653 1949 homini
1674 1912 1841 1958 curioso,

459 1977 512 2014 ita
533 1975 724 2029 perscribe
754 1975 800 2012 ad
831 1988 909 2020 me,
941 1975 1037 2027 quid
1070 1976 1220 2027 primus
1251 1976 1347 2021 dies,
1379 1975 1475 2029 quid
1509 1977 1713 2022 secundus,
1746 1979 1843 2030 quid

460 2041 663 2085 Censores,
694 2040 791 2093 quid
827 2041 995 2093 Appius,
1027 2041 1123 2093 quid
1159 2041 1227 2079 illa
1261 2042 1398 2094 populi
1430 2042 1611 2095 Apuleia.
1659 2044 1842 2096 Denique

457 2108 574 2146 etiam
596 2106 692 2160 quid
712 2119 732 2143 a
754 2115 790 2143 te
812 2105 892 2150 fiat,
923 2106 968 2143 ad
989 2120 1051 2144 me
1073 2106 1191 2144 velim
1214 2107 1353 2144 scribas
1373 2122 1382 2145 ι
1416 2120 1494 2145 non
1523 2109 1630 2146 enim
1665 2111 1727 2160 (ut
1757 2123 1842 2147 vere

460 2172 686 2225 loquamur)
710 2181 790 2210 tam
812 2171 926 2209 rebus
948 2171 1074 2216 novis,
1105 2185 1223 2224 quam
1246 2173 1323 2210 tuis
1354 2173 1493 2216 literis,
1524 2173 1706 2212 dele610r.
1755 2175 1843 2226 Ego

461 2252 618 2277 mecum
641 2247 776 2291 praeter
797 2237 1031 2288 Dionysium
1053 2237 1148 2275 duxi
1181 2238 1406 2275 neminem:
1442 2251 1510 2276 nce
1543 2248 1678 2276 metuo
1712 2249 1839 2278 tamen

460 2318 508 2342 ne
529 2303 627 2342 mihi
651 2303 774 2341 sermo
793 2303 887 2341 desit
907 2303 974 2341 abs
996 2312 1046 2341 te.
1092 2305 1222 2356 Opere
1242 2303 1425 2342 delee’tor.
1466 2305 1533 2342 Tu
1558 2305 1728 2342 Lucceio
1751 2306 1840 2343 nos-

461 2379 564 2408 trum
587 2369 733 2407 librum
755 2369 879 2406 dabis.
927 2369 1121 2407 Demetrii
1150 2370 1349 2422 Magnetis
1373 2370 1445 2408 tibi
1468 2371 1613 2416 mitto;
1647 2371 1774 2410 statim
1797 2382 1841 2410 ut

461 2436 519 2481 fit,
550 2435 619 2488 qui
639 2448 659 2472 a
681 2443 716 2472 tc
738 2433 838 2472 mihi
858 2434 1059 2487 epistolam
1081 2434 1232 2473 referat.
