2243 3008
528 218 606 271 380
729 270 732 273 ,
873 222 1558 263 EPISTOLARUM

868 455 1110 493 Crczno
1150 454 1404 493 ATtho
1446 456 1575 494 SAL.

531 578 688 620 XXIX.
713 581 781 654 C
797 582 834 620 U
851 581 898 619 M
928 580 1033 633 quasi
1064 579 1155 617 alias
1177 593 1235 618 res
1256 593 1468 632 quaererem
1488 579 1536 618 de
1555 579 1770 633 philologis
1790 593 1811 619 e
1831 581 1912 620 Ni-

812 646 885 690 cia,
916 645 1130 682 incidimus
1155 645 1196 682 in
1217 646 1414 683 Talnam:
1448 645 1516 683 ille
1544 645 1592 682 de
1623 646 1781 697 ingenio
1812 644 1913 683 nihil

531 711 676 755 nimis,
700 710 920 749 modestum
939 718 978 746 et
998 707 1120 761 frugi.
1153 709 1225 747 Sed
1246 708 1322 748 hoc
1345 709 1446 747 mihi
1466 722 1544 747 non
1567 709 1739 761 placuit:
1763 709 1799 746 se
1819 709 1915 747 scire

532 776 657 813 aiebat
689 775 736 812 ab
765 788 812 812 eo
842 787 966 826 nuper
996 773 1160 825 petitam
1193 774 1465 819 Cornificiam,
1497 772 1714 825 Qfiliam,
1743 773 1918 812 vetulam

534 840 634 884 sane,
656 849 695 878 et
716 839 931 878 multarum
953 839 1181 890 nuptiarum
1201 853 1210 877 :
1243 853 1322 877 non
1344 838 1416 877 effe
1435 839 1646 891 probatum
1665 838 1915 883 mulieribus,

533 904 640 956 quod
660 905 714 942 ita
734 905 960 957 reperirent,
992 917 1073 940 rem
1096 916 1175 941 non
1207 905 1396 955 majorem
1428 917 1574 942 Dece:
1605 902 1682 942 hoc
1714 903 1848 956 putavi
1879 912 1918 941 te

533 969 628 1007 scire
648 979 840 1022 oportere.
873 970 936 1007 De
955 967 1080 1006 hortis
1100 982 1148 1007 ex
1169 969 1247 1007 tuis
1269 969 1392 1007 literis
1412 969 1596 1021 cognovi,
1620 978 1659 1007 et
1680 968 1916 1020 Chrysippo.

533 1034 579 1071 In
601 1034 708 1079 villa,
736 1034 850 1085 cujus
870 1032 1125 1070 insulsitatem
1147 1033 1245 1071 bene
1265 1047 1417 1079 noram,
1438 1034 1552 1072 video
1573 1032 1690 1078 nihil,
1712 1042 1777 1071 aut
1798 1044 1920 1085 pauca

533 1108 709 1137 mutata:
742 1099 936 1136 balnearia
956 1107 1085 1136 tamen
1108 1098 1238 1136 laudat
1259 1100 1404 1151 majora
1419 1117 1432 1144 ;
1464 1099 1511 1137 de
1531 1099 1752 1137 minoribus
1773 1099 1825 1136 ait
1851 1096 1918 1135 hi-

534 1162 652 1201 berna
672 1163 776 1201 effici
795 1163 913 1215 pofl‘e.
966 1163 1089 1200 Tecta
1117 1163 1239 1215 igitur
1270 1156 1609 1202 ambulatiun‘cula
1636 1163 1809 1201 addenda
1837 1162 1918 1201 est:

533 1240 652 1279 quam
681 1237 725 1265 ut
756 1237 905 1265 tantam
937 1225 1141 1272 faciamus,
1180 1237 1367 1279 quantam
1401 1228 1444 1265 in
1475 1227 1703 1266 Tusculano
1734 1226 1918 1272 fecimus,

535 1307 656 1345 prope
677 1293 844 1330 dimidio
866 1293 1030 1330 minoris
1051 1292 1243 1330 constabit
1264 1293 1336 1331 isto
1356 1293 1458 1331 loco.
1491 1292 1555 1330 Ad
1576 1292 1616 1331 id
1636 1302 1782 1338 autem,
1812 1291 1920 1344 quod

535 1357 736 1402 volumus,
766 1351 957 1405 ἀφίδρυμα,
989 1355 1090 1394 nihil
1125 1357 1253 1409 aptius
1287 1357 1455 1403 videtur,
1488 1371 1607 1409 quarn
1641 1358 1769 1402 lucus,
1800 1370 1921 1410 quem

535 1436 609 1475 ego
629 1435 787 1460 noram:
811 1420 874 1459 sed
894 1421 1161 1460 celebritatem
1183 1422 1332 1460 nullam
1356 1432 1441 1461 tum
1463 1422 1656 1467 habebat;
1679 1437 1785 1461 nunc
1805 1423 1921 1461 audio

536 1488 767 1526 maximam.
800 1485 918 1525 Nihil
939 1487 1007 1532 est,
1029 1487 1136 1539 quod
1155 1500 1228 1539 ego
1249 1487 1402 1526 malim.
1434 1489 1480 1525 In
1502 1486 1579 1525 hoc
1597 1485 1649 1522 τὶν
1667 1484 1762 1534 τύφων
1776 1500 1827 1535 με
1844 1486 1923 1541 πρὶς

536 1549 612 1594 θεῶν
629 1549 864 1600 τροποφόρησον.
910 1551 1133 1604 Reliquum
1154 1551 1208 1589 est
1220 1570 1232 1597 3
1265 1551 1291 1589 si
1314 1552 1500 1590 Faberius
1521 1552 1636 1590 nobis
1657 1565 1800 1590 nomen
1822 1551 1923 1589 illud

536 1616 722 1668 explicat,
754 1615 836 1653 noli
865 1629 1050 1668 quaerere,
1081 1617 1248 1670 quanti:
1282 1616 1488 1655 Othonem
1520 1617 1788 1655 vincasssvolo.
1834 1617 1923 1655 Nec

537 1691 667 1719 tamen
689 1680 947 1719 insaniturum
970 1682 1086 1720 illum
1107 1693 1207 1735 puto
1227 1701 1238 1728 3
1263 1681 1365 1721 noffe
1385 1684 1491 1721 enim
1512 1681 1614 1721 mihi
1635 1681 1840 1720 hominem
1861 1682 1923 1720 vi-

537 1747 643 1785 deor.
687 1747 746 1784 Ita
766 1747 866 1784 male
886 1756 1016 1785 autem
1038 1748 1154 1786 audio
1174 1747 1302 1800 ipsum
1324 1748 1396 1786 esse
1417 1750 1638 1792 tractatum,
1671 1757 1713 1785 ut
1734 1746 1835 1784 mihi
1856 1747 1925 1785 ille

537 1820 692 1864 emptor
721 1825 800 1849 non
832 1811 904 1850 effe
933 1812 1135 1851 videatur:
1167 1813 1264 1865 quid
1292 1814 1432 1851 enim?
1465 1813 1690 1866 pateretur?
1722 1811 1794 1850 Sed
1825 1811 1923 1864 quid

536 1877 815 1928 argumentor?
847 1876 873 1913 s1
896 1877 1155 1916 Faberianum
1176 1878 1363 1930 explicas,
1386 1891 1561 1916 emamus
1584 1877 1643 1914 vel
1664 1889 1834 1928 magno;
1868 1877 1922 1915 sin

538 1941 685 1985 minus,
704 1954 750 1978 ne
772 1953 889 1992 parvo
909 1941 1071 1992 quidem
1093 1941 1307 1993 possumus.
1342 1942 1524 1980 Clodiam
1546 1942 1688 1994 igitur;
1711 1955 1730 1978 a
1746 1955 1823 1993 qua
1844 1941 1924 1993 ipsa

538 2007 589 2043 ob
609 2019 694 2043 eam
716 2006 868 2043 causam
890 2005 1036 2057 sperare
1056 2006 1203 2051 videor,
1234 2007 1341 2059 quod
1361 2017 1399 2045 et
1419 2007 1549 2046 multo
1570 2007 1733 2045 minoris
1756 2007 1859 2051 sunt.
1884 2017 1923 2045 et

539 2071 755 2109 Dolabellae
777 2084 919 2109 nomen
946 2072 1028 2123 jam
1058 2072 1287 2124 expeditum
1308 2073 1478 2118 videtur,
1510 2083 1552 2110 ut
1573 2073 1691 2110 etiam
1715 2071 1922 2124 repraesen-

538 2136 682 2174 tatione
714 2135 925 2175 confidam.
974 2137 1034 2175 De
1067 2136 1190 2175 hortis
1216 2137 1319 2177 satis.
1367 2140 1460 2176 Cras
1482 2148 1547 2176 aut
1569 2147 1620 2183 te,
1651 2148 1717 2176 aut
1737 2138 1920 2183 causamn

533 2215 654 2253 quam
674 2201 835 2253 quidem
858 2201 1031 2241 futuram
1055 2203 1322 2242 Faberianam.
1356 2203 1444 2249 Sed,
1475 2204 1500 2242 si
1523 2203 1683 2257 poteris.
