2243 3008
483 269 556 310 132
824 254 1513 295 EPISTOLARUM

817 493 1060 530 C1csno
1101 491 1355 528 ATT1co
1397 490 1527 528 SAL.

479 620 592 658 XIV.
618 617 792 692 ANT
806 620 937 670 EQ]
943 620 976 656 A
990 618 1038 656 M
1069 618 1201 669 aliquo
1227 615 1315 654 loco
1336 615 1558 662 consedero‚
1581 629 1708 670 neque
1727 617 1865 670 longas

727 697 747 722 a
767 698 844 729 me,
877 696 1002 736 neque
1023 682 1171 735 semper
1191 694 1278 719 mea
1296 695 1430 726 manu,
1462 682 1592 720 literas
1612 683 1833 734 expectabis
1850 698 1859 721 :

478 763 572 788 cum
592 761 722 789 autem
742 750 816 788 erit
837 749 1020 802 spatium,
1053 757 1266 799 utrumque
1285 746 1484 799 praestabo.
1528 747 1650 785 Nunc
1672 747 1746 785 iter
1765 761 1864 786 con-

478 813 706 853 ficiebamus
727 812 882 852 aestuosa
901 822 939 851 et
960 811 1232 864 pulverulenta
1251 810 1326 849 via.
1374 810 1569 848 Dederam
1597 809 1753 863 Epheso
1779 811 1864 864 pri-

477 878 567 917 die:
600 878 668 917 has
689 877 778 916 dedi
799 877 1017 916 Trallibus.
1064 877 1111 914 In
1142 875 1346 928 provincia
1371 888 1457 913 mea
1486 874 1570 914 fore
1594 889 1658 914 me
1677 876 1865 929 putabam

476 943 567 981 Kal.
591 942 804 981 Sextilibus
821 957 830 979 :
852 954 900 979 ex
920 954 963 979 ea
981 940 1058 985 die,
1081 939 1106 978 fi
1128 953 1191 977 me
1210 951 1329 983 amas,
1350 931 1573 991 παράγζελμοι
1592 935 1730 974 ἐνιαύσιον
1749 953 1862 979 com-

472 1016 644 1045 moveto.
677 1008 830 1045 Tamen
852 1006 997 1042 interea
1016 1003 1113 1048 haec,
1144 1016 1231 1056 quae
1251 1002 1409 1046 vellem,
1440 1000 1542 1039 mihi
1569 1001 1829 1043 afferebantur
1844 1023 1857 1050 ;

480 1073 655 1125 primum
677 1072 804 1109 otium
826 1069 1072 1114 Parthicum,
1089 1067 1178 1106 dein
1200 1067 1386 1106 confeClae
1405 1067 1602 1119 pactiones
1623 1069 1864 1109 Publicano-

477 1151 580 1182 rum,
612 1135 807 1189 postremo
827 1134 965 1173 seditio
991 1134 1170 1172 militum
1199 1133 1326 1172 sedata
1351 1132 1400 1170 ab
1420 1132 1569 1185 Appio,
1601 1133 1862 1186 stipendium·

477 1216 554 1254 que
580 1203 635 1240 eis
658 1201 777 1254 usque
803 1199 850 1238 ad
880 1200 973 1239 Idus
994 1198 1197 1251 Qintiles
1226 1197 1484 1251 persolutum.
1532 1199 1619 1237 Nos
1641 1199 1730 1237 Asia
1749 1213 1862 1240 acce-

478 1267 537 1318 pit
557 1265 854 1304 admirabiliter.
898 1263 1103 1302 Adventus
1124 1262 1251 1301 noster
1270 1262 1421 1301 nemini
1442 1275 1490 1300 ne
1509 1263 1680 1302 minimo
1700 1265 1865 1318 quidem

475 1330 554 1369 fuit
575 1330 764 1383 sumptui.
811 1330 929 1382 Spero
958 1342 1066 1367 meos
1097 1341 1234 1366 omnes
1264 1327 1402 1365 servire
1434 1327 1541 1365 laudi
1572 1342 1695 1368 meae:
1729 1339 1860 1369 tamen

475 1409 620 1448 magno
642 1397 783 1434 timore
802 1394 908 1440 sum;
931 1394 994 1432 sed
1015 1394 1113 1432 bene
1134 1393 1350 1446 speramus:
1373 1394 1603 1445 omnesjam
1623 1394 1743 1433 nostri
1763 1409 1863 1448 prae-

474 1470 535 1500 ter
554 1461 741 1500 Tullium
774 1469 888 1499 tuum
919 1468 1122 1501 venerunt.
1169 1460 1263 1497 Erat
1283 1457 1385 1496 mihi
1405 1458 1446 1496 in
1467 1459 1600 1497 animo
1620 1461 1721 1498 reeta
1738 1462 1863 1514 profi-

473 1526 567 1566 cisci
587 1526 635 1564 ad
654 1526 887 1571 exercitum,
918 1525 1066 1564 aestivos
1094 1524 1245 1563 menses
1276 1523 1446 1576 reliquos
1479 1525 1533 1562 rei
1565 1525 1729 1564 militari
1758 1527 1862 1574 dare,

474 1591 662 1630 hibernos
678 1590 958 1643 jurisdiffioni.
982 1592 1065 1636 Tu,
1081 1590 1217 1634 velim,
1235 1589 1260 1627 fi
1281 1602 1345 1627 me
1365 1587 1495 1627 nihilo
1514 1589 1647 1628 minus
1669 1591 1768 1630 nosti
1788 1606 1861 1631 cu-

474 1658 621 1697 riosum
641 1657 682 1695 in
705 1657 927 1710 Republica
946 1670 1064 1710 quam
1087 1665 1140 1702 te,
1171 1655 1313 1693 scribas
1335 1654 1381 1692 ad
1401 1668 1465 1693 me
1482 1656 1632 1701 omnia,
1662 1671 1749 1709 quae
1772 1659 1859 1705 fint,

473 1737 559 1775 quae
579 1721 712 1761 futura
731 1722 819 1761 sint.
866 1722 985 1761 Nihil
1014 1720 1115 1760 mihi
1144 1721 1291 1774 gratius
1312 1719 1438 1758 facere
1458 1729 1568 1772 potes
1588 1736 1596 1759 :
1630 1722 1700 1760 nisi
1732 1733 1861 1763 tamen

476 1788 515 1826 id
536 1789 610 1826 erit
629 1786 731 1826 mihi
750 1787 1024 1839 gratissimum,
1054 1786 1095 1832 fi,
1118 1800 1204 1839 quae
1225 1785 1299 1823 tibi
1320 1784 1514 1829 mandavi,
1545 1785 1786 1833 confeceris;
1820 1790 1861 1828 in

476 1853 690 1905 primisque
711 1852 811 1890 illud
831 1846 1025 1899 ὲνὸὁμυχον;
1058 1865 1138 1904 quo
1159 1849 1259 1888 mihi
1280 1849 1352 1890 scis
1374 1847 1475 1887 nihil
1497 1849 1568 1888 effe
1588 1852 1728 1891 carius.
1773 1853 1861 1892 Ha-

477 1919 542 1955 bes
563 1917 765 1969 epistolam
785 1917 942 1970 plenam
962 1915 1219 1955 festinationis
1247 1924 1286 1953 et
1312 1913 1482 1967 pulveris
1502 1929 1511 1954 ε
1543 1916 1701 1969 reliqua:
1733 1918 1861 1959 subti-

476 1983 590 2021 liores
612 1991 740 2020 erunt.

815 2182 1057 2220 Cicnno
1097 2182 1352 2220 ATTxco
1394 2182 1522 2220 SAL.

475 2306 567 2348 XV.
598 2308 1057 2380 LAODICEAM
1088 2310 1175 2347 veni
1207 2309 1330 2362 pridie
1362 2311 1450 2349 Kal.
1484 2311 1589 2348 Sext.
1622 2324 1668 2348 ex
1700 2310 1775 2350 hoc
1797 2313 1860 2352 die

684 2375 839 2413 clavum
860 2377 951 2413 anni
973 2375 1163 2414 movebis.
1195 2374 1311 2414 Nihil
1333 2377 1554 2429 exoptatius
1572 2375 1737 2415 adventu
1755 2392 1858 2425 meo,

480 2435 579 2473 nihil
613 2436 765 2474 carius:
810 2435 870 2474 sed
904 2436 956 2474 est
992 2435 1238 2481 incredibile,
1275 2450 1392 2488 quam
1430 2451 1491 2475 mc
1529 2438 1675 2489 negotii
1708 2438 1858 2479 taedeat.

480 2503 573 2540 Non
594 2500 711 2540 habet
733 2501 819 2541 satis
842 2515 1030 2555 magnum
1051 2515 1237 2555 campum
1258 2502 1324 2540 ille
1347 2503 1421 2541 tibi
1443 2516 1521 2542 non
1547 2503 1706 2557 ignotus
1727 2505 1859 2545 cursus
