2243 3008
400 228 450 267 66
751 226 1436 266 EPISTOLARUM

400 326 585 365 facinoris
608 326 731 364 Curio
753 325 858 364 filius
878 325 1148 364 adduceretur.
1195 327 1333 378 Itaque
1362 325 1575 364 infirmatus
1604 325 1643 364 in
1665 325 1786 365 fami-

401 391 610 429 liaritatem
631 390 901 435 adolescentis,
918 400 957 428 et
977 404 1069 428 cum
1085 403 1146 434 e0,
1163 399 1208 428 ut
1228 403 1286 428 res
1306 390 1468 435 indicat,
1486 389 1582 443 saepe
1601 391 1786 443 congres-

404 455 480 500 sus,
504 469 586 493 rem
607 456 646 492 in
663 467 754 492 eum
775 455 910 492 locum
925 454 1104 498 deduxit,
1122 463 1165 491 ut
1186 453 1332 492 diceret
1348 454 1418 492 sibi
1438 464 1591 493 certum
1606 455 1679 493 effe
1694 469 1789 494 cum

404 520 480 557 suis
513 519 626 557 servis
659 519 698 556 in
733 519 967 571 Pompeium
998 519 1194 570 impetum
1225 517 1364 564 facere,
1395 532 1566 572 eumque
1594 520 1787 558 occidere.

405 584 497 622 Hoc
520 583 643 621 Curio
663 583 708 620 ad
730 593 879 636 patrem
898 583 1056 627 detulit,
1079 583 1146 620 ille
1166 582 1214 620 ad
1235 583 1469 636 Pompeium
1487 598 1497 621 ι
1520 596 1578 621 res
1599 583 1724 622 delata
1743 584 1792 621 ad

407 650 591 686 Senatum
621 647 687 685 est.
735 647 985 685 Introductus
1007 647 1181 692 Vettius,
1213 649 1342 700 primo
1368 648 1530 700 negabat
1559 647 1594 686 se
1615 661 1791 702 unquam

406 727 500 751 cum
522 713 695 750 Curione
716 712 915 758 restitiffe3
947 726 1073 765 neque
1100 712 1140 750 id
1169 712 1256 751 sane
1284 713 1352 750 diu
1371 727 1380 750 ε
1413 726 1504 750 nam
1525 712 1651 752 statim
1672 713 1793 752 fidem

409 778 610 830 publicam
640 777 862 830 postulavit.
908 777 1028 815 Haud
1060 777 1314 816 reclamatum
1343 777 1410 816 est.
1457 779 1567 815 Tum
1596 778 1790 831 exposuit,

409 857 569 881 manum
595 842 706 881 fuiffe
733 843 952 896 juventutis
982 842 1081 880 duce
1102 843 1290 887 Curione,
1322 843 1363 880 in
1395 856 1472 895 qua
1503 843 1646 882 Paulus
1677 844 1794 882 initio

409 907 553 952 fuiffet,
584 917 622 946 et
644 909 857 960 QCaepio
876 906 944 945 hic
966 909 1125 952 Brutus,
1156 917 1195 945 et
1226 908 1436 952 Lentulus,
1468 907 1637 946 flaminis
1669 908 1792 954 filius,

409 973 566 1011 conscio
593 982 725 1025 patre:
758 973 887 1024 postea
916 974 965 1010 C.
990 972 1242 1024 Septimium,
1274 972 1442 1010 scribam
1467 972 1618 1018 Bibuli,
1648 974 1794 1026 pugio-

411 1052 501 1076 nem
523 1038 593 1075 s1bi
613 1051 634 1074 a
662 1037 806 1074 Bibulo
834 1037 1029 1075 attulisse:
1062 1037 1169 1089 quod
1199 1046 1328 1075 totum
1360 1037 1515 1075 irrisum
1544 1037 1626 1083 est;
1659 1039 1796 1077 Vettio

410 1102 624 1154 pugionem
659 1099 834 1146 defuisse,
865 1101 936 1139 nifi
969 1101 1005 1138 ei
1041 1101 1190 1139 Consul
1224 1101 1410 1147 dediffet;
1443 1115 1567 1154 eoque
1596 1103 1720 1155 magis
1754 1103 1795 1142 id

410 1168 578 1218 ejectum
598 1165 665 1210 est,
693 1165 801 1217 quod
820 1179 856 1204 a.
878 1165 918 1204 d.
943 1178 1017 1203 111.
1042 1166 1101 1204 Id.
1120 1166 1223 1204 Maii
1243 1166 1410 1205 Bibulus
1432 1166 1668 1220 Pompeium
1688 1167 1794 1206 fece-

413 1241 470 1270 rat
489 1231 711 1275 certiorem,
742 1240 786 1268 ut
806 1239 957 1269 caveret
976 1229 1130 1268 infidias
1149 1245 1158 1269 ε
1190 1231 1232 1269 in
1252 1244 1332 1284 quo
1351 1232 1387 1270 ei
1415 1231 1627 1285 Pompeius
1653 1233 1795 1285 gratias

411 1305 555 1347 egerat.
588 1294 840 1333 Introductus
862 1294 985 1333 Curio
1006 1293 1110 1333 filius
1132 1294 1234 1333 dixit
1254 1295 1301 1333 ad
1321 1308 1378 1341 ea,
1395 1309 1481 1348 quae
1502 1296 1660 1335 Vettius
1681 1297 1794 1336 dixe-

412 1370 496 1399 rat:
543 1360 793 1412 maximeque
826 1359 867 1397 in
901 1373 948 1397 eo
982 1368 1068 1398 tum
1102 1359 1265 1412 quidem
1298 1360 1457 1399 Vettius
1490 1361 1544 1399 est
1582 1361 1794 1414 reprehen-

411 1427 489 1470 sus,
521 1425 627 1478 quod
662 1425 811 1463 dixerat
843 1425 1149 1463 adolescentium
1180 1426 1404 1471 confilium,
1436 1435 1480 1464 ut
1511 1427 1552 1465 in
1586 1426 1673 1466 foro
1701 1442 1797 1468 cum

411 1489 693 1544 gladiatoribus
728 1489 893 1528 Gabinii
928 1489 1164 1542 Pompeium
1197 1490 1467 1529 adorirentur:
1498 1491 1539 1529 in
1569 1505 1616 1531 eo
1644 1492 1796 1545 princi-

414 1569 503 1608 pem
535 1555 702 1593 Paulum
733 1553 873 1599 fuiss‘e5
916 1568 1037 1606 quem
1070 1554 1269 1593 constabat
1298 1569 1345 1594 eo
1376 1565 1552 1609 tempore
1580 1557 1621 1595 in
1655 1557 1796 1596 Mace-

412 1621 529 1659 donia
548 1619 673 1658 fuisse.
722 1619 788 1657 Fit
818 1619 1222 1657 senatus-consultum
1244 1629 1286 1657 ut
1309 1620 1481 1666 Vettius,
1513 1621 1620 1674 quod
1640 1622 1796 1662 confes-

414 1686 474 1724 sus
495 1684 585 1723 esset
606 1684 642 1722 se
662 1697 755 1722 cum
777 1683 856 1722 telo
875 1683 1002 1729 fuisse,
1033 1685 1072 1721 in
1101 1684 1261 1722 vincula
1285 1685 1573 1737 conjiceretur:
1604 1687 1675 1739 qui
1706 1701 1799 1726 eum

413 1749 606 1794 emififfet,
638 1758 773 1787 contra
794 1749 1102 1801 Rempublicam
1121 1749 1194 1787 esse
1214 1748 1425 1788 facturum.
1473 1750 1550 1788 Res
1577 1761 1658 1789 erat
1689 1753 1729 1790 in
1756 1765 1800 1791 ea

414 1815 615 1868 opinione,
647 1824 690 1852 ut
720 1823 901 1866 putarent
932 1814 971 1851 id
997 1814 1068 1851 esse
1089 1815 1234 1859 astum,
1266 1824 1309 1852 ut
1331 1814 1488 1852 Vettius
1520 1815 1557 1852 in
1590 1814 1676 1853 foro
1705 1830 1799 1856 cum

417 1881 604 1933 pugione,
646 1888 684 1917 et
719 1879 814 1917 item
851 1878 946 1916 servi
981 1880 1063 1930 ejus
1094 1878 1520 1931 comprehenderentur
1553 1894 1646 1919 cum
1681 1882 1798 1921 telis:

416 1945 556 1983 deinde
578 1944 643 1981 ille
665 1943 699 1981 se
721 1943 866 1981 diceret
888 1943 1181 1988 indicaturum;
1214 1943 1332 1996 idque
1363 1944 1415 1982 ita
1441 1947 1570 1983 actum
1591 1946 1695 1991 esset,
1729 1948 1798 1986 nifi

418 2010 610 2048 Curiones
639 2022 718 2046 rem
750 2018 838 2046 ante
867 2008 913 2045 ad
945 2008 1178 2061 Pompeium
1210 2009 1446 2047 detulissent.
1494 2012 1603 2049 Tum
1625 2011 1798 2051 senatus-

416 2074 641 2113 consultum
663 2074 702 2111 in
724 2075 915 2112 concione
935 2075 1141 2112 recitatum
1162 2074 1228 2113 est.
1277 2074 1432 2113 Postero
1458 2085 1588 2114 autem
1621 2076 1682 2114 die
1711 2079 1800 2116 Cae-

418 2141 487 2185 sar,
520 2141 566 2184 is,
597 2141 667 2191 qui
687 2139 785 2178 olim
808 2139 952 2178 Praetor
979 2153 1072 2177 cum
1103 2139 1208 2185 esset,
1239 2141 1508 2192 QCatulum
1537 2156 1584 2180 ex
1617 2142 1801 2182 inferiore

418 2207 507 2244 loco
532 2205 689 2258 jusserat
723 2205 866 2250 dicere,
910 2205 1090 2243 Vettium
1126 2206 1166 2243 in
1203 2206 1339 2244 Rostra
1374 2207 1587 2258 produxit;
1630 2222 1800 2262 eumque

419 2271 457 2309 in
490 2284 536 2309 eo
570 2271 658 2308 loco
692 2270 910 2314 constituit,
952 2284 1032 2323 quo
1066 2270 1210 2309 Bibulo
1244 2271 1407 2310 Consuli
1443 2272 1604 2324 aspirare
1637 2287 1714 2311 non
1749 2275 1799 2312 li-

418 2345 536 2375 ceret.
583 2335 664 2374 Hic
697 2336 764 2373 ille
795 2337 942 2381 omnia,
975 2350 1060 2388 quae
1093 2336 1233 2380 voluit,
1265 2337 1311 2375 dc
1348 2338 1566 2389 Republica
1597 2339 1713 2383 dixit.
1745 2351 1799 2385 et,

418 2402 486 2452 qui
519 2401 614 2439 illuc
646 2401 767 2439 fastus
798 2401 1075 2455 institutusque
1101 2402 1274 2447 venill'et,
1308 2403 1480 2455 primum
1503 2406 1731 2457 Carpionem
1753 2406 1800 2444 de

418 2467 591 2505 oratione
613 2467 675 2505 sua
696 2466 862 2511 sustulit,
894 2481 1014 2520 quem
1037 2468 1075 2506 in
1104 2469 1244 2507 Senatu
1265 2469 1449 2507 acerrime
1478 2472 1723 2516 nominarat,
1757 2481 1802 2511 ut
