2243 3008
499 292 577 345 276
845 286 1534 328 EPISTOLARUM

499 390 606 442 quod
628 399 670 429 ut
692 389 852 428 meliore
872 398 1048 442 tempore
1075 387 1276 440 poffimuS,
1308 385 1404 425 facit
1425 385 1600 425 Adriano
1630 386 1726 425 mari
1756 385 1883 425 Dola-

501 457 615 502 bella,
648 455 818 495 Fretenfi
841 455 978 493 Curio.
1026 455 1172 505 Injefta
1199 461 1331 490 autem
1361 451 1462 490 mihi
1493 452 1575 505 spes
1605 453 1784 506 quaedam
1812 452 1881 497 est,

500 522 600 560 velle
621 536 778 560 mecum
800 522 905 559 Serv.
929 519 1151 572 Sulpicium
1171 517 1348 570 colloqui
1367 532 1376 555 :
1407 517 1454 555 ad
1474 531 1565 557 eum
1595 519 1679 557 mifi
1710 518 1883 557 Philoti-

500 600 614 625 mum
635 587 823 625 libertum
845 599 938 624 cum
968 585 1106 622 literis.
1154 583 1193 620 Si
1214 583 1272 621 vir
1292 581 1364 619 effe
1383 581 1503 628 volet,
1535 583 1714 635 praeclara
1732 577 1853 620 συνοδία,
1871 597 1882 622 ;

502 653 557 691 fin
579 663 708 691 autem
725 671 737 697 5
769 653 913 690 erimus
935 662 1020 694 nos,
1051 648 1122 701 qui
1143 647 1326 687 solemus.
1359 647 1484 686 Curio
1502 661 1661 686 mecum
1679 649 1795 693 vixit,
1820 649 1884 701 ja·

502 731 587 756 cere
608 717 796 756 Caesarem
818 725 958 769 putans
978 713 1191 752 offensione
1214 713 1410 767 populari,
1441 713 1662 766 Siciliaeque
1687 713 1884 758 diffidens,

503 783 530 821 fi
558 783 768 835 Pompeius
789 781 968 832 navigare
996 779 1185 833 coepifl'et.
1231 779 1432 831 Qintum
1461 791 1629 832 puerum
1657 779 1789 831 accepi
1817 792 1885 817 ve-

503 847 721 886 hementer.
768 847 985 884 Avaritiam
1004 845 1118 883 video
1146 844 1273 890 fuifl‘e,
1302 854 1342 883 et
1371 844 1477 898 spem
1505 844 1640 897 magni
1667 844 1885 896 congiarii:

503 926 692 964 magnum
713 910 790 949 hoc
810 911 961 949 malum
980 910 1034 948 est
1049 929 1062 956 ;
1094 910 1156 948 sed
1187 910 1309 948 scelus
1330 909 1447 956 illud,
1477 909 1586 963 quod
1615 910 1887 955 timueramus,

504 978 614 1030 spero
634 977 791 1015 nullum
813 975 939 1015 fuiffe.
971 977 1064 1014 Hoc
1084 986 1216 1014 autem
1234 975 1378 1014 vitium
1398 984 1496 1028 puto
1517 985 1555 1014 te
1572 974 1793 1014 existimare
1807 987 1888 1013 non

505 1043 632 1081 nostra
651 1042 911 1095 indulgentia,
943 1042 1005 1080 sed
1025 1055 1046 1079 a
1066 1051 1216 1087 natura,
1247 1040 1495 1094 profectuum
1525 1054 1645 1094 quem
1664 1050 1797 1079 tamen
1818 1053 1889 1079 nos

504 1108 711 1161 disciplina
732 1109 919 1160 regimus.
965 1108 1027 1146 De
1049 1108 1192 1161 Oppiis
1213 1107 1460 1145 Veliensibus
1480 1107 1578 1160 quid
1601 1107 1765 1160 placeat,
1795 1119 1890 1144 cum

506 1173 726 1212 Philotimo
746 1173 911 1212 videbis.
944 1173 1114 1226 Epirum
1134 1172 1302 1212 nostram
1322 1172 1575 1226 putabimus;
1598 1172 1661 1211 sed
1681 1173 1777 1211 alios
1795 1185 1888 1211 cur-

505 1239 566 1278 sus
586 1238 816 1278 videbamur
834 1238 1023 1278 habituri.

841 1440 1083 1478 CICERO
1124 1439 1378 1477 Αττιεο
1421 1440 1550 1477 SAL.

507 1565 623 1605 VIII.
649 1566 768 1639 ET
798 1580 856 1606 res
887 1567 968 1620 ipsa
996 1566 1196 1610 monebat,
1227 1576 1265 1604 et
1293 1575 1335 1604 tu
1362 1565 1593 1610 ostenderas,
1624 1574 1662 1603 et
1686 1577 1759 1618 ego
1780 1565 1889 1603 vide-

746 1632 851 1678 bam,
882 1632 929 1670 de
950 1631 996 1670 iis
1018 1632 1147 1675 rebus,
1179 1644 1273 1684 quas
1295 1631 1478 1684 intercipi
1500 1631 1762 1683 periculosum
1782 1630 1887 1676 essct,

505 1697 626 1737 finem
647 1699 749 1737 inter
769 1712 838 1737 nos
868 1697 1062 1737 scribendi
1095 1697 1178 1735 fieri
1211 1708 1366 1751 tempus
1396 1697 1482 1737 effe.
1529 1697 1616 1742 Sed,
1647 1710 1740 1735 cum
1760 1696 1805 1734 ad
1826 1711 1889 1734 me

507 1764 603 1816 saepe
630 1778 715 1803 mea
741 1764 880 1803 Tullia
906 1764 1061 1809 scribat,
1092 1777 1204 1802 orans
1237 1774 1281 1802 ut
1311 1764 1408 1817 quid
1439 1764 1479 1801 in
1514 1763 1704 1816 Hispania
1734 1772 1889 1815 geratur

506 1832 724 1882 expectem,
761 1840 799 1868 et
831 1830 980 1883 semper
1010 1829 1200 1868 adscribat
1232 1830 1337 1868 idem
1371 1829 1493 1868 videri
1528 1828 1618 1873 tibi,
1657 1828 1776 1881 idque
1811 1828 1890 1880 ipse

507 1897 625 1934 etiam
656 1909 704 1934 ex
735 1897 813 1934 tuis
845 1895 968 1934 literis
991 1895 1268 1940 intellexerim,
1301 1909 1378 1934 non
1401 1904 1498 1948 puto
1516 1894 1587 1933 effi:
1606 1894 1796 1937 alienum,
1825 1907 1892 1932 me

508 1962 554 1999 ad
585 1971 622 1999 te
650 1962 747 2014 quid
777 1960 823 1998 de
852 1974 895 1998 ea
924 1974 962 1998 re
993 1961 1154 1998 sentiam
1185 1961 1363 1999 scribere.
1409 1960 1629 1998 Consilium
1659 1960 1759 1999 istud
1794 1970 1890 1998 tunc

509 2028 599 2066 esset
620 2027 804 2081 prudens,
835 2036 879 2065 ut
900 2025 1001 2066 mihi
1020 2026 1189 2071 videtur,
1221 2027 1245 2065 fi
1269 2026 1411 2065 nostras
1433 2027 1598 2065 rationes
1625 2026 1671 2065 ad
1698 2027 1889 2079 Hispani-

507 2093 637 2131 ensem
658 2092 787 2131 casum
808 2091 1141 2131 accommodaturi
1161 2092 1323 2131 effemus
1341 2111 1351 2137 ς
1383 2092 1488 2145 quod
1511 2091 1592 2130 fieri
1616 2092 1749 2130 dicitis
1770 2107 1889 2145 opor·-

509 2168 603 2197 tere.
645 2156 808 2196 Necefl'c
828 2157 881 2196 est
900 2157 1008 2196 enim
1027 2167 1093 2196 aut
1114 2157 1153 2195 id
1174 2157 1280 2210 quod
1301 2158 1470 2196 maxime
1490 2157 1624 2203 velim,
1656 2158 1750 2211 pelli
1771 2158 1890 2197 istum

509 2224 557 2261 ab
594 2223 810 2276 Hispania;
842 2232 909 2262 aut
940 2222 1042 2262 trahi
1073 2222 1112 2261 id
1148 2223 1326 2268 bellum;
1358 2233 1423 2262 aut
1455 2223 1587 2268 istum,
1619 2233 1662 2262 ut
1693 2223 1890 2262 confidere

510 2289 677 2333 videtur,
707 2288 994 2342 apprehendere
1026 2288 1248 2342 Hispanias.
1299 2290 1336 2327 Si
1370 2289 1551 2343 pelletur,
1587 2303 1705 2343 quam
1739 2299 1888 2342 gratus,

510 2364 575 2393 aut
596 2369 713 2407 quam
736 2354 933 2401 honestus,
965 2364 1051 2394 tum
1081 2355 1154 2394 erit
1186 2355 1233 2393 ad
1266 2355 1499 2408 Pompeium
1527 2355 1651 2394 noster
1669 2355 1887 2401 adventum

509 2433 601 2459 cum
622 2420 749 2474 ipsum
772 2421 987 2459 Curionem
1008 2420 1054 2459 ad
1074 2435 1165 2460 eum
1187 2421 1436 2459 transiturum
1464 2431 1599 2474 putem
1620 2423 1632 2459 ?
1666 2422 1690 2460 si
1724 2421 1892 2460 trahitur

512 2486 677 2532 bellum,
707 2486 803 2540 quid
835 2489 1050 2540 expcfkm.
1082 2497 1146 2526 aut
1179 2501 1297 2540 quam
1330 2488 1429 2525 diu?
1472 2488 1742 2541 Relinquitur,
1774 2498 1831 2533 ut,
1863 2487 1888 2526 fi

508 2553 706 2592 vincimur
726 2553 766 2593 in
789 2552 993 2606 Hispania,
1024 2553 1283 2606 quiescamus.
1316 2553 1360 2592 Id
1381 2567 1454 2607 ego
1474 2562 1608 2593 contra
1627 2563 1750 2608 puto:
1772 2553 1890 2592 istum
