2243 3008
605 257 712 295 AD
771 254 1200 294 ATTICUM
1267 256 1409 296 LIB.
1462 259 1513 303 V.
1679 272 1752 313 ¹²3

368 357 423 396 fin
452 357 600 401 minus,
633 369 716 394 rem
744 364 873 393 tamen
900 353 1115 399 conficies;
1148 354 1249 392 mihi
1270 355 1378 394 enim
1404 357 1566 395 attribui
1593 368 1752 410 oporte-

369 423 442 468 bit,
474 423 568 460 item
602 422 762 460 Bibulo.
814 420 887 458 Sed
919 433 998 458 non
1030 420 1186 465 dubito,
1217 421 1315 473 quin
1350 421 1753 462 senatus-consultum

366 488 595 541 expeditum
615 488 675 532 fit,
706 488 748 525 in
777 500 857 540 quo
887 486 1099 539 praesertim
1119 486 1402 538 compendium
1423 488 1469 526 fit
1489 489 1641 541 populi.
1688 491 1750 528 De

366 555 586 605 Torquato,
618 553 753 606 probe.
800 553 862 590 De
891 552 1054 592 Masone
1074 561 1114 589 et
1143 552 1306 604 Ligure,
1337 566 1430 590 curn
1450 555 1641 592 venerint.
1688 555 1750 593 De

365 620 436 658 illo
470 620 576 673 quod
607 619 856 672 Chaerippus,
891 619 1096 671 (quoniam
1127 617 1193 656 hic
1223 633 1382 672 quoque
1411 617 1589 669 πρέσνευσιν
1622 620 1747 659 sustu-

363 685 459 736 listi)
485 687 521 723 O
544 686 770 739 provincia!
802 686 972 723 etiamne
998 684 1064 722 hic
1095 683 1197 722 mihi
1224 685 1418 723 curandus
1438 684 1523 723 est?
1555 686 1748 725 curandus

363 761 493 790 autem
513 753 526 789 ?
556 751 757 796 hactenus,
789 765 837 789 ne
853 750 949 804 quid
970 749 1017 788 ad
1037 750 1212 788 senatum
1231 765 1240 788 :
1274 751 1461 796 Consule,
1483 760 1549 788 aut
1571 765 1745 791 numera.

365 818 470 855 Nam
500 817 546 855 de
577 817 724 856 caeteris
744 847 753 855 .
775 847 784 856 .
806 848 814 856 .
839 816 912 855 Sed
943 826 1071 854 tamen
1101 815 1324 861 commode,
1356 817 1463 868 quod
1483 830 1575 855 cum
1598 817 1744 857 Scrofa.

364 883 427 921 De
462 883 649 922 Pontinio
682 885 783 921 reete
817 883 979 921 scribis:
1012 882 1066 920 est
1094 883 1202 920 enim
1231 883 1299 927 ita,
1330 892 1374 921 ut
1405 883 1430 920 fi
1460 893 1548 921 ante
1578 883 1745 923 Kalend.

363 950 459 1000 Jun.
484 950 690 988 Brundufii
711 949 867 988 futurus
889 950 948 994 s1t,
972 949 1104 987 minus
1125 948 1290 1001 urgendi
1311 948 1459 987 fuerint
1480 949 1542 988 M.
1566 950 1745 988 Anneius

361 1024 400 1051 et
421 1015 597 1053 Tullius.
631 1017 730 1067 Qae
751 1015 798 1052 de
819 1015 967 1053 Sicinio
985 1014 1138 1060 audisti,
1172 1029 1215 1052 ea
1235 1014 1337 1063 mihi
1356 1015 1598 1067 probantur;
1626 1015 1745 1054 modo

362 1093 410 1117 ne
430 1080 498 1117 illa
516 1081 696 1133 exceptio
717 1081 758 1118 in
778 1081 951 1132 aliquem
971 1081 1144 1118 incurrat
1173 1080 1271 1118 bene
1303 1080 1350 1118 de
1381 1081 1495 1118 nobis
1517 1081 1713 1121 *meritum
1731 1096 1742 1120 ε

361 1145 424 1182 sed
445 1145 802 1190 considerabimus5
835 1159 916 1184 rem
936 1146 1044 1184 enim
1066 1146 1204 1198 probo.
1249 1147 1310 1183 De
1331 1146 1459 1183 nostro
1480 1147 1618 1184 itinere
1637 1146 1746 1199 quod

360 1209 552 1255 statuer03
585 1210 632 1248 de
666 1211 843 1263 quinque
876 1209 1066 1263 praefectis
1101 1210 1198 1263 quid
1232 1211 1442 1263 Pompeius
1478 1211 1648 1250 facturus
1683 1213 1744 1258 fit,

359 1289 454 1314 cum
473 1290 520 1314 ex
541 1275 624 1328 ipso
644 1289 832 1328 cognom,
863 1275 1005 1314 faciam
1026 1286 1070 1314 ut
1091 1276 1200 1314 scias.
1232 1276 1295 1314 De
1317 1277 1451 1329 Oppio
1471 1277 1569 1315 bene
1589 1278 1743 1323 curasti,

359 1341 467 1394 quod
486 1342 522 1380 ei
544 1355 660 1380 Dccc
682 1341 891 1394 exposuisti
908 1361 919 1387 3
952 1342 1084 1395 idque,
1116 1342 1303 1394 quoniam
1324 1341 1589 1380 Philotimum
1608 1342 1744 1388 habes,

359 1408 517 1461 perfice,
549 1417 588 1446 et
619 1409 810 1461 cognosce
844 1409 1062 1447 rationem:
1095 1418 1147 1454 et,
1179 1418 1224 1446 ut
1257 1421 1368 1461 agam
1403 1409 1588 1462 amplius,
1619 1410 1645 1448 fi
1680 1423 1745 1448 me

359 1487 478 1518 amas,
509 1473 617 1526 prius
637 1487 755 1526 quarn
783 1473 1053 1526 proficiscaris,
1084 1474 1221 1512 effice:
1254 1488 1395 1526 magna
1425 1487 1488 1512 me
1517 1488 1610 1512 cura
1637 1474 1743 1513 leva-

361 1539 427 1577 ris.
460 1539 593 1577 Habes
615 1539 661 1576 ad
681 1541 827 1577 omnia.
874 1540 955 1578 Etfi
986 1553 1084 1592 pene
1113 1540 1280 1592 praeterii
1301 1539 1476 1578 chartam
1498 1540 1572 1578 tibi
1593 1540 1712 1579 deefi‘e
1731 1556 1741 1579 :

360 1614 444 1642 m'ea
464 1605 594 1656 captio
614 1604 694 1650 est3
727 1605 918 1657 fiquidem
939 1607 1020 1657 ejus
1042 1607 1176 1658 inopia
1195 1607 1325 1644 minus
1348 1607 1474 1644 multa
1493 1606 1540 1644 ad
1559 1620 1623 1644 me
1647 1606 1743 1645 scri-

359 1670 434 1708 bis.
480 1671 547 1708 Tu
574 1684 664 1708 vero
692 1669 801 1708 aufer
827 1671 1042 1709 ducentos:
1076 1671 1143 1709 etfi
1173 1685 1300 1709 meam
1329 1671 1371 1709 in
1398 1685 1443 1710 eo
1469 1671 1744 1724 parfimoniam

357 1734 476 1786 hujus
497 1735 648 1787 paginae
668 1736 882 1774 contractio
902 1736 1106 1788 fignificat,
1139 1736 1233 1774 dum
1254 1737 1335 1773 acta
1354 1746 1392 1774 et
1413 1750 1586 1774 rumores
1607 1736 1739 1775 vellet.

358 1801 447 1851 Jam
480 1800 506 1838 s1
537 1813 614 1852 qua
640 1810 745 1838 certa
773 1801 891 1839 habes
924 1802 970 1838 de
1002 1802 1161 1847 Caesare,
1193 1803 1355 1853 expecto
1386 1802 1543 1840 literas:
1577 1811 1615 1840 et
1648 1802 1739 1840 alias

359 1865 546 1905 Pontinio
567 1866 613 1904 de
633 1867 823 1923 omnibus¹
841 1868 955 1905 rebus
978 1867 1184 1919 diligentes
1206 1867 1328 1904 dabis.

691 2071 932 2108 thssno
974 2071 1228 2108 Αττιεο
1271 2070 1399 2107 SAL.

359 2198 409 2235 V.
435 2196 488 2268 P
505 2198 587 2236 LA
602 2199 641 2237 N
658 2200 692 2236 E
722 2198 848 2244 deest‚.
870 2198 976 2251 quod
1007 2197 1172 2236 scribam
1192 2214 1200 2236 z
1234 2212 1323 2236 nam
1350 2211 1419 2235 nec
1441 2197 1537 2249 quid
1558 2198 1741 2237 mandem

511 2263 651 2309 habeo,
683 2263 786 2301 nihil
806 2265 911 2302 enim
933 2263 1227 2316 praetermifl‘um
1249 2263 1330 2307 est,
1363 2276 1434 2300 nec
1455 2258 1552 2315 quid
1573 2277 1740 2302 narrem.

360 2328 468 2366 Novi
487 2330 594 2367 enim
615 2329 732 2375 nihil,
764 2343 835 2367 nec
850 2329 1011 2382 jocandi
1032 2330 1141 2366 locus
1168 2329 1234 2372 est,
1266 2329 1319 2366 ita
1346 2341 1410 2366 me
1438 2329 1564 2368 mulia
1592 2328 1741 2366 sollici-

360 2402 457 2431 tant.
503 2395 681 2433 Tantum
714 2404 844 2433 tamen
880 2395 990 2440 scito,
1024 2394 1159 2432 Idibus
1193 2394 1293 2432 Mai.
1327 2408 1396 2432 nos
1430 2394 1596 2432 Venulia
1629 2407 1743 2432 mane

359 2458 648 2509 proficiscentes
669 2459 736 2498 has
757 2460 922 2499 dediffe:
945 2474 991 2499 eo
1011 2470 1140 2498 autem
1163 2460 1225 2498 die
1246 2460 1361 2498 credo
1382 2459 1531 2512 aliquid
1552 2461 1678 2496 actum
1701 2460 1742 2496 in

361 2524 518 2562 Senatu.
553 2524 770 2576 Sequantur
789 2526 911 2576 igitur
932 2539 1001 2564 nos
1023 2535 1097 2564 tuae
1118 2526 1252 2571 literae,
1279 2526 1424 2578 quibus
1447 2539 1525 2563 non
1547 2523 1664 2563 modo
1685 2536 1742 2561 res

1350 2591 1443 2640 (ζμ
