2243 3008
531 215 608 268 386
876 216 1567 260 EPISTOLARUM

530 327 595 352 me
616 327 705 352 vero
723 313 844 352 etiam
862 312 1080 352 cavendum
1098 327 1107 351 ε
1134 308 1281 364 (φοέερὶν
1299 303 1345 356 siv,
1367 311 1438 350 nifi
1458 311 1632 353 viderem
1652 310 1748 351 scire
1767 325 1915 365 regem,

531 393 596 416 me
616 379 737 417 animi
758 378 860 418 nihil
880 378 1040 429 habere)
1065 378 1299 416 Ciceronem
1319 390 1410 416 vero
1428 390 1564 416 meum
1585 378 1729 417 vexari.
1776 378 1848 417 Sed
1875 377 1916 416 id

531 445 693 497 quidem
718 446 905 483 arbitratu
936 444 1017 482 suo.
1064 442 1349 482 Laudationem
1381 443 1528 481 Porciae
1557 443 1707 496 gaudeo
1735 458 1799 482 me
1828 455 1916 482 ante

531 511 672 549 dedisse
695 513 827 563 Leptae
848 509 1064 554 tabellario,
1091 520 1210 560 quam
1231 516 1315 545 tuas
1336 509 1553 560 acceperim
1574 509 1719 548 literas.
1752 511 1852 548 Eam
1873 519 1917 547 tu

532 577 669 628 igitur,
701 577 726 615 fi
748 590 810 614 me
831 589 950 620 amas,
972 574 1142 618 curabis,
1173 573 1199 610 sl
1221 572 1340 610 modo
1361 573 1556 618 mittetur,
1587 573 1658 612 isto
1679 575 1798 613 modo
1818 576 1914 613 mit-

532 641 690 679 tendam
719 642 902 680 Domitio
923 649 961 678 et
982 641 1119 678 Bruto.
1166 639 1228 676 De
1257 637 1556 690 gladiatoribus,
1586 637 1634 675 de
1662 641 1809 678 caeteris
1830 653 1916 693 quae

534 707 669 744 scribis
697 704 932 758 ἀνεμοφόρητα,
954 705 1072 743 facies
1093 717 1157 742 me
1176 703 1355 756 quotidie
1373 704 1597 742 certiorem.
1624 703 1773 749 Velim,
1796 705 1822 742 fi
1843 705 1919 743 tibi

531 772 700 816 videtur,
718 770 889 823 appelles
909 771 1080 809 Balbum
1099 778 1138 808 et
1155 769 1342 807 Offilium
1362 769 1409 807 de
1429 769 1608 807 auctione
1628 768 1917 821 proscribenda.

533 836 731 889 Equidem
754 835 911 873 locutus
932 835 1017 874 sum
1038 848 1132 873 cum
1153 834 1277 873 Balbo
1295 849 1304 873 :
1336 834 1529 886 placebat.
1577 834 1680 872 Puto
1699 835 1921 888 conscripta

531 902 672 940 habere
694 900 879 938 Offilium
900 901 1060 946 omnia5
1092 898 1211 937 habet
1230 908 1269 937 et
1289 899 1435 938 Balbus
1453 914 1463 938 :
1497 898 1561 937 sed
1581 899 1705 937 Balbo
1724 899 1919 952 placebat,

532 968 802 1020 propinquum
823 965 943 1011 diem,
973 975 1012 1004 et
1032 967 1172 1004 Romae
1190 980 1199 1004 :
1231 965 1258 1003 fi
1280 965 1404 1003 Caesar
1424 974 1654 1011 moraretur,
1685 965 1789 1018 poffe
1813 965 1922 1005 diem

531 1033 702 1071 differri:
726 1032 788 1070 sed
809 1033 840 1070 is
863 1033 1026 1084 quidem
1046 1031 1168 1071 adeffe
1187 1031 1356 1072 videtur.
1379 1034 1536 1074 Totum
1553 1032 1679 1085 igitur
1697 1031 1918 1071 confidem:

532 1099 660 1151 placet
679 1099 787 1138 enim
807 1097 1000 1137 Vestorio.

871 1302 1114 1338 CICERO
1154 1301 1411 1339 Ar‘rxeo
1452 1300 1583 1338 SAL.

535 1428 772 1467 XXXVIII.
799 1427 1024 1499 ANTE
1063 1429 1193 1466 lucem
1225 1441 1318 1466 cum
1354 1427 1563 1465 scriberem
1596 1437 1732 1465 contra
1765 1427 1918 1480 Epicu-

908 1505 1007 1536 reos,
1039 1493 1085 1530 de
1114 1493 1251 1531 eodem
1282 1492 1370 1529 oleo
1398 1501 1437 1529 et
1465 1505 1582 1544 opera
1609 1492 1760 1530 exaravi
1792 1493 1921 1531 nescio

533 1559 631 1610 quid
651 1558 696 1596 ad
719 1567 770 1603 te,
801 1569 839 1596 et
860 1568 947 1596 ante
969 1558 1100 1596 lucem
1121 1557 1224 1596 dedi.
1265 1557 1423 1596 Deinde
1442 1570 1552 1602 cum,
1582 1556 1720 1595 somno
1740 1558 1921 1610 repetito,

535 1625 647 1663 simul
669 1638 761 1662 cum
783 1625 860 1663 sole
886 1626 1132 1676 experrectus
1153 1624 1284 1670 effem,
1315 1623 1429 1662 datur
1458 1623 1514 1662 mi
1543 1624 1706 1676 epistola.
1732 1637 1754 1662 a
1782 1618 1921 1663 sororis

533 1701 610 1729 tuae
631 1690 730 1736 filio,
751 1703 870 1743 quam
890 1690 1013 1743 ipsam
1034 1690 1108 1728 tibi
1129 1690 1240 1735 misi;
1273 1691 1385 1743 cujus
1406 1689 1460 1728 est
1479 1689 1722 1743 principium
1745 1703 1823 1728 non
1843 1689 1922 1728 fine

534 1757 706 1795 maxima
731 1757 999 1795 contumelia:
1033 1756 1095 1794 sed
1125 1755 1278 1794 fortaffe
1306 1752 1351 1791 ἐκ
1379 1753 1535 1796 brimow.
1583 1755 1650 1794 Est
1679 1765 1810 1793 autem
1841 1755 1919 1794 fic:

534 1825 615 1875 Ego
635 1822 725 1860 enim
754 1836 821 1860 non
842 1821 955 1875 probo
974 1821 1146 1874 quidquid
1160 1836 1227 1860 non
1246 1819 1331 1859 belle
1349 1820 1386 1859 in
1406 1830 1442 1858 te
1459 1820 1532 1859 dici
1540 1820 1666 1874 polss·
1710 1820 1817 1859 Poss‘e
1837 1821 1923 1858 vult

536 1888 575 1925 in
598 1901 660 1924 me
682 1887 808 1925 multa
827 1887 906 1925 dici
935 1901 1011 1925 non
1042 1887 1158 1932 belle,
1190 1887 1252 1925 sed
1283 1900 1327 1924 ea
1358 1885 1394 1924 se
1427 1897 1541 1938 negat
1573 1886 1812 1939 approbare:
1844 1884 1922 1923 hoc

533 1952 752 2005 quidquam
785 1962 876 2005 pote
906 1953 1132 2004 impurius?
1164 1953 1253 2002 Jnm
1285 1961 1420 1989 caetera
1452 1951 1584 2004 leges;
1624 1951 1707 1989 mifi
1739 1951 1845 1989 enim
1875 1951 1922 1989 ad

536 2028 573 2055 te
591 2036 601 2062 ς
619 2017 908 2070 judicabisque,
941 2018 1052 2055 Bruti
1076 2016 1191 2055 nostri
1212 2015 1453 2068 quotidianis
1473 2016 1703 2068 astiduisque
1724 2016 1922 2062 laudibus,

537 2096 631 2135 quas
670 2083 717 2120 ab
749 2096 794 2120 eo
825 2082 873 2120 de
907 2083 1021 2121 nobis
1057 2082 1189 2120 haberi
1226 2080 1414 2134 permulti
1449 2081 1551 2120 mihi
1586 2083 1922 2127 renuntiaverunt,

536 2158 785 2188 commotum
817 2149 933 2187 istum
961 2149 1186 2201 aliquando,
1220 2146 1400 2201 scripsisse
1431 2147 1581 2200 aliquid
1611 2147 1656 2185 ad
1685 2161 1774 2186 me:
1806 2148 1924 2186 credo

535 2225 573 2253 et
595 2214 640 2252 ad
663 2224 725 2260 te;
758 2214 876 2267 idque
898 2225 940 2253 ut
963 2214 1094 2260 sciam,
1127 2214 1268 2253 facies:
1305 2226 1408 2258 nam,
1436 2213 1482 2250 ad
1506 2223 1653 2266 patrem
1673 2213 1721 2251 de
1742 2226 1805 2252 me
1823 2213 1923 2265 quid

538 2280 744 2332 scripserit,
777 2280 930 2319 nescio:
969 2281 1016 2320 de
1045 2290 1166 2320 matre
1193 2293 1312 2333 quam
1343 2280 1437 2331 pie?
1471 2278 1672 2323 Volucrum,
1703 2279 1850 2332 inquit,
1881 2288 1923 2318 ut

536 2360 641 2399 quam
665 2345 860 2397 plurimum
894 2356 1008 2385 tecum
1041 2346 1150 2399 sffim,
1180 2345 1328 2385 conduci
1358 2343 1447 2383 mihi
1476 2343 1640 2388 domuum
1677 2353 1713 2383 et
1741 2344 1781 2383 id
1809 2343 1861 2383 ad
1887 2354 1924 2383 te

522 2411 742 2465 firtpstram
757 2426 770 2448 :
805 2411 994 2463 neglcxfilli.
1042 2415 1104 2451 Ita
1135 2412 1247 2450 minus
1274 2410 1425 2450 multum
1450 2424 1523 2448 una
1552 2410 1696 2449 crimus.
1742 2411 1843 2449 Nam
1862 2424 1924 2463 ego

536 2477 632 2530 istam
654 2475 788 2515 domum
808 2477 929 2517 videre
949 2492 1016 2516 non
1030 2477 1163 2531 pqffitm
1179 2492 1191 2515 .·
1223 2491 1293 2529 qua
1312 2475 1352 2515 dc·
1371 2476 1491 2528 (ηψπ,
1507 2476 1597 2529 stis.
1644 2476 1761 2515 Hanc
1791 2484 1925 2515 autem
