2243 3008
441 309 493 346 60
790 298 1476 342 EPISTOLARUM

442 405 580 444 aliud?
611 404 740 458 quid?
771 402 847 441 hoc
879 401 1034 454 opinor.
1081 398 1191 438 Certi
1215 397 1347 436 sumus
1369 395 1504 450 perifl‘e
1523 394 1670 434 omnia.
1717 394 1828 447 Qid

441 471 548 508 enim
568 464 778 516 ἀκκιζὸμεθκ
798 466 948 506 tamdiu
967 467 980 503 ?
1013 464 1086 502 Sed
1106 463 1189 502 haec
1210 463 1339 515 scripfi
1360 474 1585 514 properans,
1611 470 1650 499 et
1670 459 1827 499 meher-

442 535 531 572 cule
567 533 732 572 timide:
776 531 934 585 posthac
969 529 1016 567 ad
1048 538 1100 574 te,
1130 537 1212 573 aut,
1243 527 1269 565 s1
1302 526 1530 579 perfidelem
1561 524 1730 570 habebo,
1762 525 1828 563 cui
1882 556 1884 558 .

443 598 548 643 dem,
581 597 746 635 scribam
766 597 880 649 plane
900 593 1033 633 omnia
1048 613 1060 639 5
1092 602 1173 638 aut,
1199 592 1226 630 fi
1247 591 1409 629 obscure
1430 590 1611 635 scribam,
1634 599 1677 628 tu
1699 599 1829 628 tamen

443 663 657 715 intelliges.
703 663 749 700 In
779 662 826 700 iis
855 659 1027 714 epistolis
1060 672 1123 697 me
1155 657 1340 702 Laelium‚
1373 666 1410 694 te
1442 656 1624 701 Furium,
1654 654 1826 694 faciam:

443 737 580 765 caetera
605 736 720 765 erunt
739 728 774 762 iu
792 723 966 773 αἰνιγμοῖς.
1014 724 1096 762 Hic
1127 722 1337 761 Caecilium
1366 720 1551 764 colimus,
1581 729 1621 758 et
1649 719 1827 758 observa-

444 806 531 831 mus
553 793 776 844 diligenter.
817 789 957 828 Edicta
976 789 1112 827 Bibuli
1132 787 1248 827 audio
1268 786 1315 825 ad
1336 796 1374 825 te
1393 785 1502 824 missa
1519 800 1529 824 ι
1560 785 1608 824 iis
1629 785 1736 823 ardet
1756 784 1830 822 do-

444 857 525 896 lore
545 867 583 896 et
603 858 659 895 ira
677 856 804 895 noster
824 854 1051 906 Pompeius.

783 1057 1025 1094 CICERO
1065 1055 1322 1091 AT‘r1co
1363 1052 1493 1090 SAL.

445 1184 538 1223 XX.
563 1184 693 1256 AN
709 1184 725 1221 Ι
739 1184 866 1222 CAT
880 1183 933 1228 O,
965 1190 1009 1219 ut
1030 1190 1068 1218 te
1087 1179 1187 1218 velle
1207 1179 1492 1224 intellexeram,
1518 1178 1631 1217 nullo
1650 1178 1740 1217 loco
1759 1179 1828 1218 de-

673 1247 747 1286 fui.
793 1246 1050 1286 Numestium
1078 1258 1127 1283 ex
1156 1244 1280 1282 literis
1308 1246 1386 1284 tuis
1416 1243 1582 1283 studiose
1602 1243 1755 1297 scriptis
1776 1244 1829 1282 li-

445 1315 582 1352 benter
601 1315 641 1352 in
663 1312 879 1350 amicitiam
900 1310 1043 1363 recepi.
1089 1309 1313 1354 Caecilium‚
1345 1310 1490 1363 quibus
1518 1308 1633 1347 rebus
1660 1308 1829 1361 poffum,

444 1389 555 1418 tueor
576 1379 799 1431 diligenter.
846 1376 969 1413 Varro
995 1373 1182 1413 satisfacit
1209 1374 1338 1413 nobis.
1385 1374 1597 1428 Pompeius
1618 1383 1722 1412 amat
1743 1387 1829 1419 nos,

445 1444 628 1496 carosque
648 1442 780 1480 habet.
826 1440 993 1479 Credis?
1024 1439 1194 1491 inquies.
1241 1439 1394 1478 Credo:
1428 1439 1581 1492 prorsus
1608 1437 1710 1477 mihi
1739 1452 1829 1491 per-

444 1509 589 1548 suadet.
635 1507 706 1546 Sed
728 1507 833 1559 quia,
866 1516 908 1543 ut
929 1505 1055 1549 video,
1087 1495 1519 1556 pragmatici'homines
1540 1504 1726 1543 omnibus
1747 1503 1829 1542 his-

445 1574 580 1612 toricis
611 1573 827 1626 praecepfis,
859 1571 1028 1609 versibus
1063 1569 1246 1621 denique,
1285 1583 1416 1608 cavere
1441 1570 1600 1622 jubent,
1631 1578 1669 1607 et
1698 1578 1831 1607 vetant

443 1640 626 1683 credere;
658 1639 823 1676 alterum
844 1636 962 1681 facio,
994 1645 1037 1674 ut
1063 1648 1246 1679 caveam;
1279 1635 1461 1680 alterum,
1494 1645 1536 1673 ut
1559 1649 1635 1673 non
1658 1635 1828 1679 credam,

444 1704 569 1743 facere
590 1718 667 1742 non
690 1703 856 1756 poffum.
904 1701 1069 1739 Clodius
1091 1699 1219 1737 adhuc
1240 1700 1341 1738 mihi
1363 1700 1568 1739 denuntiat
1589 1700 1827 1752 periculum.

445 1770 656 1822 Pompeius
677 1768 842 1806 affirmat
869 1780 946 1804 non
976 1766 1047 1804 effe
1075 1765 1323 1817 periculum;
1356 1766 1534 1817 adjurat;
1565 1765 1672 1803 addit
1693 1765 1827 1809 etiam,

445 1835 481 1873 se
502 1837 608 1887 prius
629 1833 803 1872 occisum
826 1833 872 1870 iri
899 1832 946 1869 ab
968 1845 1028 1874 eo,
1059 1843 1178 1882 quam
1209 1843 1271 1867 me
1298 1830 1488 1868 violatum
1516 1830 1577 1867 iri.
1621 1831 1830 1868 Tractatur

445 1913 517 1938 res.
565 1900 692 1937 Simul
718 1907 756 1935 et
783 1897 880 1949 quid
900 1897 974 1934 erit
994 1895 1107 1939 certi,
1140 1895 1304 1932 scribam
1325 1894 1371 1932 ad
1394 1905 1444 1933 te.
1492 1896 1530 1933 Si
1552 1895 1625 1932 erit
1647 1908 1828 1947 pugnan-

445 1965 555 2009 dum,
572 1963 750 2002 arcessam
767 1963 812 2000 ad
835 1962 1057 2000 societatem
1074 1960 1215 1998 laboris
1230 1979 1240 2004 ;
1264 1961 1289 1998 fi
1307 1960 1417 2012 quies
1434 1960 1604 2005 dabitur,
1622 1960 1670 1998 ab
1687 1961 1828 1999 Amal—

445 2031 535 2069 thea
556 2040 592 2068 te
615 2043 691 2068 non
713 2027 985 2066 commovebo.
1020 2027 1081 2065 De
1097 2026 1318 2078 Republica
1336 2027 1502 2066 breviter
1517 2026 1562 2065 ad
1585 2036 1621 2065 te
1638 2027 1827 2066 scribam:

440 2098 522 2148 jam
543 2095 648 2134 enim
669 2093 802 2132 charta
824 2093 901 2145 ipsa
923 2106 968 2130 ne
990 2106 1059 2130 nos
1082 2091 1233 2144 prodat,
1265 2092 1511 2144 pertimesco.
1559 2093 1696 2144 Itaque
1721 2092 1828 2145 post·

445 2161 532 2205 hac,
565 2161 589 2198 fi
611 2170 726 2198 erunt
754 2158 853 2197 mihi
876 2158 987 2211 plura
1006 2157 1052 2195 ad
1075 2167 1110 2195 tc
1133 2157 1346 2201 scribenda,
1377 2155 1577 2210 ἀλλημςιάις
1596 2157 1827 2196 obscurabo.

447 2228 567 2264 Nunc
589 2225 750 2278 quidem
774 2238 874 2262 novo
894 2223 1064 2277 quodam
1087 2223 1226 2261 morbo
1252 2224 1389 2261 civitas
1418 2223 1612 2267 moritur;
1645 2233 1702 2268 ut,
1734 2237 1828 2262 cum

445 2304 580 2329 omnes
615 2303 657 2328 ca
688 2303 773 2342 quae
809 2289 895 2327 sunt
923 2290 1002 2326 asta
1029 2288 1269 2340 improbent,
1301 2296 1526 2340 querantur,
1558 2287 1729 2332 doleant,
1761 2301 1826 2326 va-

446 2358 558 2394 rietas
591 2355 629 2393 in
665 2369 702 2393 re
736 2354 843 2393 nulla
873 2355 931 2398 sit,
962 2363 1168 2406 aperteque
1201 2353 1427 2405 loquantur,
1458 2362 1496 2390 et
1521 2354 1604 2404 jam
1636 2354 1736 2392 clare
1757 2368 1826 2407 ge—

445 2430 551 2461 mant
572 2439 581 2465 ;
606 2429 733 2458 tamen
757 2420 950 2457 medicina
971 2419 1079 2457 nulla
1100 2418 1291 2457 afferatur.
1326 2419 1466 2471 Neque
1487 2419 1594 2457 enim
1616 2419 1730 2457 resisti
1753 2420 1828 2458 fine

445 2486 710 2524 internecione
731 2485 832 2538 poffc
853 2485 1112 2526 arbitramur:
1147 2498 1215 2522 nec
1238 2484 1413 2522 videmus
1445 2484 1513 2536 qui
1545 2483 1632 2522 finis
1665 2484 1828 2524 cedendi

446 2561 580 2603 pra-ter
601 2551 769 2589 exitium
791 2550 947 2589 futurus
979 2550 1038 2590 sit.
1087 2550 1252 2589 Bibulus
1284 2550 1494 2589 hominum
1516 2550 1770 2590 admiratione
1790 2559 1828 2589 et
