2243 3008
428 270 477 323 58
772 264 1459 308 EPISTOLARUM

426 383 520 408 cum
547 369 681 407 velim.
728 368 844 406 Hanc
873 380 946 419 ego
973 375 1102 411 teneo,
1132 365 1194 404 sed
1216 364 1378 403 usurum
1398 377 1461 403 me
1482 377 1559 402 non
1582 372 1707 417 puto:
1741 375 1811 400 ne-

428 449 505 487 que
527 443 654 472 tamen
677 433 747 471 scit
767 431 988 485 quisquam.
1035 431 1131 470 Non
1161 430 1272 469 lubet
1301 429 1436 482 fugere
1454 444 1466 477 ²⁴
1495 442 1587 467 aveo
1610 441 1781 482 pugnare
1800 443 1810 466 z

430 513 571 551 magna
591 499 679 537 sunt
699 497 910 536 hominum
925 496 1063 536 studia.
1095 495 1169 534 Sed
1189 493 1293 535 nihil
1311 495 1487 533 affirmo:
1511 502 1557 532 tu
1574 492 1651 532 hoc
1668 493 1811 531 filebis.

432 565 495 603 De
517 565 639 603 Statio
660 562 907 606 manumiffo,
938 571 977 600 et
997 560 1199 599 nonnullis
1220 559 1306 598 aliis
1327 559 1457 604 rebus,
1489 572 1609 610 angor
1635 558 1812 611 quidem,

431 630 494 668 sed
510 631 592 682 jam
614 628 766 682 prorsus
788 626 970 666 occallui.
1002 627 1070 665 Tu
1090 626 1249 672 vellem,
1279 638 1400 677 egove
1420 637 1620 676 cuperem,
1645 623 1783 663 adesses
1803 638 1812 662 :

432 709 503 733 nec
524 694 626 733 mihi
645 693 868 737 confilium,
899 705 972 730 nec
995 691 1227 737 consolatio,
1258 690 1412 729 deesset.
1459 689 1531 729 Sed
1563 689 1617 727 ita
1645 698 1682 727 te
1711 701 1814 742 para,

434 770 492 805 ut,
525 760 551 798 fi
572 759 800 805 inclamaro,
830 757 1002 796 advoles.

771 958 1013 996 Clenna
1053 955 1310 993 Ari-xeo
1349 953 1482 991 SAL.

433 1085 550 1125 XIX.
574 1083 871 1156 BJIULTA
906 1095 972 1121 me
1001 1081 1230 1127 sollicitant,
1271 1089 1311 1119 et
1343 1093 1392 1119 ex
1427 1077 1675 1132 Reipublicae
1708 1085 1820 1117 tanto

695 1157 825 1192 motu,
852 1155 892 1185 et
911 1160 959 1185 ex
979 1146 1027 1184 iis
1047 1146 1250 1199 periculis.
1280 1158 1367 1197 quae
1387 1143 1490 1183 mihi
1510 1143 1580 1196 ipfi
1600 1142 1818 1182 intendun-

433 1226 512 1260 tur,
542 1223 581 1253 et
601 1213 780 1252 sexcenta
799 1212 902 1251 sunt.
935 1211 1009 1249 Sed
1027 1210 1130 1250 mihi
1150 1209 1253 1249 nihil
1273 1209 1327 1248 est
1346 1208 1564 1254 molestius,
1592 1221 1711 1261 quam
1732 1208 1818 1246 Sta·

434 1282 537 1319 tium
563 1278 856 1319 manumissum.
901 1278 983 1316 Nec
1009 1290 1121 1315 meum
1152 1274 1336 1329 bmperium
1354 1274 1375 1313 ,ἕ
1402 1288 1448 1314 ac
1474 1273 1579 1314 mitto
1603 1273 1788 1327 imperium
1804 1290 1817 1317 ς

434 1359 502 1385 non
506 1344 730 1396 stmultatem
749 1356 860 1381 meam
884 1341 1052 1380 revereri
1051 1341 1188 1394 saltem
1202 1341 1223 1380 ἒ
1257 1340 1362 1386 Nec,
1392 1339 1491 1393 quid
1520 1338 1679 1384 faciam,
1709 1338 1818 1378 scio:

435 1424 562 1464 neque
583 1418 738 1448 tantum
754 1408 807 1446 est
827 1408 867 1446 in
891 1421 944 1453 re,
962 1416 1132 1460 quantus
1152 1406 1206 1446 est
1226 1406 1366 1445 sermo.
1398 1407 1488 1458 Ego
1506 1415 1637 1445 autem
1658 1417 1706 1443 ne
1726 1403 1821 1443 iras-

434 1477 472 1515 ci
493 1475 645 1529 poss‘um
665 1474 826 1527 quidem
847 1474 911 1519 iis,
942 1486 1041 1526 quos
1062 1472 1173 1511 valde
1192 1485 1281 1510 amo
1299 1487 1308 1511 :
1341 1480 1497 1510 tantum
1516 1471 1646 1516 doleo,
1677 1483 1720 1509 ac
1741 1470 1821 1509 mi-

435 1541 543 1580 rifice
563 1539 740 1593 quidem.
773 1540 921 1578 Caetera
941 1539 981 1585 in
1003 1539 1157 1590 magnis
1178 1537 1319 1582 rebus;
1342 1537 1459 1575 minae
1481 1536 1631 1582 Clodii,
1653 1545 1820 1575 conten-

432 1606 650 1659 tionesque,
668 1619 753 1658 quae
775 1604 875 1643 mihi
896 1613 1186 1657 proponuntur,
1205 1603 1360 1642 modice
1375 1615 1439 1641 me
1461 1611 1650 1654 tangunt:
1673 1601 1822 1640 etenim

432 1673 493 1711 vel
516 1672 642 1710 subire
663 1685 723 1709 eas
746 1671 878 1710 videor
898 1669 999 1708 mihi
1020 1669 1172 1707 summa
1191 1681 1284 1706 cum
1305 1667 1512 1720 dignitate,
1544 1667 1606 1706 vel
1627 1667 1828 1707 declinare

433 1737 543 1777 nulla
562 1750 654 1775 cum
676 1735 865 1781 molestia,
896 1734 1015 1788 pofl‘e.
1050 1734 1171 1773 Dices
1192 1733 1360 1778 fortafl‘e,
1382 1733 1586 1784 dignitatis
1606 1729 1702 1777 am,
1731 1741 1820 1770 tan-

433 1815 554 1856 quam
573 1797 661 1848 ᾣυὶς
674 1817 685 1845 ;
708 1801 834 1846 saluti,
857 1801 883 1839 si
905 1814 969 1838 me
989 1813 1108 1845 amas,
1130 1798 1304 1838 consule.
1337 1798 1408 1835 Me
1429 1797 1630 1843 miserum,
1650 1810 1722 1835 cur
1741 1810 1822 1835 non

433 1867 521 1907 ades
538 1868 551 1904 ?
583 1865 684 1904 nihil
708 1876 744 1904 te
765 1864 940 1918 profecto
960 1863 1198 1917 praeterIret:
1230 1876 1303 1915 ego
1322 1861 1476 1900 fortafi‘e
1495 1856 1677 1908 τυφλώῆω.
1697 1871 1736 1900 et
1757 1862 1820 1900 ni-

434 1933 565 1971 mium
585 1927 629 1980 τῷ
647 1926 749 1980 καλῷ
767 1925 1002 1970 minusne,
1035 1930 1142 1968 Scito
1163 1927 1264 1967 nihil
1285 1941 1462 1980 unquam
1482 1926 1596 1965 fuiffe
1615 1936 1694 1966 mm
1716 1926 1821 1966 infa-

436 2010 516 2041 me,
546 2005 626 2033 tam
650 2002 777 2045 turpe,
809 2002 888 2031 tam
921 2006 1099 2046 peraeque
1128 1993 1314 2031 omnibus
1343 1992 1567 2045 generibuS,
1598 1992 1822 2038 ordinibus,

436 2061 631 2104 aetatibus,
660 2058 870 2103 offensum,
901 2071 1019 2109 quam
1049 2057 1157 2097 hunc
1182 2058 1338 2103 statum,
1368 2058 1437 2111 qui
1459 2071 1564 2096 nunc
1585 2057 1664 2095 est:
1697 2058 1823 2110 magis

438 2125 662 2165 mehercule
683 2136 802 2177 quam
821 2123 979 2169 vellem,
1004 2136 1080 2162 non
1102 2123 1222 2161 modo
1242 2136 1360 2175 quam
1383 2132 1575 2175 putaram.
1610 2122 1822 2175 Populanes

437 2191 498 2250 ³¹3¹
514 2192 598 2244 jam
613 2190 731 2228 etiam
749 2188 942 2229 modestos
958 2188 1138 2227 homines
1160 2189 1310 2227 sibilare
1325 2187 1558 2227 docuerunt.
1592 2188 1759 2226 Bibulus
1780 2189 1822 2227 in

437 2256 534 2295 caelo
552 2255 606 2294 est
622 2274 634 2301 ;
667 2268 736 2293 nec
757 2266 889 2306 quare,
922 2254 1026 2292 scio:
1061 2253 1122 2292 sed
1152 2254 1207 2292 ita
1232 2253 1426 2298 laudatur,
1457 2253 1562 2306 quasi
1596 2254 1696 2292 Unus
1724 2253 1823 2292 homo

437 2321 533 2360 nobis
553 2319 748 2359 eumundo
770 2318 925 2371 rgste'tuit
944 2333 1032 2358 rem.
1068 2320 1293 2372 Pompeius,
1312 2318 1429 2357 nostri
1450 2332 1614 2363 amores,
1631 2319 1699 2371 qui
1721 2319 1823 2357 mihi

439 2387 594 2426 summo
613 2385 739 2424 dolori
759 2384 828 2430 est,
860 2384 938 2437 ipse
960 2384 995 2422 se
1015 2383 1155 2423 afflixit
1174 2404 1184 2430 5
1217 2385 1417 2423 neminem
1439 2394 1543 2422 tenet
1563 2399 1571 2422 :
1604 2384 1821 2430 voluntate,

439 2465 484 2490 an
508 2461 630 2495 metu,
663 2448 806 2488 necefl‘e
836 2449 881 2488 fit
911 2450 957 2488 iis
987 2451 1059 2495 uti,
1091 2463 1236 2488 vereor.
1286 2450 1372 2501 Ego
1401 2459 1533 2488 autem
1563 2464 1687 2502 neque
1718 2463 1821 2502 pug-

441 2530 491 2555 no
510 2530 602 2554 cum
632 2515 699 2555 illa
724 2514 835 2554 causa
867 2525 1024 2568 propter
1055 2515 1164 2554 inam
1197 2515 1411 2554 amicitiam
1428 2533 1441 2561 3
1473 2528 1599 2567 neque
1631 2515 1820 2568 approbo,
