2243 3008
572 321 650 360 270
818 340 821 341 γ
921 304 1607 344 EPISTOLARUM

570 406 806 458 longiorem.
838 405 978 444 Visum
1000 414 1037 443 te
1056 405 1166 443 aiunt
1186 405 1227 442 in
1248 405 1378 457 regia;
1411 417 1483 443 nec
1503 404 1743 458 reprehendo
1760 424 1771 451 ;
1804 405 1955 458 quippe

571 486 665 510 cum
686 471 765 524 ipse
785 471 894 509 istam
917 470 1252 523 reprehensionem
1273 483 1351 508 non
1373 468 1559 522 fugerim.
1593 472 1664 509 Sed
1685 473 1846 524 expecto
1868 481 1953 509 tuas

571 538 727 582 literas;
752 550 878 589 neque
893 538 976 589 jam
999 535 1083 573 sane
1103 534 1216 573 video
1236 534 1333 587 quid
1351 537 1576 587 expectem:
1600 536 1663 574 sed
1684 546 1813 575 tamen
1834 537 1953 575 etiam

570 603 598 641 fi
619 601 720 640 nihil
741 602 828 646 erit,
860 601 900 639 id
920 601 1048 653 ipsum
1069 600 1115 637 ad
1136 613 1198 637 me
1219 599 1337 637 velim
1360 599 1517 638 scribas.
1552 601 1678 639 Caesar
1696 601 1797 640 mihi
1818 602 1951 654 ignos-

571 669 627 706 cit
648 681 715 720 per
735 668 879 712 literas,
901 666 1009 719 quod
1028 679 1108 703 non
1129 665 1300 703 venerim
1313 683 1325 709 ;
1356 664 1509 717 seseque
1528 665 1569 702 in
1590 666 1781 718 optimam
1803 677 1952 720 partem

571 734 612 772 id
633 734 806 786 accipere
826 732 937 770 dicit.
970 731 1103 769 Facile
1123 731 1248 783 patior
1268 730 1374 783 quod
1395 729 1544 775 scribit,
1574 729 1705 769 secum
1726 733 1896 771 Tullum
1916 743 1955 770 et

572 799 748 838 Servium
769 797 921 850 questos
942 796 1028 842 effe,
1059 797 1152 850 quia
1171 810 1249 835 non
1273 796 1377 835 idem
1397 795 1482 841 fibi,
1513 796 1620 848 quod
1641 796 1757 842 mihi,
1787 797 1954 838 remifis-

572 864 640 902 set.
679 863 873 901 Homines
895 861 1099 908 ridiculos,
1130 862 1200 915 qui
1220 876 1314 900 cum
1335 861 1436 900 filios
1458 860 1642 899 mififfent
1662 862 1709 900 ad
1730 863 1807 901 Cn.
1833 862 1953 900 Pom-

570 930 705 982 peium
739 928 1112 974 circumfidendum,
1147 929 1217 981 ipsi
1251 928 1295 966 in
1328 928 1514 966 Senatum
1547 928 1679 966 venire
1712 927 1950 967 dubitarent.

571 994 645 1032 Sed
666 1004 796 1033 tamen
816 994 1045 1047 exemplum
1064 994 1151 1033 mifi
1172 993 1219 1033 ad
1239 1002 1277 1032 te
1297 993 1457 1032 Caesaris
1477 992 1693 1033 literarum.

910 1197 1153 1235 C1cnR0
1193 1195 1449 1234 Αττιοο
1489 1195 1619 1234 SAL.

572 1325 645 1363 IV.
670 1323 762 1397 M
776 1326 814 1363 U
827 1323 978 1363 LTAS
999 1337 1021 1361 a
1040 1331 1078 1361 te
1097 1322 1228 1376 accepi
1248 1322 1426 1376 epistolas
1445 1323 1583 1362 eodem
1603 1321 1681 1368 die,
1702 1334 1838 1361 omnes
1859 1321 1954 1360 dili-

789 1400 926 1443 genter
947 1389 1128 1441 scriptas:
1151 1401 1236 1427 eam
1255 1402 1360 1435 vero,
1382 1403 1469 1442 quae
1488 1389 1702 1428 voluminis
1723 1388 1839 1427 instar
1858 1397 1953 1432 erat,

570 1457 666 1510 saepe
686 1456 906 1509 legendam,
929 1456 1041 1494 sicuti
1062 1454 1164 1493 facio
1180 1474 1192 1500 ς
1215 1455 1257 1493 in
1277 1468 1355 1509 qua
1374 1468 1453 1494 non
1473 1454 1612 1494 frustra
1631 1455 1805 1494 laborem
1826 1454 1953 1493 susce-

571 1522 660 1575 pisti
678 1539 685 1561 :
711 1521 811 1560 mihi
832 1521 993 1575 quidem
1014 1529 1241 1573 pergratum
1261 1519 1402 1559 fecisti.
1432 1521 1564 1572 Qare
1583 1529 1629 1559 ut
1648 1520 1688 1558 id
1709 1520 1838 1573 quoad
1857 1520 1955 1558 lice-

572 1589 646 1633 bit,
679 1589 718 1626 id
748 1588 815 1632 est,
847 1587 975 1640 quoad
1005 1586 1099 1624 scies
1129 1585 1199 1623 ubi
1226 1585 1360 1631 fimus,
1389 1598 1509 1639 quam
1537 1585 1735 1640 saepiffime
1754 1585 1887 1630 facias,
1919 1594 1959 1623 te

569 1654 822 1692 vehementer
842 1666 951 1706 rogo.
998 1653 1053 1691 At
1074 1652 1302 1704 deplorandi
1322 1652 1500 1705 quidem,
1532 1652 1639 1706 quod
1658 1652 1837 1705 quotidie
1856 1651 1958 1690 faci-

569 1734 674 1766 mus,
707 1721 752 1758 s1t
774 1721 857 1772 jam
884 1719 998 1758 nobis
1026 1728 1093 1757 aut
1118 1718 1208 1757 finis
1229 1719 1409 1764 omnino,
1440 1719 1466 1757 fi
1486 1718 1625 1771 potest,
1656 1727 1723 1757 aut
1742 1718 1958 1757 moderatio

568 1785 763 1837 quaedam,
795 1784 901 1837 quod
923 1782 1099 1836 presedio
1119 1783 1258 1836 potest.
1299 1783 1395 1822 Non
1416 1783 1523 1821 enim
1537 1784 1620 1835 jam
1642 1796 1760 1836 quam
1781 1783 1955 1836 dignita-

569 1861 667 1895 tem,
698 1864 797 1903 quos
818 1849 1002 1894 honores,
1033 1863 1153 1902 quem
1174 1850 1263 1887 vitae
1285 1848 1443 1893 statum,
1473 1849 1682 1894 amiserim,
1714 1850 1862 1902 cogito,
1895 1849 1958 1887 sed

570 1916 670 1968 quid
689 1915 920 1953 consecutus
942 1915 1026 1959 fim,
1058 1915 1155 1967 quid
1177 1914 1436 1967 praestiterim,
1466 1927 1542 1967 qua
1566 1915 1606 1952 in
1628 1915 1741 1953 laude
1761 1915 1925 1954 vixerim
1943 1934 1956 1961 ς

568 1980 633 2019 his
668 1980 838 2033 denique
870 1981 910 2018 in
943 1980 1071 2025 malis,
1112 1980 1208 2031 quid
1241 1980 1390 2018 interfit
1420 1980 1523 2018 inter
1551 1994 1614 2018 me
1648 1990 1686 2019 et
1720 1979 1825 2025 istos,
1856 1993 1957 2033 quos

571 2055 731 2100 propter
750 2046 884 2084 omnia
903 2045 1117 2084 amisimus.
1165 2045 1223 2083 Hi
1253 2044 1343 2083 sunt
1363 2046 1447 2098 qui,
1479 2045 1548 2083 nisi
1570 2059 1632 2084 me
1652 2046 1810 2084 civitate
1830 2059 1956 2100 expu-

569 2112 714 2158 lissent,
739 2113 918 2151 obtinere
939 2111 975 2150 se
995 2125 1073 2149 non
1096 2111 1197 2163 posse
1219 2120 1452 2163 putaverunt
1473 2110 1672 2150 licentiam
1692 2111 1959 2165 cupiditatum

573 2178 754 2217 suarum:
786 2190 958 2231 quorum
979 2177 1172 2215 societatis
1192 2187 1231 2215 et
1260 2175 1448 2215 sceleratae
1467 2177 1727 2215 consensionis
1758 2176 1850 2215 fides
1879 2191 1959 2230 quo

570 2244 758 2297 eruperit,
790 2243 912 2282 vides.
946 2242 1059 2281 Alter
1078 2242 1184 2281 ardet
1205 2242 1336 2281 furore
1355 2252 1392 2280 et
1415 2242 1568 2287 scelere,
1602 2256 1671 2280 nec
1694 2243 1860 2281 remittit
1882 2243 1956 2280 ali-

571 2310 685 2362 quid,
718 2309 780 2348 sed
801 2309 840 2347 in
863 2308 944 2347 dies
966 2308 1196 2362 ingravescit
1215 2324 1224 2347 ε
1257 2307 1376 2347 modo
1398 2308 1509 2346 ltalia
1537 2308 1690 2360 expulit
1709 2327 1718 2352 ς
1752 2321 1856 2346 nunc
1884 2308 1958 2346 alia

571 2387 621 2414 ex
643 2384 749 2428 parte
769 2375 962 2428 persequi,
984 2388 1030 2414 ex
1053 2375 1126 2414 alia
1147 2375 1347 2428 provincia
1368 2374 1542 2427 spoliare,
1565 2384 1727 2412 conatur
1745 2392 1756 2419 ;
1789 2387 1859 2412 nec
1874 2375 1958 2426 jam

573 2441 735 2486 recusat,
759 2440 820 2478 sed
841 2440 1014 2493 quodam
1035 2440 1154 2479 modo
1175 2441 1357 2493 postulat,
1381 2449 1438 2482 ut.
1460 2439 1794 2492 quemadmodum
1814 2438 1882 2482 est,
1906 2438 1956 2476 fic

572 2507 692 2545 etiam
713 2507 932 2560 appelletur
960 2516 1160 2558 tyrannuS.
1207 2506 1333 2550 Alter,
1366 2506 1396 2544 is
1417 2507 1485 2558 qui
1509 2520 1577 2545 nos
1600 2506 1668 2544 fibi
1690 2504 1889 2558 quondam
1910 2504 1956 2542 ad

573 2571 690 2625 pedes
711 2572 846 2613 stratos
867 2585 915 2613 ne
935 2571 1159 2612 sublevabat
1180 2572 1356 2626 quidem,
1387 2572 1458 2626 qui
1487 2572 1523 2612 se
1553 2570 1654 2611 nihil
1684 2579 1819 2610 contra
1838 2567 1956 2621 hujus
