2243 3008
555 231 626 283 158
894 226 1578 266 EPISTOLARUM

551 339 638 368 tum
657 327 871 382 gefferant3
903 337 1032 380 aperte
1058 327 1305 365 fatebantur:
1339 328 1469 380 itaque
1500 327 1576 365 fine
1603 327 1684 365 ulla
1713 327 1930 380 ignominia

544 395 627 433 suis
648 394 822 433 humeris
843 394 1027 446 pecunias
1048 392 1204 445 populis
1227 392 1456 431 retulerunt.
1505 393 1648 445 Populi
1668 403 1797 431 autem
1818 394 1931 431 nullo

551 461 703 514 gemitu
738 459 980 504 Publicanis‚
1025 458 1169 511 quibus
1205 457 1281 496 hoc
1316 458 1398 510 ipso
1433 458 1552 496 lustro
1587 458 1688 497 nihil
1725 459 1929 503 solverant,

551 526 670 564 etiam
689 525 895 577 superioris
917 523 1025 562 lustri
1046 522 1310 561 reddiderunt.
1360 523 1495 575 Itaque
1526 523 1751 562 Publicanis
1772 525 1812 562 in
1833 537 1931 562 ocu-

551 591 600 630 lis
622 591 768 630 sumus.
811 590 959 635 Gratis,
991 589 1137 641 inquiS,
1169 588 1288 626 viris:
1322 587 1519 626 senfimus.
1553 590 1639 640 Jam
1660 589 1931 642 caeterajuris-

551 657 673 696 dictio
694 669 764 694 nec
784 656 980 709 imperita,
997 663 1035 693 et
1055 654 1226 692 clemens
1243 667 1335 691 cum
1355 653 1576 692 admirabili
1597 653 1798 693 facilitate.
1831 655 1932 692 Adi-

545 732 615 762 tus
636 731 767 761 autem
787 722 832 760 ad
854 735 917 767 me
938 721 1102 759 minime
1123 719 1398 772 provinciales:
1423 718 1524 757 nihil
1542 733 1608 771 per
1627 720 1931 759 cubicularium.

553 790 660 827 Ante
691 788 822 826 lucem
853 786 1147 825 inambulabam
1177 785 1300 830 dorni,
1333 794 1377 823 ut
1407 785 1505 823 olim
1539 784 1795 823 candidatus:
1826 795 1934 837 grata

552 853 636 893 haec
655 862 694 892 et
714 866 868 905 magna,
900 851 1080 904 mihique
1109 850 1287 889 nondum
1314 850 1502 889 laboriosa
1521 864 1569 888 ex
1590 850 1658 888 illa
1676 859 1803 888 vetere
1823 850 1933 889 mili-

552 920 620 958 tia.
671 919 802 958 Nonis
835 918 936 956 Maii
971 919 1010 956 in
1044 917 1229 956 Ciliciam
1263 916 1486 968 cogitabam
1505 932 1513 954 ε
1555 916 1611 954 ibi
1646 929 1739 954 cum
1766 917 1932 967 Junium

552 984 726 1024 mensem
746 983 1078 1036 consumpsiss‘em,
1099 991 1216 1035 atque
1237 983 1389 1020 utinam
1409 982 1449 1019 in
1471 995 1578 1035 pace,
1599 984 1807 1034 (magnum
1827 983 1935 1020 enim

552 1050 705 1088 bellum
729 1048 931 1101 impendet
960 1061 980 1085 a
1010 1046 1182 1098 Parthis)
1205 1047 1431 1098 Qintilem
1451 1047 1492 1084 in
1514 1046 1641 1085 reditu
1661 1060 1832 1100 ponere:
1864 1060 1935 1085 an—

552 1129 640 1154 nuae
659 1115 766 1153 enim
788 1113 890 1152 mihi
909 1127 1034 1166 operae
1054 1126 1088 1152 a.
1111 1113 1150 1151 d.
1177 1126 1250 1151 111.
1275 1112 1364 1150 Kal.
1388 1113 1494 1151 Sext.
1517 1122 1753 1151 emerentur.
1788 1113 1938 1165 Magna

552 1190 684 1219 autem
705 1180 745 1218 in
768 1179 830 1232 spe
852 1179 952 1224 sum,
974 1177 1075 1217 mihi
1097 1177 1198 1216 nihil
1219 1178 1408 1230 temporis
1428 1187 1680 1230 prorogatum
1702 1178 1765 1216 iri.
1798 1178 1936 1216 Habe-

553 1248 644 1286 bam
663 1248 746 1285 πᾶα
764 1246 910 1284 urbana
930 1245 1050 1298 usque
1070 1245 1116 1283 ad
1138 1245 1274 1283 Nonas
1296 1244 1460 1282 Martias
1477 1263 1488 1289 ;
1521 1257 1541 1282 e
1561 1245 1707 1297 quibus
1734 1244 1935 1297 intellige-

553 1314 661 1356 bam.
693 1312 878 1351 Curionis
901 1310 1019 1349 nostri
1039 1310 1254 1349 constantia
1273 1311 1406 1349 omnia
1426 1311 1556 1363 potius
1577 1311 1707 1348 aetum
1727 1310 1790 1354 iri,
1816 1323 1936 1362 quam

553 1379 602 1418 de
623 1378 834 1432 provinciis
853 1393 862 1416 :
893 1390 1001 1430 ergo,
1028 1386 1072 1416 ut
1093 1376 1216 1429 spero,
1247 1376 1474 1429 propediem
1497 1386 1533 1414 te
1553 1376 1709 1414 videbo.
1741 1376 1870 1414 Venio
1890 1375 1938 1414 ad

555 1446 724 1484 Brutum
745 1453 874 1488 tuum,
901 1443 1027 1481 immo
1046 1442 1236 1486 nostrum,
1259 1442 1309 1479 sic
1328 1443 1435 1479 enim
1457 1441 1593 1479 mavis.
1627 1441 1826 1494 Equidem
1847 1454 1936 1479 om—

556 1512 620 1549 nia
640 1509 731 1554 feci,
761 1522 848 1561 quae
869 1507 981 1560 potui
1001 1516 1068 1545 aut
1088 1507 1128 1544 in
1149 1519 1235 1545 mea
1254 1507 1455 1559 provincia
1476 1506 1673 1559 perficere,
1699 1516 1765 1544 aut
1786 1507 1826 1544 in
1848 1520 1938 1559 reg-

554 1590 606 1615 no
626 1575 807 1628 experiri.
842 1575 970 1611 Omni
989 1573 1111 1626 igitur
1131 1572 1250 1610 modo
1269 1572 1332 1625 egi
1353 1585 1446 1610 cum
1467 1585 1570 1624 rege,
1592 1581 1630 1610 et
1650 1585 1723 1624 ago
1743 1572 1936 1625 quotidie,

554 1656 622 1696 per
642 1641 771 1679 literas
792 1639 959 1677 scilicet:
984 1638 1112 1691 ipsum
1132 1638 1240 1676 enim
1262 1637 1439 1675 triduum
1455 1637 1758 1690 quatriduumve
1779 1651 1938 1676 mecum

553 1706 675 1745 habui
698 1705 934 1744 turbulentis
957 1704 996 1741 in
1018 1703 1148 1749 rebus,
1179 1703 1325 1756 quibus
1346 1716 1437 1741 eum
1458 1703 1633 1742 liberavi.
1681 1703 1754 1741 Sed
1783 1712 1821 1741 et
1851 1712 1938 1742 tum

553 1773 732 1826 praesens,
756 1780 796 1809 et
816 1770 944 1824 postea
963 1770 1211 1815 creberrime,
1243 1782 1322 1807 non
1343 1768 1470 1807 destiti
1491 1781 1624 1821 rogare
1643 1778 1682 1807 et
1703 1778 1832 1821 petere
1853 1782 1938 1807 mea

553 1838 678 1882 causa,
710 1837 865 1875 suadere
883 1845 923 1874 et
943 1835 1090 1874 hortari
1111 1835 1190 1874 sua.
1228 1834 1410 1873 Multum
1432 1832 1581 1887 profeci
1600 1848 1610 1872 t
1643 1833 1705 1872 sed
1726 1844 1935 1887 quantum,

556 1917 633 1942 non
667 1903 794 1955 plane,
825 1902 917 1954 quia
949 1901 1065 1953 longe
1096 1900 1248 1946 absum,
1280 1900 1372 1938 scio.
1418 1899 1649 1937 Salaminios
1681 1910 1811 1937 autem
1847 1899 1937 1951 (hos

554 1969 662 2006 enim
684 1977 858 2020 poteram
878 1966 1072 2015 coercere)
1095 1966 1254 2010 adduxi,
1287 1974 1330 2003 ut
1351 1974 1480 2003 totum
1504 1978 1646 2003 nomen
1677 1965 1834 2017 Scaptio
1854 1965 1936 2003 vel-

555 2035 638 2072 lent
671 2033 814 2071 solvere
832 2050 842 2075 ;
875 2031 936 2069 sed
968 2031 1188 2068 centesimis
1209 2031 1335 2068 ductis
1356 2043 1376 2067 a
1396 2031 1575 2082 proxima
1595 2030 1756 2082 quidem
1779 2030 1937 2082 syngra—

555 2098 648 2153 pha,
680 2110 750 2136 nec
781 2096 993 2150 perpetuis,
1026 2095 1087 2134 sed
1123 2096 1314 2133 renovatis
1345 2096 1570 2147 quotannis,
1619 2095 1939 2133 Niimembantiir

556 2163 740 2202 nummi:
768 2162 896 2200 noluit
918 2162 1109 2214 Scaptius.
1142 2162 1250 2199 Tun’
1271 2161 1340 2213 qui
1362 2161 1415 2198 ais
1440 2161 1605 2198 Brutum
1626 2174 1767 2213 cupere
1788 2160 1938 2213 aliquid

556 2229 745 2284 perdere?
777 2237 980 2280 quaternas
1001 2225 1170 2264 habebat
1202 2227 1241 2264 in
1273 2225 1512 2278 syngrapha:
1551 2225 1631 2263 fieri
1659 2239 1734 2263 non
1758 2236 1935 2278 poterat;

558 2309 643 2340 nec,
674 2295 700 2332 si
724 2293 858 2347 poffet,
890 2306 962 2345 ego
983 2293 1061 2345 pati
1083 2291 1242 2346 possem.
1292 2292 1423 2330 Audio
1443 2292 1607 2329 omnino
1628 2292 1828 2344 Scaptium
1851 2305 1936 2344 poe-

558 2361 694 2399 nitere.
743 2360 848 2398 Nam
881 2358 987 2412 quod
1018 2357 1419 2397 senatus-consultum
1449 2357 1519 2395 esse
1547 2357 1715 2401 dicebat,
1747 2367 1790 2395 ut
1806 2358 1871 2409 jus
1890 2371 1937 2395 ex

559 2425 774 2479 syngrapha
805 2425 1012 2470 diceretur,
1043 2439 1090 2464 eo
1122 2425 1285 2464 consilio
1316 2423 1462 2463 factum
1495 2423 1562 2467 cst,
1594 2423 1698 2477 quod
1733 2424 1939 2476 pecuniam

559 2491 759 2531 Salaminii
780 2500 915 2531 contra
934 2490 1063 2544 legem
1085 2490 1297 2530 Gabiniam
1320 2489 1572 2543 sumpserant.
1618 2488 1782 2527 vetabat
1809 2497 1939 2526 autem
