2243 3008
620 190 727 230 AD
786 188 1215 229 ATTICUM
1283 191 1425 232 LIB.
1476 193 1527 233 X.
1690 196 1767 245 289

713 423 956 461 CICERO
997 422 1253 461 ATT1co
1295 423 1424 461 SAL.

372 547 488 588 XIV.
513 548 586 622 O
619 549 844 588 VITAM
875 549 1054 588 miseram
1074 551 1082 587 !
1106 548 1308 601 majusque
1330 549 1493 595 malum,
1518 559 1596 587 tam
1618 551 1684 587 diu
1708 552 1759 588 ti-

608 629 727 661 mere,
759 628 878 668 quam
910 614 963 652 est
997 614 1098 652 illud
1132 614 1276 666 ipsum,
1307 614 1414 666 quod
1450 615 1638 653 timetur!
1673 616 1759 652 Ser-

369 678 472 724 vius,
503 689 549 718 ut
580 690 690 718 antea
721 679 867 732 scripsi,
898 692 990 717 cum
1011 678 1171 717 veniffet
1199 679 1329 716 Nonis
1352 679 1468 724 Maii,
1500 678 1684 731 postridie
1715 679 1761 715 ad

370 758 435 782 me
455 745 577 784 venit.
619 745 683 784 Ne
703 745 852 783 diutius
875 754 912 794 te
933 754 1100 790 teneam,
1132 743 1282 782 nullius
1302 744 1455 783 confilii
1475 745 1629 783 exitum
1649 744 1759 782 inve-

370 811 519 849 nimus.
552 811 773 863 Nunquam
792 810 874 848 vidi
894 808 1100 848 hominem
1121 809 1449 863 perturbatiorem
1469 819 1577 848 metu
1598 826 1606 848 :
1634 822 1761 862 neque

369 874 531 914 hercule
551 876 770 929 quidquam
791 876 971 921 timebat,
1002 875 1110 928 quod
1138 889 1218 914 non
1243 874 1335 914 esset
1359 875 1611 919 timendum;
1642 874 1761 913 illum

370 941 443 979 fibi
463 941 622 987 iratum,
654 941 761 980 hunc
794 955 874 980 non
905 942 1108 986 amicum;
1140 940 1373 980 horribilem
1404 940 1607 993 utriusque
1634 940 1759 978 vieto-

369 1007 483 1053 riam,
515 1021 607 1046 curn
642 1018 802 1061 propter
835 1008 994 1046 alterius
1027 1007 1317 1052 crudelitatem,
1347 1007 1506 1045 alterius
1541 1006 1757 1050 audaciam,

369 1081 458 1111 tum
496 1082 657 1126 propter
694 1073 897 1126 utriusque
935 1072 1212 1111 difficultatem
1250 1073 1521 1125 pecuniarum,
1567 1085 1644 1124 qua
1676 1072 1761 1109 erui

369 1138 576 1190 nusquam,
609 1138 679 1176 nisi
712 1151 761 1176 ex
794 1139 1039 1190 privatorum
1075 1138 1204 1183 bonis,
1237 1137 1372 1190 poss‘et.
1418 1140 1554 1190 Atque
1587 1136 1670 1175 haec
1706 1137 1758 1174 ita

368 1203 508 1240 multis
528 1216 621 1241 cum
642 1203 825 1254 lacrymis
846 1202 1095 1255 loquebatur,
1128 1212 1172 1240 ut
1203 1215 1277 1254 ego
1304 1203 1463 1240 mirarer
1482 1216 1542 1240 eas
1565 1211 1644 1239 tam
1666 1201 1756 1239 diu-

367 1277 483 1306 turna
516 1268 670 1307 miseria
703 1281 781 1306 non
816 1268 1016 1307 exaruisse.
1064 1267 1174 1306 Mihi
1209 1268 1371 1320 quidem
1405 1269 1523 1306 etiam
1559 1268 1759 1320 lippitudo

365 1331 465 1379 haec,
497 1342 657 1386 propter
687 1345 806 1385 quam
838 1346 918 1372 non
948 1332 1029 1385 ipse
1057 1333 1104 1371 ad
1135 1341 1181 1371 ter
1203 1333 1344 1377 scribo,
1376 1333 1453 1370 sine
1481 1333 1562 1370 ulla
1588 1333 1759 1383 lacryma

366 1399 435 1444 est,
467 1399 530 1437 sed
560 1399 697 1451 saepius
717 1398 848 1437 odiosa
867 1398 920 1436 est
940 1406 1101 1452 propter
1120 1398 1289 1450 vigilias.
1335 1397 1608 1449 Qamobrem
1637 1397 1757 1450 quid-

366 1464 465 1516 quid
498 1463 616 1502 habes
651 1463 698 1502 ad
729 1463 1012 1502 consolandum
1044 1463 1203 1515 collige,
1245 1472 1285 1501 et
1316 1463 1386 1501 illa
1417 1462 1556 1508 scribe,
1600 1475 1677 1500 non
1709 1476 1757 1500 ex

367 1529 556 1574 dod’ffina,
589 1542 714 1581 neque
734 1543 782 1566 ex
803 1529 944 1573 libris;
977 1542 1067 1566 nam
1089 1529 1129 1565 id
1149 1528 1311 1579 quidem
1341 1527 1450 1565 domi
1479 1528 1560 1572 est;
1593 1527 1655 1566 sed
1686 1541 1757 1565 ne-

366 1593 447 1632 scio
473 1607 554 1647 quo
582 1594 702 1632 modo
728 1594 968 1632 imbecillior
987 1593 1041 1631 est
1069 1593 1279 1637 medicina,
1311 1607 1431 1645 quam
1451 1593 1640 1630 morbus:
1673 1592 1756 1631 haee

365 1661 498 1712 potius
519 1660 724 1712 conquire,
755 1660 803 1697 de
823 1659 1041 1712 Hispaniis,
1073 1658 1120 1696 de
1142 1658 1337 1703 Maffilia,
1370 1671 1456 1710 quae
1476 1658 1637 1709 quidem
1669 1657 1756 1695 satis

368 1725 472 1763 bella
492 1725 645 1763 Servius
666 1724 777 1763 affert
796 1740 806 1763 ε
837 1725 908 1777 qui
937 1725 1056 1763 etiam
1086 1724 1133 1761 de
1154 1723 1304 1762 duabus
1326 1723 1551 1775 legionibus
1572 1723 1756 1760 luculen-

366 1799 428 1828 tos
449 1791 622 1828 auditores
643 1790 716 1828 effe
739 1790 909 1828 dicebat,
956 1790 1055 1827 Haec
1084 1789 1207 1841 igitur
1234 1789 1260 1826 fi
1290 1787 1469 1833 habebis,
1500 1796 1539 1825 et
1568 1788 1686 1826 talia:
1718 1798 1758 1826 et

366 1855 529 1908 quidem
550 1855 684 1909 paucis
706 1855 844 1893 diebus
865 1854 1017 1908 aliquid
1036 1855 1161 1892 audiri
1182 1853 1328 1891 neceffe
1353 1853 1421 1891 est.
1468 1853 1539 1890 Sed
1570 1853 1684 1891 redeo
1710 1853 1756 1891 ad

366 1923 560 1961 Servium.
594 1921 834 1960 Distulimus
855 1921 1020 1960 omnino
1041 1921 1259 1959 sermonem
1282 1920 1322 1958 in
1343 1919 1542 1972 posterum
1561 1934 1570 1957 ε
1593 1919 1656 1957 sed
1677 1929 1756 1957 tar-

366 1988 439 2026 dus
464 1987 511 2025 ad
540 1987 793 2026 exeundum:
826 1986 956 2025 multo
985 1986 1022 2024 se
1051 1986 1092 2023 in
1124 1985 1192 2024 suo
1221 1985 1366 2023 leitulo
1396 1984 1528 2029 malle,
1560 1984 1757 2037 quidquid

366 2053 484 2092 foret.
532 2053 702 2091 Odiosus
732 2052 938 2105 scrupulus
969 2051 1015 2090 de
1036 2051 1109 2090 filii
1140 2051 1285 2089 militia
1312 2049 1569 2089 Brundufina.
1617 2051 1757 2088 Unum

367 2117 469 2156 illud
489 2118 704 2156 firmiffime
725 2116 968 2162 asseverabat,
1000 2117 1026 2155 fi
1057 2116 1231 2154 damnati
1260 2113 1567 2158 restituerentur,
1598 2113 1639 2150 in
1669 2113 1756 2151 exi-

367 2183 468 2222 lium
489 2183 526 2221 se
555 2184 720 2221 iturum.
768 2183 855 2222 Nos
885 2191 1016 2221 autem
1046 2181 1094 2220 ad
1123 2181 1222 2226 haec,
1253 2189 1292 2218 et
1319 2179 1359 2217 id
1379 2179 1508 2231 ipsum
1529 2187 1636 2216 certo
1656 2176 1755 2222 fore,

368 2257 422 2293 et,
459 2262 544 2300 quae
570 2250 655 2301 jam
686 2248 846 2294 fiebant,
878 2261 958 2286 non
993 2247 1066 2285 effe
1099 2247 1271 2291 leviora,
1303 2245 1507 2296 multaque
1540 2243 1757 2295 colligeba-

368 2326 473 2352 mus.
518 2314 670 2352 Verum
703 2327 746 2351 ea
780 2326 860 2351 non
895 2314 1074 2351 animum
1104 2312 1187 2363 ejus
1220 2309 1428 2362 augebant,
1459 2308 1522 2347 sed
1557 2309 1756 2353 timorem,

371 2386 415 2417 ut
447 2379 531 2430 jam
565 2378 749 2416 celandus
783 2378 909 2431 magis
944 2377 991 2416 de
1025 2375 1155 2416 nostro
1189 2374 1366 2420 confilio,
1398 2387 1519 2426 quam
1553 2373 1600 2412 ad
1633 2373 1754 2417 idem,

451 2444 596 2480 TOM.
629 2442 746 2481 VIII.
1365 2440 1402 2478 Ο
1433 2453 1458 2478 0
