2243 3008
581 270 688 310 AD
749 267 1179 307 ATTICUM
1247 270 1387 310 LIB.
1440 273 1512 311 IX.
1661 287 1735 327 259

349 383 400 410 ex
419 368 490 407 illo
510 369 663 414 libello,
695 368 764 421 qui
786 368 826 404 in
844 365 1050 419 epistolam
1070 367 1269 419 conjectus
1289 367 1356 406 est.
1395 370 1588 408 Lentulus
1612 371 1736 408 noster

352 434 528 473 Puteolis
558 433 611 472 est
639 426 808 481 αἰδημονῶν,
836 441 881 469 ut
909 432 1064 470 Caecius
1094 441 1236 471 narrat.
1283 433 1394 484 Qid
1424 436 1541 485 agat?
1571 428 1737 488 διατροπὴ

353 499 638 538 Corfiniensem
672 496 927 535 reformidat:
962 498 1152 550 Pompeio
1184 511 1290 535 nunc
1325 508 1437 550 putat
1468 499 1732 539 satisfactum:

351 565 544 604 beneficio
565 564 724 603 Caesaris
745 573 951 607 movetur;
975 562 1038 600 sed
1059 572 1188 600 tamen
1209 573 1391 601 movetur
1411 565 1534 616 magis
1556 565 1734 617 perspec-

351 640 390 669 ta
420 645 473 669 re.
521 632 632 669 Tene
663 628 747 668 haec
778 627 878 667 ferre
908 627 1043 680 posse?
1076 628 1225 666 Omnia
1254 629 1392 667 misera
1408 648 1419 674 ;
1453 629 1515 667 sed
1535 629 1612 667 hoc
1634 630 1735 667 nihil

351 696 556 734 miserius:
597 695 808 747 Pompeius
842 694 919 732 Cn.
952 693 1137 745 Magium
1169 693 1216 731 de
1246 707 1340 746 pace
1372 694 1504 739 misit;
1536 704 1575 732 et
1608 704 1736 733 tamen

343 761 628 814 §oppugnatum
659 759 767 813 quod
798 771 871 811 ego
892 771 970 796 non
992 758 1197 796 credebam
1216 754 1225 797 ἐ
1257 758 1322 797 sed
1353 759 1479 798 habeo
1499 773 1519 798 a
1540 760 1663 798 Balbo
1684 761 1735 797 li-

349 836 466 871 teras,
498 839 664 878 quatum
696 825 744 863 ad
776 832 816 862 te
849 824 1078 877 exemplum
1113 824 1226 863 mifi:
1259 824 1359 877 lege,
1390 825 1533 878 quaeso,
1565 834 1603 864 et
1638 825 1738 863 illud

351 891 539 930 infimum
559 900 677 944 caput
697 890 815 943 ipsius
838 890 949 928 Balbi
970 890 1129 943 optimi,
1159 889 1225 927 cui
1255 891 1398 929 Cnaeus
1431 891 1557 928 noster
1587 891 1736 935 locum,

353 957 424 995 ubi
444 956 580 995 hortos
601 955 822 1000 aedificaret,
844 954 974 993 dedit:
998 967 1118 1007 quem
1138 955 1204 993 cui
1225 955 1400 993 nostrum
1420 969 1500 994 non
1522 956 1617 1008 saepe
1637 970 1736 1008 prae-

354 1023 480 1061 tulit?
512 1024 643 1075 itaque
674 1021 790 1060 miser
821 1029 1041 1074 torquetur.
1088 1020 1175 1065 Sed,
1208 1033 1256 1059 ne
1289 1021 1348 1059 bis
1375 1021 1510 1059 eadem
1542 1021 1661 1073 legas,
1692 1023 1738 1060 ad

352 1088 474 1141 ipsam
497 1098 534 1126 te
554 1087 757 1140 epistolam
777 1087 927 1138 rejicio.
974 1086 1091 1138 Spem
1120 1095 1251 1124 autem
1279 1087 1385 1139 pacis
1417 1086 1542 1125 habeo
1570 1088 1736 1125 nullam.

353 1153 562 1191 Dolabella
582 1153 658 1190 suis
679 1152 818 1196 literis,
850 1151 988 1189 Idibus
1009 1152 1132 1189 Mart.
1162 1151 1277 1196 datis,
1308 1166 1462 1191 merum
1493 1153 1644 1191 bellum
1675 1153 1737 1190 lo-

350 1219 502 1271 quitur.
549 1218 783 1256 Maneamus
813 1229 905 1268 ergo
926 1217 966 1254 in
988 1216 1056 1254 illa
1075 1216 1210 1254 eadem
1230 1215 1420 1256 sententia
1439 1218 1587 1264 misera,
1602 1227 1640 1257 et
1669 1219 1738 1257 de—

351 1284 522 1338 sperata;
552 1283 711 1337 quando
731 1282 808 1332 hoc
828 1282 1007 1320 miserius
1026 1281 1099 1320 effe
1120 1280 1222 1319 nihil
1243 1283 1381 1335 potest.

621 1485 856 1522 BALBth
902 1483 1207 1520 CICERONI
1252 1481 1378 1520 IMP.
1426 1483 1464 1520 S.

429 1611 480 1649 AE
497 1610 575 1648 SA
586 1611 623 1649 R
651 1609 748 1648 nobis
776 1609 901 1648 literas
924 1608 1119 1662 perbreves
1145 1608 1249 1660 mistt,
1279 1623 1432 1662 quarum
1451 1612 1740 1666 exemplumsub-

430 1675 573 1729 stripst.
619 1675 815 1714 Brevitate
833 1674 1083 1727 epfiolaestire
1095 1674 1232 1727 poteris
1251 1688 1327 1712 eum
1345 1674 1450 1713 valde
1467 1676 1526 1728 effi
1545 1676 1740 1730 dssentmn,

352 1742 418 1796 qui
433 1750 542 1780 tanta
560 1741 600 1779 de
618 1755 658 1779 re
677 1750 753 1779 tam
772 1739 935 1779 breviter
940 1739 1145 1795 scripst’rit.
1191 1739 1235 1778 Si
1259 1738 1349 1793 quid
1355 1748 1540 1793 praeterea
1558 1743 1646 1783 novi
1646 1745 1740 1797 fue-

354 1808 421 1853 rit,
439 1807 568 1860 statim
590 1806 660 1845 tibi
660 1805 837 1860 stribam.

582 2008 788 2046 CA-:sAR
830 2008 1036 2052 ΟΡΡῙο,
1087 2007 1423 2054 CORNELIO,
1474 2008 1512 2047 S.

413 2143 443 2160 “
466 2137 517 2174 A.
540 2136 580 2175 d.
605 2149 670 2174 vn
695 2136 755 2175 Id.
779 2136 902 2175 Mart.
933 2134 1198 2174 Brundusium
1218 2136 1335 2175 veni:
1368 2136 1414 2174 ad
1441 2149 1600 2174 murum
1627 2137 1745 2176 castra

359 2209 388 2226 ‘⁸
409 2202 535 2255 posui.
583 2202 796 2255 Pompeius
816 2200 870 2240 est
891 2201 1113 2240 Brundusii.
1160 2201 1274 2239 Misit
1299 2201 1347 2239 ad
1373 2214 1436 2239 me
1457 2201 1535 2239 Cn.
1559 2201 1744 2254 Magium

359 2274 388 2290 “
408 2268 456 2305 de
477 2281 589 2320 pace:
612 2282 699 2321 quae
719 2267 797 2306 visa
816 2267 906 2306 sunt
926 2267 1120 2320 respondi.
1154 2268 1246 2305 Hoc
1266 2280 1333 2306 vos
1355 2266 1482 2304 statim
1505 2266 1599 2305 scire
1619 2269 1742 2307 volui.

359 2338 387 2354 “
410 2333 515 2371 Cum
536 2334 577 2371 in
599 2333 706 2386 spem
726 2346 868 2372 venero
887 2333 936 2371 de
957 2332 1242 2385 compositione
1270 2331 1422 2385 aliquid
1449 2346 1512 2370 me
1536 2333 1744 2379 conficere,

363 2403 390 2419 “
413 2396 541 2434 statim
562 2411 630 2435 vos
651 2399 833 2436 certiores
854 2398 1039 2436 faciam.”

415 2461 588 2512 Qomodo
606 2476 658 2500 me
675 2477 770 2501 nunc
781 2472 908 2516 putas,
938 2463 988 2502 mi
1006 2463 1142 2508 Cicero,
1171 2462 1344 2516 torqueri,
1368 2462 1548 2515 pqssquam
1567 2464 1690 2515 rurstcs
1709 2465 1746 2502 in

347 2528 450 2580 spem
464 2526 566 2579 pacis
585 2526 682 2572 veni,
700 2541 743 2565 ne
761 2541 831 2579 qua
847 2543 904 2567 res
922 2543 1039 2568 eorum
1058 2528 1325 2580 compqsttionem
1344 2527 1510 2579 impediat
1527 2528 1546 2566 ,Ρ
1566 2529 1746 2583 Namque,

1301 2593 1337 2629 K
1367 2591 1392 2629 k
1425 2605 1445 2630 2
