2243 3008
450 245 525 286 130
792 233 1479 276 EPISTOLARUM

781 471 1024 509 emeno
1065 469 1321 508 Arme-o
1362 469 1492 508 SAL.

448 597 545 636 XII.
569 597 654 670 N
671 598 704 636 E
720 598 759 636 G
775 598 812 635 O
825 599 862 636 T
878 598 895 635 1
911 598 950 635 U
964 597 1013 635 M
1043 609 1232 648 magnum
1261 597 1314 635 est
1341 597 1534 649 navigare,
1564 606 1681 650 atque
1702 597 1833 636 mense

533 694 535 696 .
677 662 869 715 Qintili.
894 663 1010 700 Sexto
1030 661 1092 699 die
1114 661 1262 699 Delum
1283 661 1453 700 Athenis
1474 663 1668 701 venimus.
1702 662 1833 700 Pridie

448 729 585 768 Nonas
607 729 750 781 Qint.
774 742 794 765 a
815 728 960 766 Piraeeo
980 727 1027 765 ad
1048 726 1219 772 Zostera,
1237 737 1355 766 vento
1375 727 1552 772 molesto,
1569 728 1640 780 qui
1660 741 1730 767 nos
1751 728 1832 766 ibi-

447 794 537 832 dem
569 794 700 834 Nonis
733 793 875 831 tenuit.
918 794 970 831 A.
999 792 1038 831 d.
1073 805 1159 830 vu1
1194 792 1286 831 Idus
1318 792 1365 831 ad
1395 793 1478 830 Ceo
1499 792 1691 845 jucunde.
1736 792 1836 831 Inde

448 859 627 910 Gyarum
648 857 747 896 saevo
764 866 896 902 vento,
926 870 1005 894 non
1027 855 1204 895 adverso:
1236 856 1331 895 hinc
1353 857 1533 908 Scyrum,
1555 856 1646 894 inde
1667 857 1835 902 Delum,

449 934 617 975 utroque
636 923 770 968 citius,
792 935 910 975 quam
932 921 1138 966 vellemus,
1159 921 1315 960 cursum
1337 921 1599 960 confecimus.
1624 921 1714 973 jam
1734 921 1835 960 nosti

447 985 614 1036 ἄφρακτα.
643 986 922 1025 Rhodiorum:
955 985 1056 1023 nihil
1087 986 1194 1038 quod
1223 987 1355 1025 minus
1383 986 1548 1025 fluctum
1569 985 1669 1025 ferre
1688 986 1803 1040 poffit
1819 1006 1834 1033 3

449 1053 580 1105 itaque
600 1063 679 1090 erat
699 1053 739 1090 in
760 1052 893 1090 animo
914 1050 1016 1089 nihil
1036 1049 1230 1097 festinare,
1262 1051 1366 1090 Delo
1387 1065 1458 1090 nec
1478 1065 1542 1090 me
1561 1065 1733 1098 movere,
1763 1053 1836 1091 nisi

447 1119 582 1156 omina
607 1115 804 1167 ἀκρωτηρίων
821 1113 909 1162 ἔμω
933 1116 1124 1155 vidifl‘em.
1171 1117 1234 1155 De
1262 1117 1441 1156 Messalla
1467 1117 1515 1155 ad
1545 1126 1583 1156 te
1614 1118 1758 1164 statim,
1790 1127 1836 1157 ut

448 1182 594 1227 audivi,
625 1181 671 1220 de
704 1182 837 1233 Gyaro
870 1181 959 1220 dedi
993 1181 1123 1220 literas
1140 1200 1152 1227 ς
1190 1191 1229 1220 et
1262 1182 1304 1220 id
1337 1182 1466 1235 ipsum
1500 1183 1708 1222 confilium
1743 1183 1834 1222 nos-

448 1258 554 1286 trum
575 1248 694 1285 etiam
713 1246 760 1284 ad
782 1246 1068 1293 Hortenfium;
1100 1247 1167 1285 cui
1191 1247 1354 1300 quidem
1382 1247 1493 1286 valde
1521 1246 1717 1295 σννηγωνίων.
1762 1249 1836 1287 Sed

448 1323 533 1352 tuas
554 1313 601 1351 de
620 1313 703 1364 ejus
727 1311 872 1364 judicii
899 1312 1158 1358 sermonibus,
1189 1323 1229 1352 et
1260 1312 1486 1352 mehercule
1515 1314 1626 1352 omni
1658 1313 1706 1352 de
1736 1314 1835 1352 Rei-

448 1379 619 1433 publicae
656 1378 754 1415 statu
793 1377 922 1416 literas
960 1379 1138 1431 expecto,
1182 1375 1420 1428 πολιτικώτερον
1457 1379 1618 1431 quidem
1657 1379 1835 1432 scriptas,

452 1445 658 1498 (quoniam
693 1456 800 1481 meos
839 1457 932 1482 cum
971 1442 1233 1482 Thallumeto
1271 1443 1400 1482 nostro
1433 1444 1654 1496 pervolutas
1689 1445 1833 1495 libros)

448 1508 639 1563 ejusmodi
661 1509 822 1561 inquam
844 1508 988 1554 literas,
1020 1522 1067 1547 ex
1088 1508 1234 1562 quibus
1255 1522 1342 1561 ego,
1374 1521 1452 1546 non
1483 1509 1580 1562 quid
1610 1509 1691 1555 fiat,
1725 1512 1835 1562 (nam

448 1576 487 1613 id
508 1575 568 1613 vel
597 1573 807 1618 Helenius,
838 1574 897 1612 vir
925 1573 1183 1626 graviflimus,
1214 1573 1339 1626 potest
1368 1573 1534 1620 efficere,
1565 1575 1688 1613 cliens
1723 1576 1833 1626 tuus)

449 1641 510 1679 scd
532 1640 627 1694 quid
648 1639 829 1678 futurum
850 1640 908 1678 fit.
943 1641 1090 1685 Etiam,
1109 1653 1201 1678 cum
1222 1639 1306 1678 haec
1327 1640 1447 1692 leges,
1465 1639 1699 1680 habebimus
1722 1643 1834 1681 Con-

450 1706 561 1743 sules.
608 1705 756 1742 Omnia
787 1703 1002 1757 perspicere
1028 1705 1190 1758 poteris,
1221 1704 1268 1742 de
1289 1704 1451 1750 Caesare,
1482 1704 1529 1743 de
1551 1705 1756 1759 Pompei0‚
1788 1708 1836 1746 de

449 1769 725 1824 ipfisjudiciis.
766 1769 909 1808 Nostra
929 1779 1060 1809 autem
1081 1771 1251 1823 negotia,
1282 1771 1470 1823 quoniam
1491 1770 1630 1809 Romae
1651 1785 1833 1811 commo-

449 1837 556 1881 raris,
587 1835 726 1873 amabo
758 1845 809 1880 te,
841 1836 1008 1888 explica.
1055 1836 1134 1874 Cui
1166 1836 1219 1873 rei
1255 1834 1408 1887 fugerat
1439 1849 1503 1873 me
1533 1835 1755 1884 rescribere,
1787 1839 1835 1877 de

450 1902 549 1939 strue
569 1900 734 1938 laterum
757 1899 871 1952 plane
890 1913 999 1952 rogo.
1034 1901 1094 1938 De
1114 1914 1228 1953 aqua,
1259 1899 1282 1937 fi
1305 1899 1402 1952 quid
1423 1901 1567 1953 poterit
1591 1900 1690 1947 fieri,
1721 1916 1766 1941 eo
1788 1904 1834 1942 fis

449 1966 596 2010 animo,
627 1978 708 2017 quo
729 1964 824 2002 soles
845 1965 944 2010 effe3
977 1978 1094 2018 quarn
1125 1979 1198 2018 ego
1229 1979 1320 2004 cum
1349 1979 1434 2003 mea
1465 1965 1615 2018 sponte,
1648 1977 1733 2007 tum
1756 1970 1834 2008 tuis

453 2031 710 2075 sermonibus,
733 2030 878 2068 aestimo
899 2031 1076 2084 plurimi.
1122 2032 1229 2084 Ergo
1249 2031 1398 2084 aliquid
1419 2032 1619 2072 conficies.
1667 2034 1832 2074 Praeter-

449 2111 506 2142 ea,
539 2096 564 2134 sn
585 2095 681 2149 quid
706 2094 913 2150 Philippus
935 2097 1099 2149 rogavit,
1130 2096 1236 2149 quod
1257 2097 1297 2135 in
1320 2097 1383 2136 sua
1403 2111 1442 2136 re
1463 2097 1621 2143 faceres,
1653 2099 1692 2137 id
1714 2101 1834 2141 velim

451 2163 582 2201 facias.
617 2161 733 2199 Plura
753 2161 917 2201 scribam
938 2163 983 2201 ad
1006 2172 1057 2209 te,
1088 2177 1181 2203 cum
1201 2163 1435 2203 constiter0:
1467 2178 1573 2204 nunc
1594 2178 1697 2204 eram
1719 2167 1835 2219 plane

450 2231 490 2267 in
512 2226 643 2266 medio
663 2227 775 2266 mari.
