2243 3008
537 240 643 280 AD
701 237 1128 278 ATTICUM
1192 239 1335 278 LIB.
1384 238 1498 279 XVI.
1649 252 1726 295 473

523 471 751 509 C1cERo
798 469 1044 507 PLANCO
1092 469 1280 507 PRAET.
1327 470 1460 507 Des,
1510 470 1548 508 5.

347 601 387 675 J
403 603 439 640 A
457 602 506 640 M
535 610 646 640 antea
676 600 799 653 petivi
825 601 890 638 abs
913 609 950 638 te
970 613 1038 652 per
1057 599 1202 644 literas,
1225 608 1283 645 ut,
1306 613 1398 638 cum
1419 599 1530 638 causa
1551 600 1723 639 Buthro-

426 667 572 705 tiorum
604 666 763 719 probata
786 679 806 703 a
827 665 1068 703 Consulibus
1089 665 1192 708 effet,
1224 665 1369 716 quibus
1392 674 1431 703 et
1451 665 1537 718 lege
1556 675 1594 703 et
1615 666 1723 704 sena-

346 732 616 771 tus-consulto
636 730 863 783 permissum
882 738 974 774 erat,
1006 738 1049 767 ut
1069 729 1116 767 de
1137 729 1296 768 Caesaris
1317 730 1409 769 actis
1432 729 1725 782 cognoscerent,

345 796 568 842 statuerent,
599 796 836 848 judicarent,
873 808 957 833 eam
996 807 1079 832 rem
1114 803 1156 832 tu
1192 794 1418 846 adjuvares,
1463 795 1727 848 Atticumque

346 861 536 906 nostrum,
568 862 680 912 cujus
702 869 739 898 te
760 859 973 897 studiosum
993 858 1177 910 cognovi,
1208 868 1247 896 et
1274 872 1351 903 me,
1383 859 1452 911 qui
1483 872 1562 897 non
1590 860 1722 897 minus

349 927 499 971 laboro,
534 925 708 964 molestia
727 925 923 963 liberares.
975 923 1175 962 Omnibus
1195 925 1301 962 enim
1323 924 1437 962 rebus
1457 937 1598 976 magna
1617 938 1722 969 cura,

347 992 474 1030 multa
494 1005 609 1044 opera
627 1000 667 1030 et
685 991 831 1035 labore,
861 989 1065 1034 confectis,
1096 990 1137 1027 in
1170 998 1206 1027 te
1226 990 1396 1042 positum
1417 989 1484 1034 est,
1517 999 1560 1027 ut
1591 989 1726 1028 nostrae

346 1057 610 1095 solicitudinis
632 1056 751 1094 finem
772 1057 1068 1108 quamprimum
1090 1054 1215 1093 facere
1235 1055 1435 1107 poffimus.
1486 1056 1726 1107 Qanquam

345 1121 608 1174 intelligimus
630 1135 672 1159 ea
692 1130 729 1159 te
749 1120 822 1158 effe
842 1121 1062 1173 prudentia,
1091 1129 1135 1158 ut
1155 1120 1297 1164 videas,
1330 1120 1355 1158 fi
1376 1134 1419 1158 ea
1438 1119 1591 1157 decreta
1611 1121 1722 1158 Con-

351 1186 496 1232 sulum,
528 1201 614 1239 quae
635 1186 682 1224 de
704 1186 861 1224 Caesaris
883 1186 974 1224 affitis
1004 1185 1229 1238 interpofita
1260 1185 1362 1229 sunt,
1398 1198 1477 1222 non
1510 1184 1722 1229 serventur,

347 1265 531 1304 magnam
552 1250 886 1304 perturbationem
914 1263 1045 1288 rerum
1072 1249 1166 1288 fore.
1222 1250 1436 1302 Equidem,
1467 1262 1560 1287 cum
1581 1250 1721 1295 multa,

346 1318 456 1370 quod
475 1317 619 1356 neceffe
649 1326 729 1354 erat
759 1317 800 1353 in
831 1325 937 1354 tanta
967 1317 1239 1368 occupatione,
1270 1329 1349 1353 non
1379 1315 1608 1367 probentur,
1640 1328 1726 1367 quae

348 1383 475 1421 Caesar
494 1383 673 1420 statuerat
689 1401 701 1427 ς
734 1390 864 1419 tamen
888 1382 961 1419 otii
982 1381 1163 1433 pacisque
1185 1380 1294 1418 causa
1313 1382 1497 1418 acerrime
1523 1381 1592 1418 illa
1620 1380 1725 1419 soleo

347 1448 554 1487 defendere
573 1462 583 1486 ε
628 1447 735 1499 quod
771 1446 847 1484 tibi
880 1446 985 1484 idem
1020 1459 1255 1498 magnopere
1293 1446 1519 1483 faciendum
1557 1445 1721 1490 censeo3

347 1525 574 1566 quanquam
594 1510 678 1549 haec
698 1511 858 1563 epistola
878 1524 956 1548 non
979 1511 1137 1548 suasoris
1158 1509 1225 1554 est,
1257 1509 1320 1547 sed
1340 1510 1540 1561 rogatoris.
1583 1511 1725 1562 Igitur,

349 1578 408 1617 mi
429 1578 585 1622 Plance,
616 1590 712 1628 rogo
733 1585 785 1621 te,
812 1584 850 1613 et
869 1576 988 1614 etiarn
1010 1589 1095 1619 oro,
1127 1576 1177 1613 fic
1199 1575 1485 1618 mediusfidius,
1517 1584 1560 1612 ut
1581 1577 1728 1627 majore

348 1643 491 1688 studio,
523 1642 722 1694 magisque
742 1654 789 1680 ex
809 1642 955 1686 animo,
986 1654 1097 1693 agere
1117 1653 1196 1678 non
1225 1640 1377 1692 poffim,
1409 1649 1453 1678 ut
1484 1649 1613 1678 totum
1647 1645 1725 1679 hoc

350 1708 556 1761 negotium
578 1708 632 1746 ita
651 1720 752 1759 agas,
783 1707 836 1744 ita
857 1708 1007 1751 tractes,
1039 1706 1092 1743 ita
1111 1705 1310 1750 conficias,
1334 1713 1392 1750 ut,
1423 1705 1529 1757 quod
1550 1705 1626 1743 fine
1647 1705 1728 1744 ulla

349 1775 595 1813 dubitatione
615 1772 717 1825 apud
738 1772 926 1810 Consules
947 1771 1194 1810 obtinuimus
1217 1779 1374 1823 propter
1395 1770 1587 1808 summam
1609 1771 1727 1809 boni-

350 1848 471 1878 tatem
491 1848 529 1877 et
549 1838 773 1891 aequitatem
794 1837 927 1881 causae,
959 1836 999 1874 id
1028 1846 1072 1874 tu
1103 1849 1171 1874 nos
1193 1835 1402 1874 obtinuisse
1423 1849 1501 1874 non
1527 1835 1645 1874 modo
1664 1837 1726 1874 fa-

350 1905 426 1943 cile
452 1904 610 1957 patiare,
643 1903 704 1941 sed
733 1903 851 1941 etiam
881 1902 1060 1954 gaudeas.
1112 1903 1201 1952 Qa
1230 1901 1392 1953 quidem
1423 1901 1624 1939 voluntate
1654 1901 1727 1939 effe

348 1983 440 2022 erga
469 1969 667 2013 Atticum,
699 1968 793 2021 saepe
823 1967 985 2020 praesens
1017 1976 1056 2005 et
1086 1966 1147 2004 illi
1177 1965 1389 2010 ostendisti,
1421 1975 1459 2003 et
1489 1979 1579 2004 vero
1608 1967 1727 2004 etiam

350 2034 466 2073 mihi.
512 2033 633 2085 Qod
661 2032 685 2070 s1
707 2032 859 2077 feceris,
891 2045 967 2077 me,
999 2045 1118 2084 quem
1139 2031 1339 2069 voluntate
1359 2040 1397 2068 et
1417 2039 1574 2082 paterna
1595 2031 1726 2068 neces-

351 2099 519 2137 situdine
547 2098 802 2149 conjunctum
835 2097 983 2150 semper
1014 2096 1197 2140 habuisti,
1229 2096 1404 2133 maximo
1433 2095 1623 2133 beneficio
1657 2096 1726 2133 de-

351 2165 529 2203 vinctum
550 2162 727 2201 habebis.
775 2162 899 2215 quue
928 2171 972 2201 ut
1001 2161 1118 2201 facias
1141 2171 1177 2199 te
1200 2160 1448 2199 vehementer
1468 2161 1586 2197 etiam
1607 2169 1723 2213 atque

351 2230 470 2269 etiam
492 2241 602 2280 rogo.

450 2459 574 2498 ToM.
605 2458 718 2496 Vm.
1285 2454 1321 2493 O
1354 2467 1376 2493 o
1406 2466 1430 2492 o
