2243 3008
685 247 791 284 AD
850 244 1280 282 ATTICUM
1348 246 1573 284 LIB.I.
1775 261 1814 290 ιι

433 347 552 399 culpa
581 345 668 384 erit.
714 344 835 397 Qod
864 344 905 382 in
931 344 1091 397 epistola
1111 354 1176 382 tua
1197 344 1386 397 scriptum
1407 355 1501 391 erat,
1533 348 1693 399 mejam
1713 347 1817 384 arbi-

434 413 526 451 trari
560 412 802 464 designatum
835 410 935 456 effe,
968 410 1079 455 scito,
1111 410 1214 448 nihil
1247 420 1326 449 tam
1355 412 1572 451 exercitum
1607 411 1679 450 esse
1713 426 1818 450 nunc

432 478 586 522 Romae,
612 490 729 530 quam
751 476 992 520 candidatos,
1023 476 1208 514 omnibus
1229 476 1507 528 iniquitatibus
1526 497 1536 522 ;
1569 491 1640 516 nec
1661 478 1817 530 quando

431 542 565 581 futura
583 543 658 581 sint
682 542 844 580 comitia
873 541 988 580 sciri:
1021 555 1157 580 verum
1187 541 1270 580 haec
1300 542 1431 581 audies
1462 542 1508 580 de
1539 542 1815 595 Philadelpho.

432 609 500 646 Tu
527 608 661 654 velim,
693 621 778 661 quae
810 607 1031 645 Academiae
1062 607 1196 646 nostrae
1216 607 1369 660 parasti,
1401 609 1696 661 quamprimum
1719 609 1817 646 mit-

431 683 487 712 tas
505 689 515 712 :
538 675 637 712 mire
657 687 775 726 quam
795 673 903 711 illius
924 673 1003 711 loci
1024 687 1103 711 non
1123 673 1243 712 modo
1265 673 1368 719 usus,
1391 673 1454 712 sed
1474 675 1592 712 etiam
1613 675 1815 725 cogitatio,

429 740 608 779 delectat.
655 739 797 778 Libros
827 753 917 778 vero
949 749 1036 778 tuos
1068 753 1158 778 cave
1187 740 1374 792 cuiquam
1399 740 1537 779 tradas.
1585 740 1715 779 Nobis
1736 753 1816 783 eos,

430 805 765 858 quemadmodum
797 805 949 852 scribis,
980 806 1176 844 conserva.
1228 806 1438 844 Summum
1470 820 1533 844 me
1564 820 1701 844 eorum
1735 805 1814 842 stu-

430 871 542 910 dium
564 881 683 916 tenet,
716 871 813 909 ficut
842 871 979 910 odium
1002 872 1087 924 jam
1116 880 1342 910 caeterarum
1373 885 1533 916 rerum,
1565 885 1659 924 quas
1688 879 1731 909 tu
1751 871 1814 910 in-

431 936 619 974 credibile
639 936 692 974 est
711 950 829 988 quam
851 937 958 975 brevi
979 946 1154 989 tempore
1183 947 1332 988 quanto
1362 936 1569 976 deteriores
1599 936 1816 975 offensurus

430 1001 492 1047 fiS,
524 1015 643 1055 quam
663 1001 868 1054 reliquisti.

769 1203 1010 1241 CICERO
1049 1204 1304 1241 ATTlco
1345 1203 1473 1241 SAL.

429 1332 525 1370 XII.
551 1327 683 1403 TE
698 1333 737 1370 U
751 1333 783 1370 C
799 1333 836 1370 R
852 1333 869 1369 Ι
885 1332 906 1369 S
938 1331 1006 1369 illa
1025 1330 1180 1369 lentum
1202 1331 1287 1370 sane
1307 1331 1542 1383 negotium;
1565 1343 1692 1383 neque
1713 1333 1814 1369 Cor-

659 1397 785 1435 nelius
806 1397 853 1435 ad
874 1397 1102 1435 Terentiam
1123 1397 1251 1449 postea
1271 1397 1400 1435 rediit.
1435 1397 1604 1449 Opin0r‚
1636 1396 1683 1435 ad
1705 1398 1815 1435 Con-

429 1463 584 1509 fidium,
616 1464 782 1508 Axium,
816 1463 1018 1508 Selicium,
1050 1462 1364 1516 confugiendum
1385 1462 1465 1500 est:
1499 1476 1588 1500 nam
1614 1477 1633 1500 a
1655 1463 1817 1501 Caecilio

428 1530 643 1582 propinqui
673 1529 826 1567 minore
853 1528 1073 1566 centesimis
1104 1543 1318 1567 nummum
1347 1541 1504 1566 movere
1531 1542 1609 1566 non
1643 1529 1812 1581 poffunt.

430 1594 518 1639 Sed,
541 1604 585 1632 ut
605 1594 652 1632 ad
674 1595 799 1646 prima
818 1594 887 1632 illa
906 1593 1075 1639 redeam,
1101 1594 1202 1632 nihil
1223 1608 1296 1647 ego
1317 1595 1384 1632 illa
1404 1593 1690 1646 impudentius,
1712 1593 1815 1632 astu-

428 1660 524 1704 tius,
555 1659 716 1704 lentius,
747 1658 842 1697 vidi.
890 1659 1099 1696 Libertum
1127 1661 1274 1705 mitt0;
1307 1661 1406 1697 Tito
1432 1659 1641 1705 mandavi,
1674 1652 1817 1709 σκῆῲετς

426 1734 544 1777 atque
563 1719 735 1768 οἰναὲολαὶ.
782 1723 855 1762 Sed
875 1724 1004 1762 nescio
1024 1737 1071 1762 an
1091 1723 1289 1773 ταυτὸμοιπν
1309 1721 1406 1771 ἡμῶν.
1440 1726 1548 1763 Nam
1567 1725 1669 1763 mihi
1691 1725 1814 1763 Pom-

426 1790 555 1844 peiani
576 1789 778 1842 prodromi
799 1790 998 1833 nuntiant,
1020 1799 1150 1842 aperte
1170 1790 1406 1842 Pompeium
1427 1792 1619 1835 aelurum,
1637 1792 1816 1830 Antonio

429 1855 582 1894 succedi
603 1864 806 1908 oportere,
829 1854 1046 1907 eodemque
1067 1864 1243 1907 tempore
1263 1864 1350 1906 aget
1371 1856 1516 1893 Praetor
1537 1855 1582 1892 ad
1605 1857 1814 1908 populum.

428 1922 507 1960 Res
528 1921 720 1973 ejusmodi
740 1921 808 1966 est,
831 1930 874 1959 ut
894 1935 967 1974 ego
989 1934 1059 1959 nec
1079 1933 1148 1973 per
1169 1920 1379 1965 bonorum,
1405 1934 1476 1958 nec
1498 1934 1566 1973 per
1584 1922 1815 1973 popularem

426 1988 772 2034 existimationem,
793 1987 953 2026 honeste
973 1987 1112 2040 poffim
1131 1986 1338 2025 hominem
1358 1986 1590 2032 defendere,
1623 2002 1693 2026 nec
1715 1988 1815 2028 mihi

426 2054 562 2099 libeat,
593 2054 699 2106 quod
719 2054 780 2092 vel
802 2054 1023 2093 maximum
1043 2053 1110 2092 est.
1152 2053 1314 2092 Etenim
1335 2053 1479 2092 accidit
1500 2052 1593 2098 hoc,
1623 2054 1728 2106 quod
1752 2064 1814 2092 to-

428 2131 516 2159 tum
537 2120 759 2173 cujusmodi
780 2121 839 2166 fit,
871 2120 1015 2159 mando
1037 2120 1127 2165 tibi,
1159 2129 1203 2158 ut
1233 2120 1454 2173 perspicias.
1503 2120 1711 2158 Libertum
1742 2134 1815 2173 ego

427 2185 567 2231 habeo,
604 2186 689 2224 sane
724 2200 892 2239 nequam
926 2186 1146 2232 hominem,
1192 2186 1379 2225 Hilarum
1415 2186 1519 2230 dico,
1562 2187 1816 2225 ratiocinato-

428 2265 525 2297 rem,
557 2261 595 2290 et
615 2253 802 2290 clientem
823 2261 952 2291 tuum.
1000 2253 1062 2291 De
1088 2265 1134 2290 eo
1164 2251 1266 2290 mihi
1297 2252 1475 2289 Valerius
1497 2252 1687 2304 interpres
1709 2266 1813 2292 nun-

427 2317 514 2362 tiat,
547 2317 782 2371 Chiliusque
816 2318 852 2356 se
886 2318 1028 2357 audiffe
1062 2318 1198 2356 scribit
1231 2316 1343 2363 haec,
1375 2317 1447 2355 effe
1481 2317 1687 2356 hominem
1721 2333 1814 2358 cum

430 2383 634 2429 Antonio;
662 2384 886 2423 Antonium
906 2398 1022 2438 porro
1043 2384 1083 2422 in
1105 2383 1290 2436 cogendis
1311 2384 1489 2437 pecuniis
1511 2384 1700 2429 dictitare,
1723 2399 1812 2436 par—

431 2457 513 2484 tem
533 2447 634 2486 mihi
655 2451 790 2500 quaeri,
821 2459 860 2489 et
889 2464 910 2488 a
935 2464 999 2489 me
1028 2449 1230 2488 custodem
1259 2450 1484 2489 communis
1505 2449 1669 2502 quastus
1692 2450 1812 2487 liber-

434 2523 520 2550 tum
551 2512 623 2551 effe
652 2514 823 2555 miffum.
870 2517 966 2557 Non
1000 2515 1088 2555 sum
1119 2515 1372 2556 mediocriter
1404 2524 1658 2561 commotus,
1691 2528 1815 2568 neque

1435 2582 1465 2618 B
1498 2593 1517 2618 2
