2243 3008
509 248 617 286 AD
675 244 1105 284 ATTICUM
1173 246 1315 285 LIB.
1366 249 1419 287 X.
1580 262 1657 302 293

272 345 515 388 convectore,
546 342 708 380 usurum
734 351 846 394 put0.
894 342 1045 381 Crebro
1064 341 1221 380 refricat
1242 343 1456 396 lippitudO,
1490 359 1569 384 non
1591 346 1660 384 illa

271 409 434 461 quidem
455 407 669 461 perodiosa,
688 407 750 446 sed
772 417 903 446 tamen
924 422 1010 461 quae
1030 407 1219 460 impediat
1239 408 1493 461 scriptionem
1513 424 1657 451 meam.

273 474 552 512 Valetudinem
583 483 689 512 tuam
717 475 801 525 jam
832 473 1105 512 confirmatam
1135 472 1207 512 effe
1238 482 1277 512 et
1307 487 1329 511 a
1359 483 1486 513 vetere
1517 477 1659 514 morbo

270 549 309 577 et
341 553 363 577 a
401 540 512 578 novis
553 539 836 577 tentationibus
873 539 1040 592 gaudeo.
1092 539 1274 577 Ocellam
1314 539 1457 579 vellem
1494 539 1659 579 habere-

270 618 388 643 mus:
432 605 615 643 videntur
649 605 756 643 enim
791 603 863 644 esse
896 604 981 643 haec
1013 605 1133 656 paulo
1163 604 1353 643 faciliora.
1412 606 1535 644 Nunc
1566 607 1658 658 qui-

270 669 362 708 dem
382 670 664 721 aequinoetium
685 683 754 708 nos
776 679 964 714 moratur,
995 670 1104 722 quod
1123 669 1233 708 valde
1262 670 1535 722 perturbatum
1562 681 1658 710 erat.

272 735 319 773 Id
351 735 377 772 si
410 727 537 781 ιἰκφαές
567 736 656 780 erit,
688 736 840 774 utinam
869 735 976 774 idem
996 744 1150 774 maneat
1172 736 1433 774 Hortensius:
1467 736 1660 788 fiquidem

272 810 315 838 ut
336 799 464 838 adhuc
485 810 579 846 erat,
612 800 810 839 liberalius
831 800 903 838 effe
930 800 1032 839 nihil
1064 800 1202 854 potest.
1248 802 1310 838 De
1341 800 1557 853 diplomate
1589 803 1658 839 ad-

270 866 423 904 miraris
444 865 548 916 quafi
570 865 700 904 nescio
720 867 833 918 cujus
855 876 892 904 te
912 866 1052 918 flagitii
1073 866 1354 904 infimularem.
1399 867 1530 919 Negas
1551 867 1660 905 enim

271 941 310 969 te
331 930 510 984 reperire,
543 931 612 983 qui
634 931 734 970 mihi
755 931 795 969 id
816 933 857 969 in
879 941 1054 970 mentem
1074 932 1237 970 venerit.
1281 933 1370 983 Ego
1390 941 1536 976 autem,
1567 933 1663 983 quia.

270 997 470 1049 scripseras
511 1007 548 1034 te
587 997 782 1049 proficisci
816 998 1001 1050 cogitare,
1050 998 1215 1049 (etenim
1249 998 1462 1042 audieram,
1508 998 1662 1036 nemini

271 1063 383 1100 aliter
413 1062 547 1113 licere)
577 1076 622 1100 eo
652 1073 689 1101 te
720 1063 862 1101 habere
894 1063 1113 1108 censebam,
1144 1072 1183 1101 et
1211 1063 1303 1115 quia
1322 1064 1452 1115 pueris
1485 1063 1662 1116 diploma

271 1127 500 1180 sumpseraS.
544 1127 679 1165 Habes
714 1128 867 1166 causam
901 1129 1100 1180 opinionis
1135 1141 1257 1166 meae:
1301 1137 1340 1165 et
1375 1137 1503 1166 tamen
1538 1128 1661 1166 velim

271 1193 367 1230 scire
397 1191 495 1243 quid
527 1193 691 1244 cogites,
722 1193 763 1230 in
793 1193 1009 1246 primisque
1037 1193 1064 1231 fi
1093 1192 1191 1246 quid
1211 1193 1328 1231 etiam
1349 1207 1456 1232 nunc
1477 1194 1571 1232 novi
1589 1193 1658 1234 est.

270 1258 408 1297 Xvn.
431 1256 522 1295 Ka1.
546 1257 642 1307 jun.

607 1458 850 1497 ClcERo
890 1459 1147 1497 ATT1co
1190 1458 1321 1496 SAL.

272 1585 430 1624 XVIII.
457 1581 776 1656 TULLIA
816 1597 903 1622 mea
935 1583 1087 1636 peperit
1122 1598 1200 1623 X1v
1235 1583 1325 1622 Kal.
1359 1584 1456 1635 Jun.
1492 1597 1667 1636 puerum

563 1644 787 1698 ε’πἾαμηνιαΞεν.
832 1649 952 1701 Qod
973 1644 1128 1690 ἦεῙΙέκηαεν,
1160 1649 1406 1701 gaudebam:
1440 1649 1546 1701 quod
1568 1651 1661 1702 qui-

271 1716 362 1754 dem
382 1715 435 1754 est
456 1725 608 1759 natum,
639 1715 960 1767 perimbecillum
981 1714 1048 1752 est.
1095 1715 1167 1753 Me
1195 1714 1362 1754 mirifice
1392 1715 1662 1767 tranquillita-

270 1791 327 1820 tes
348 1780 476 1820 adhuc
499 1789 723 1824 tenuerunt,
742 1790 857 1831 atque
874 1782 1019 1833 majore
1040 1780 1328 1833 impedimento
1347 1779 1523 1826 fuerunt,
1541 1794 1663 1832 quam

272 1846 471 1892 custodiae,
503 1846 649 1899 quibus
682 1844 858 1883 affervor.
905 1846 1012 1884 Nam
1033 1845 1102 1883 illa
1120 1845 1381 1884 Hortensiana
1400 1845 1534 1882 omnia
1552 1844 1662 1883 fuere

272 1911 465 1950 infantia:
498 1912 551 1950 ita
582 1910 650 1949 fiet
681 1910 803 1948 homo
836 1910 1106 1963 nequissimus.
1151 1913 1189 1949 A
1211 1911 1338 1948 Salvio
1358 1910 1502 1948 liberto
1522 1909 1662 1963 depra-

271 1986 381 2016 vatus
402 1977 469 2017 est.
514 1979 651 2030 Itaque
671 1976 831 2029 posthac
852 1990 931 2015 non
952 1977 1118 2015 scribam
1140 1977 1186 2014 ad
1208 1986 1245 2014 te
1266 1975 1363 2029 quid
1383 1975 1554 2014 facturus
1575 1976 1662 2022 fim,

272 2042 336 2080 sed
356 2042 454 2095 quid
473 2040 650 2081 fecerim.
699 2042 850 2080 Omnes
883 2042 990 2080 enim
1022 2037 1197 2095 Κωρυκοᾶοι
1223 2041 1406 2079 videntur
1433 2040 1662 2078 subauscul-

273 2117 368 2153 tare,
398 2122 485 2161 quae
517 2108 673 2161 loquor.
720 2109 787 2146 Tu
817 2117 947 2147 tamen
969 2108 995 2146 fi
1023 2106 1120 2160 quid
1141 2106 1187 2145 de
1207 2107 1427 2159 Hispaniis,
1459 2106 1533 2144 five
1564 2105 1663 2158 quid

274 2171 395 2218 aliud,
425 2186 543 2226 perge
563 2172 692 2226 quaeso
713 2172 878 2211 scribere
894 2191 907 2218 ;
939 2186 1011 2211 nec
1038 2185 1142 2210 meas
1170 2172 1299 2209 literas
1332 2170 1559 2223 expectaris,
1590 2169 1662 2207 nifi

274 2249 383 2282 cum,
414 2251 494 2290 quo
513 2247 624 2290 opto,
656 2239 962 2290 pervenerimus,
993 2247 1060 2276 aut
1081 2237 1106 2275 fi
1127 2236 1223 2288 quid
1244 2249 1291 2274 ex
1311 2235 1440 2274 cursu.
1488 2234 1560 2272 Sed
1583 2233 1663 2272 hoc

275 2313 434 2353 quoque
463 2302 603 2340 timide
634 2303 789 2341 scribo:
820 2304 875 2341 ita
906 2303 1040 2341 omnia
1068 2301 1173 2339 tarda
1203 2299 1332 2338 adhuc
1360 2293 1402 2338 ¹et
1434 2298 1557 2352 spiffa.
1604 2300 1663 2337 Ut

273 2365 376 2403 male
410 2366 610 2418 posuimus
645 2368 772 2413 initia,
811 2369 861 2406 fic
897 2377 1034 2406 caetera
1066 2366 1298 2419 sequuntur.
1343 2365 1522 2403 Formias
1555 2377 1662 2402 nunc

275 2429 500 2483 sequimur,
532 2430 667 2470 eadem
696 2445 766 2472 nos
798 2433 952 2473 fortaffe
983 2432 1095 2473 furiae
1123 2431 1417 2486 persequentur.
1464 2431 1527 2470 Ex
1547 2429 1664 2468 Balbi
