2243 3008
481 249 557 300 196
806 243 1494 286 EPISTOLAR'UM

479 347 578 400 quin
597 346 646 385 ad
666 346 864 393 Pisonem,
893 347 992 400 quin
1013 347 1060 385 ad
1090 347 1282 393 Servium,
1314 347 1536 400 scripserit:
1567 346 1669 388 illud
1695 346 1874 386 admiror

479 427 559 451 non
580 412 709 466 ipsum
729 412 776 450 ad
796 427 859 450 me
881 412 1077 465 scripsisse,
1101 425 1178 450 non
1201 426 1268 465 per
1290 413 1555 459 Dolabellam,
1587 426 1666 452 non
1687 427 1756 467 per
1776 414 1867 451 Cae-

480 479 598 524 lium,
628 477 771 530 egifl'e:
803 491 1029 530 quanquam
1050 491 1128 515 non
1149 477 1329 530 aspernor
1348 479 1528 517 Trebatii
1560 479 1706 525 literas,
1737 493 1758 517 a
1788 493 1870 532 quo

480 557 546 582 me
566 544 682 582 unice
703 542 816 596 diligi
838 543 932 581 scio.
966 542 1157 595 Rescripfi
1178 542 1225 580 ad
1246 543 1498 589 Trebatium,
1533 545 1642 596 (nam
1662 545 1709 582 ad
1739 545 1870 597 ipsum

481 609 687 654 Caesarem,
718 609 788 661 qui
819 608 920 647 mihi
955 608 1057 647 nihil
1093 608 1307 661 scripsisset,
1339 609 1469 660 nolui)
1503 622 1623 662 quam
1656 610 1759 648 illud
1791 609 1870 649 hoc

481 685 659 728 tempore
678 674 769 713 effet
789 674 978 712 difficile:
1012 687 1075 712 me
1097 683 1225 712 tamen
1247 674 1288 712 in
1320 675 1473 728 praediis
1498 675 1596 713 meis
1625 675 1713 721 esse,
1744 689 1872 729 neque

480 740 679 779 delectum
699 740 845 785 ullum,
874 753 1004 793 neque
1022 740 1244 792 negotium,
1274 740 1490 794 suscepisse.
1535 741 1583 779 In
1610 754 1691 793 quo
1711 741 1879 792 quidem

482 806 668 852 manebo,
697 805 793 845 dum
815 806 898 859 spes
919 806 1026 858 pacis
1047 806 1149 844 erit:
1180 805 1236 843 fin
1259 806 1411 845 bellum
1436 815 1593 859 geretur
1608 824 1620 852 ς
1653 819 1732 844 non
1759 805 1876 846 deero

483 868 632 917 officio,
662 885 735 910 nec
756 871 941 924 dignitati
962 885 1072 916 meae‚
1103 884 1244 924 pueros
1264 867 1470 919 ὑπεκθέμενος
1488 873 1529 910 in
1552 872 1776 911 Graeciam:
1808 881 1874 910 to-

485 947 566 976 tam
586 937 695 976 enim
715 937 871 976 Italiam
891 937 1139 989 flagraturam
1155 936 1262 975 bello
1276 936 1475 989 intelligo.
1498 939 1679 976 Tantum
1694 938 1789 976 mali
1804 951 1877 977 ex-

483 1002 654 1042 citatum
669 1001 813 1054 partim
830 1015 878 1040 ex
893 1001 1104 1054 improbis,
1120 1002 1264 1054 partim
1280 1014 1329 1039 ex
1348 1001 1493 1041 invidis
1509 1002 1678 1042 civibus.
1703 1003 1776 1042 Sed
1792 1001 1877 1041 haec

485 1067 620 1121 paucis
640 1066 780 1105 diebus
799 1080 848 1105 ex
868 1066 977 1105 illius
1007 1067 1055 1105 ad
1083 1066 1213 1106 nostra
1240 1066 1418 1120 responsa
1437 1067 1623 1121 responfis
1645 1068 1877 1122 intelligen-

485 1142 566 1178 tur,
595 1131 785 1185 quorsum
803 1131 959 1171 evasura
977 1132 1082 1172 fint..
1113 1134 1226 1172 Tum
1255 1132 1304 1170 ad
1335 1141 1374 1170 te
1404 1132 1571 1172 scribam
1599 1134 1726 1187 plura,
1758 1134 1785 1172 fi
1804 1133 1881 1172 erit

488 1198 640 1236 bellum
658 1212 670 1237 z
698 1197 756 1236 fin
775 1206 908 1236 autem
927 1197 1048 1236 etiam
1067 1197 1253 1243 induciae,
1275 1207 1312 1236 te
1332 1197 1478 1251 ipsum,
1509 1208 1554 1237 ut
1574 1199 1699 1252 spero,
1719 1198 1879 1238 videbo.

487 1264 577 1315 Ego
600 1276 643 1301 ιν
666 1263 779 1301 Non.
802 1263 920 1302 Febr.
938 1276 1020 1316 quo
1039 1263 1102 1301 die
1121 1262 1190 1301 has
1211 1263 1342 1302 literas
1362 1263 1468 1309 dedi,
1490 1264 1531 1302 in
1552 1264 1780 1310 Formiano,
1798 1277 1882 1317 quo

488 1330 625 1381 Capua
645 1328 850 1374 redieram,
878 1329 1064 1368 mulieres
1085 1330 1339 1382 expectabam
1353 1349 1367 1375 3
1397 1329 1544 1383 quibus
1564 1329 1727 1383 quidem
1754 1330 1881 1383 scrip-

490 1395 612 1433 seram
633 1394 712 1433 tuis
738 1394 863 1433 literis
890 1395 1133 1442 admonitus,
1163 1405 1208 1434 ut
1238 1397 1377 1435 Romoe
1406 1405 1636 1435 manerent:
1668 1396 1733 1435 sed
1763 1395 1884 1434 audio

489 1461 680 1514 majorem
701 1460 899 1513 quendam
918 1461 960 1499 in
982 1462 1079 1500 urbe
1098 1462 1283 1500 timorem
1303 1462 1390 1501 effe.
1437 1463 1582 1515 Capuae
1614 1463 1726 1501 Non.
1761 1462 1881 1501 Febr.

491 1525 565 1565 effe
582 1526 780 1572 volebam,
810 1527 904 1580 quia
936 1527 1127 1578 Consules
1154 1527 1356 1580 jufferant.
1403 1527 1615 1580 Qidquid
1646 1527 1727 1566 huc
1757 1527 1834 1565 erit
1862 1540 1886 1565 a

492 1592 684 1645 Pompeio
704 1592 883 1638 allatum,
912 1592 1043 1632 statim
1063 1593 1110 1632 ad
1132 1602 1170 1632 te
1189 1592 1356 1632 scribam
1373 1611 1385 1638 3
1418 1592 1581 1647 tuasque
1600 1593 1648 1632 de
1667 1592 1749 1632 istis
1769 1592 1886 1631 rebus

490 1657 621 1696 literas
641 1657 870 1711 expectabo.

830 1858 1074 1897 C1ctno
1114 1860 1372 1898 ATT1co
1413 1860 1546 1898 SAL.

500 1986 659 2027 XVIII.
684 1985 958 2073 QUART
975 1987 1012 2025 O
1043 1987 1155 2027 Non.
1180 1988 1297 2026 Febr.
1332 1988 1517 2027 mulieres
1545 1987 1680 2027 nostrae
1710 1988 1889 2028 Formias

782 2061 987 2098 venerunt,
1021 2062 1164 2106 tuaque
1185 2066 1274 2106 erga
1295 2053 1331 2092 se
1351 2055 1481 2092 officia
1501 2054 1616 2107 plena
1636 2054 1695 2093 tui
1716 2055 1889 2094 suaviffi-

500 2118 557 2157 mi
584 2117 701 2156 studii
729 2117 962 2157 attulerunt.
1010 2119 1085 2158 Eas
1117 2133 1205 2172 ego,
1237 2120 1365 2173 quoad
1398 2120 1585 2159 sciremus
1615 2130 1750 2159 utrum
1783 2120 1891 2173 turpi

502 2197 594 2237 pace
616 2183 746 2229 nobis,
776 2197 826 2222 an
845 2184 986 2223 misero
1007 2185 1127 2230 bello,
1158 2186 1249 2224 esset
1271 2187 1478 2232 utendum,
1509 2187 1550 2225 in
1578 2187 1792 2225 Formiano
1817 2185 1891 2224 esse

502 2249 626 2295 volui,
652 2259 690 2287 et
712 2262 790 2287 una
808 2250 1019 2289 Cicerones
1039 2267 1048 2290 ε
1081 2251 1161 2305 ipsc
1182 2266 1274 2291 cum
1296 2252 1413 2291 fratre
1434 2254 1611 2305 Capuam
1631 2252 1677 2290 ad
1699 2252 1892 2291 Consules

506 2315 657 2367 (Nonis
678 2316 785 2353 enim
805 2315 925 2355 adesse
941 2317 1031 2369 juffi
1054 2317 1205 2368 sumus)
1233 2331 1286 2357 111
1313 2319 1423 2358 Non.
1446 2317 1644 2372 profectus
1667 2318 1766 2363 sum,
1798 2332 1893 2358 curn

504 2381 573 2420 has
595 2381 724 2419 literas
745 2381 849 2419 dedi.
896 2383 1093 2435 Responsa
1125 2384 1303 2437 Pompeii
1333 2394 1440 2437 grata
1469 2384 1632 2437 populo,
1663 2394 1702 2423 ct
1731 2385 1894 2438 probata

505 2446 704 2491 concioni,
720 2446 792 2484 effe
813 2446 1014 2487 dicuntur.
1050 2450 1106 2487 Ita
1123 2458 1314 2503 putaram.
1339 2452 1439 2503 Qae
1454 2450 1616 2503 quidem
1639 2451 1706 2489 ille
1727 2451 1752 2489 si
1775 2464 1892 2504 repu-

507 2513 638 2560 diarit,
654 2513 802 2566 jacebit
820 2528 830 2553 2
862 2514 888 2554 fi
910 2516 1103 2569 acceperit
1119 2545 1128 2556 .
1150 2545 1159 2556 .
1181 2547 1190 2556 .
1211 2517 1359 2557 Utrum
1382 2517 1517 2572 igitur,
1549 2517 1720 2572 inquies,
1742 2517 1893 2558 mavis?
