2243 3008
526 305 634 344 AD
691 302 1122 342 ATTICUM
1188 303 1330 345 LIB.
1380 306 1496 347 XVI.
1626 309 1706 362 463

321 414 437 455 grave
456 399 648 445 fecerunt,
679 399 1061 450 concionantemque
1088 399 1346 452 reliquerunt.
1390 403 1501 455 Qid
1532 405 1704 456 quaeris?

322 468 465 505 ducem
485 466 521 503 se
541 465 762 518 profitetur,
794 477 865 502 nec
886 477 955 502 nos
977 464 1048 502 fibi
1069 474 1180 517 putat
1201 465 1321 504 deess‘e
1341 477 1533 519 oportere.
1575 471 1706 522 Equi-

322 532 413 570 dem
433 531 541 575 suafi,
573 539 617 568 ut
647 531 817 569 Romam
839 539 1013 582 pergeret
1032 544 1041 568 ε
1073 530 1228 569 videtur
1247 532 1354 570 enim
1374 532 1477 570 mihi
1502 543 1541 571 et
1569 535 1707 586 plebe-

323 597 454 635 culam
475 596 679 641 urbanam,
702 606 755 641 et,
782 596 809 634 fi
830 595 947 633 fidem
968 595 1121 641 fecerit,
1143 597 1261 634 etiam
1282 598 1406 636 bonos
1427 598 1545 644 viros,
1577 600 1709 638 secum

322 661 546 700 habiturus.
594 662 630 699 O
653 662 788 706 Brute,
821 660 889 698 ubi
909 674 948 698 es
968 662 981 698 ?
1013 670 1200 712 quantam
1219 660 1380 715 εὐκαιρίαν
1398 664 1547 702 amittis
1567 665 1580 701 ?
1612 666 1709 703 Non

323 727 509 780 equidem
542 725 619 765 hoc
653 726 839 771 divinavi,
885 725 948 763 sed
981 726 1132 778 aliquid
1165 727 1240 765 tale
1272 729 1407 780 putavi
1442 727 1540 768 fore.
1586 730 1709 769 Nunc

323 802 440 831 tuum
461 791 668 830 confilium
687 792 867 844 exquiro.
914 791 1137 829 Romamne
1155 793 1285 837 venio,
1315 805 1362 830 an
1390 792 1456 831 hic
1477 808 1630 841 maneo,
1661 809 1711 834 an

324 857 527 910 Arpinum
550 853 766 908 (ἀσφάλειαν
785 855 902 894 habet
922 857 954 894 is
976 855 1105 906 locus)
1129 856 1281 909 fugiam
1300 858 1313 894 ?
1346 858 1515 896 Romam
1533 879 1545 904 5
1571 874 1619 898 ne
1639 860 1709 897 de-

326 922 549 966 fideremur,
575 921 601 958 fi
623 920 720 973 quid
739 923 868 959 aetum
888 921 1100 960 videbitur.
1133 922 1226 960 Hoc
1246 923 1369 974 igitur
1387 924 1554 976 explica.
1587 926 1710 963 Nun-

324 1001 444 1040 quam
465 988 506 1025 in
527 988 672 1039 majore
690 984 810 1036 ὶὲπυρίᾳ
829 986 903 1026 fui.

660 1186 902 1224 CICERO
944 1187 1199 1224 ATT1co
1243 1187 1379 1226 SAL.

328 1315 403 1354 IX.
427 1313 489 1386 B
506 1314 637 1352 INAE
668 1327 748 1352 uno
769 1314 831 1352 die
850 1314 952 1353 mihi
973 1314 1094 1352 literae
1114 1314 1161 1351 ab
1184 1314 1375 1352 octavio:
1405 1329 1512 1354 nunc
1533 1317 1713 1369 quidem,

522 1390 565 1418 ut
590 1380 762 1417 Romam
782 1379 912 1418 statim
931 1380 1085 1418 veniam
1102 1398 1113 1424 ς
1146 1379 1246 1417 velle
1266 1379 1303 1417 se
1322 1394 1405 1419 rem
1426 1395 1536 1433 agere
1556 1396 1625 1434 per
1645 1384 1713 1421 Se-

327 1454 465 1484 natum
484 1460 493 1484 :
525 1445 589 1483 cui
611 1457 698 1497 ego,
729 1458 809 1483 non
829 1444 933 1498 poffe
954 1445 1140 1482 Senatum
1159 1454 1248 1482 ante
1268 1445 1358 1484 Kal.
1382 1447 1471 1497 Jan.
1495 1448 1601 1498 quod
1622 1449 1714 1500 qui-

329 1511 419 1550 dem
440 1512 494 1549 ita
514 1510 644 1548 credo.
677 1510 751 1548 Ille
771 1520 902 1549 autem
921 1509 1044 1555 addit,
1075 1509 1208 1560 cotfilio
1228 1517 1302 1549 tuo.
1334 1512 1444 1563 Qid
1464 1512 1590 1550 multa
1608 1514 1622 1549 ?
1647 1514 1716 1552 ille

330 1585 443 1628 urget
462 1592 470 1614 z
503 1589 576 1627 ego
596 1584 727 1613 autem
747 1573 953 1622 σκήπτομοα.
993 1575 1088 1613 Non
1110 1574 1268 1613 confido
1288 1577 1391 1614 aetati
1409 1591 1418 1615 :
1450 1577 1605 1629 ignoro,
1636 1592 1717 1630 quo

329 1643 463 1680 animo
482 1657 490 1679 :
524 1641 579 1678 nil
608 1640 685 1678 fine
708 1640 826 1678 Pansa
846 1649 915 1678 tuo
934 1640 1039 1679 volo.
1083 1640 1244 1686 Vereor,
1274 1654 1323 1678 ne
1342 1642 1464 1680 valeat
1484 1643 1684 1682 Antonius
1704 1659 1714 1682 :

332 1720 405 1745 nec
426 1721 446 1746 a
465 1707 563 1745 mari
583 1705 777 1743 discedere
799 1705 924 1751 libet;
956 1715 995 1744 et
1024 1714 1173 1750 metuo,
1204 1719 1253 1744 ne
1282 1721 1368 1759 quae
1396 1705 1522 1758 ἀριςε-ἱα,
1551 1722 1614 1746 me
1644 1709 1715 1746 ab-

331 1772 451 1811 sente.
494 1773 660 1810 Varroni
689 1771 851 1824 quidem
878 1771 1059 1824 displicet
1087 1772 1295 1810 confilium
1325 1773 1463 1825 pueri5
1495 1773 1597 1812 mihi
1619 1787 1714 1814 non.

333 1838 485 1877 Firmas
520 1837 650 1890 copias
685 1835 802 1874 habet
822 1852 830 1874 ε
864 1838 1033 1876 Brutum
1067 1835 1209 1875 habere
1242 1838 1367 1890 potest
1386 1853 1394 1877 ε
1427 1847 1466 1876 et
1499 1852 1582 1877 rem
1615 1839 1717 1890 gerit

332 1903 491 1956 palam;
523 1903 716 1941 centuriat
738 1903 908 1956 Capuae;
941 1903 1175 1942 dinumerat.
1210 1903 1298 1955 Jam
1315 1905 1476 1957 jamque
1497 1904 1609 1943 video
1631 1904 1716 1942 bel-

332 1969 434 2008 lum.
479 1968 545 2007 Ad
574 1967 657 2006 haec
686 1968 866 2007 rescribe.
912 1970 950 2008 T
954 1969 1185 2009 abellarium
1212 1983 1348 2009 meum
1374 1970 1562 2009 Kalendis
1589 1970 1740 2008 Roma.

333 2035 556 2089 profectum
574 2035 652 2073 fine
673 2035 750 2074 tuis
771 2035 895 2074 literis
915 2035 1052 2075 miror.

667 2235 910 2272 ClenRo
951 2235 1206 2274 A'r‘r1co
1249 2235 1380 2273 SAL.

337 2363 391 2403 X.
416 2361 493 2435 U
508 2364 547 2401 T
576 2363 666 2401 veni
685 2362 731 2400 ad
752 2376 815 2401 me
834 2363 876 2401 in
898 2362 1182 2408 Sinueffanum,
1198 2362 1337 2401 eodem
1357 2362 1420 2400 die
1439 2361 1560 2414 vulgo
1578 2363 1720 2416 loque-

516 2428 658 2466 bantur
677 2428 901 2467 Antonium
922 2427 1148 2467 mansurum
1168 2427 1240 2466 effe
1261 2427 1436 2466 Cafilini.
1469 2428 1606 2480 Itaque
1627 2442 1719 2466 rnu-

338 2495 416 2534 tavi
438 2494 672 2532 confilium:
705 2492 908 2533 statueram
938 2495 1046 2533 enim
1077 2495 1178 2532 resta
1197 2494 1328 2547 Appia
1357 2493 1542 2531 Romam.
1588 2493 1721 2531 Facile

339 2573 404 2599 me
423 2559 492 2599 ille
511 2558 602 2598 effet
621 2557 829 2598 affecutus:
853 2560 963 2599 aiunt
982 2559 1090 2599 enim
1108 2573 1201 2598 eum
1222 2558 1411 2598 Caesarina
1426 2558 1486 2597 uti
1506 2557 1719 2599 celeritate.
