2243 3008
479 261 557 301 ·134
820 243 1507 284 EPISTOLARUM

476 347 654 386 triduum
676 346 874 398 Apameae,
892 343 1058 383 totidem
1075 343 1155 381 dies
1173 343 1364 394 Synnade,
1380 343 1601 381 audivimus
1618 340 1719 380 nihil
1736 341 1858 386 aliud,

478 413 548 452 nifi
570 407 980 463 imperataimnecpazm
1009 409 1153 447 solvere
1180 421 1257 446 non
1280 408 1406 460 poffe:
1439 406 1518 446 ὠνὰς
1549 408 1731 446 omnium
1761 421 1857 445 ven-

477 477 603 516 ditas:
635 476 839 514 civitatum
860 473 1046 526 gemitus,
1076 473 1265 525 ploratus,
1297 472 1466 511 monstra
1485 472 1661 524 quaedam
1683 485 1760 510 non
1783 470 1859 510 ho-

479 544 613 587 minis,
645 541 707 580 sed
728 541 817 580 ferae
838 539 966 578 nescio
985 540 1098 591 cujus
1120 538 1319 576 immanis.
1361 538 1471 589 Qid
1492 538 1632 590 quaeris
1651 539 1664 575 ?
1695 537 1861 575 omnino

478 623 543 647 eos
566 607 680 647 taedet
699 607 802 644 vitae.
843 606 1041 643 Levantur
1062 613 1190 642 tamen
1211 603 1357 641 miserae
1377 604 1568 648 civitates,
1600 603 1707 655 quod
1727 602 1861 640 nullus

477 675 525 713 fit
545 673 722 725 sumptus
753 672 794 710 in
827 684 912 715 nos,
946 683 1073 722 neque
1105 670 1145 708 in
1177 669 1339 721 legatos,
1372 682 1497 720 neque
1528 669 1569 706 in
1602 667 1860 720 Qaestmem,

477 752 605 791 neque
625 739 665 776 in
687 749 941 789 quemquam.
985 736 1106 780 Scito,
1138 748 1216 772 non
1238 733 1357 772 modo
1378 747 1447 771 nos
1469 732 1639 778 foenum,
1669 742 1736 770 aut
1756 732 1863 785 quod

478 805 564 857 lege
584 803 691 855 Julia
709 803 789 841 dari
810 801 920 846 solet,
951 814 1029 839 non
1051 801 1238 853 accipere,
1269 799 1332 837 sed
1353 813 1401 837 ne
1421 799 1528 851 ligna
1547 798 1709 850 quidem
1726 817 1738 843 ς
1775 811 1861 842 nec,

478 879 616 923 praeter
644 877 811 920 quatuor
843 867 963 904 lectos
993 875 1032 904 et
1064 867 1226 910 tectum,
1257 877 1498 916 quemquam
1533 864 1708 916 accipere
1741 863 1862 915 quid-

478 948 598 988 quam
615 948 624 972 :
657 933 795 981 multis
822 931 919 970 locis
940 945 988 970 ne
1009 932 1155 969 tectum
1175 929 1353 982 quidem,
1383 938 1422 966 et
1442 929 1483 967 in
1506 928 1756 967 tabernaculo
1776 941 1862 966 ma-

479 1013 570 1039 nere
596 999 851 1051 plerumque.
898 997 1035 1048 Itaque
1068 994 1345 1033 incredibilem
1375 993 1417 1032 in
1452 993 1617 1043 modum
1651 993 1863 1032 concursus

478 1066 582 1105 fiunt
614 1078 662 1103 ex
695 1063 811 1115 agris,
853 1075 900 1100 ex
931 1062 1044 1106 vicis,
1083 1074 1132 1099 ex
1166 1060 1351 1101 domibus
1382 1059 1584 1099 omnibus.
1631 1059 1864 1098 Mehercule

477 1133 597 1171 etiam
616 1130 785 1168 adventu
805 1128 935 1167 nostro
954 1127 1213 1166 reviviscunt:
1230 1126 1396 1178 justitia,
1418 1125 1664 1170 abstinentia,
1686 1125 1863 1164 clemen-

479 1199 546 1243 tia,
565 1197 624 1236 tui
645 1195 864 1239 Ciceronis,
885 1194 940 1232 ita
957 1193 1164 1246 opinionoe
1184 1193 1366 1231 omnium
1387 1191 1594 1245 superavit.
1627 1191 1798 1244 Appius,
1820 1200 1865 1229 ut

477 1263 629 1302 audivit
648 1274 718 1300 nos
738 1260 884 1305 venire,
917 1259 957 1298 in
980 1259 1162 1298 ultimam
1179 1258 1427 1311 ¹provinciam
1448 1257 1484 1296 se
1504 1258 1675 1310 conjecit
1696 1256 1865 1296 Tarsum

479 1329 628 1381 usque:
660 1326 718 1365 ibi
731 1325 870 1365 :forum
890 1325 985 1377 agit.
1030 1325 1095 1364 De
1126 1323 1273 1362 Partho
1304 1323 1503 1362 filentium
1534 1323 1587 1362 est
1603 1341 1616 1369 ς
1648 1322 1711 1361 sed
1733 1331 1864 1361 tamen

479 1392 656 1433 concisos
682 1391 833 1443 equites
862 1389 1010 1429 nostros
1039 1403 1061 1428 a
1087 1389 1258 1428 barbaris
1286 1388 1526 1427 nuntiabant
1556 1389 1599 1433 ii,
1630 1388 1700 1441 qui
1731 1387 1864 1425 venie-

480 1460 589 1498 bant.
630 1457 797 1496 Bibulus
825 1470 872 1494 ne
892 1455 1090 1508 cogitabat
1111 1454 1273 1507 quidem
1293 1455 1412 1493 etiam
1432 1467 1538 1492 nunc
1560 1455 1600 1492 in
1622 1453 1866 1506 provinciam

478 1525 587 1564 suam
606 1522 808 1562 accedere:
832 1521 872 1560 id
893 1531 1023 1560 autem
1043 1519 1169 1560 facere
1189 1520 1241 1558 ob
1261 1533 1346 1559 eam
1367 1519 1519 1558 causam
1541 1519 1740 1563 dicebant,
1758 1516 1866 1570 quod

478 1590 628 1630 tardius
648 1589 766 1627 vellet
786 1582 984 1627 decedere.
1016 1587 1103 1627 Nos
1122 1587 1165 1625 in
1186 1586 1305 1625 castra
1324 1585 1644 1640 properabamus,
1665 1598 1751 1638 quae
1771 1583 1863 1622 abe-

479 1665 567 1695 rant
588 1655 714 1694 bidui.

814 1857 1055 1894 Crcnno
1097 1856 1351 1892 Armco
1393 1854 1522 1892 SAL.

481 1986 619 2026 XVII.
645 1981 760 2056 AC
774 1984 854 2023 (ΞΕ
870 1984 929 2022 ΡΙ
962 1984 1090 2022 Roma
1117 1982 1194 2021 fine
1213 1981 1374 2034 epistola
1395 1990 1459 2020 tua
1479 1979 1711 2019 fasciculum
1732 1980 1864 2018 litera—

755 2063 869 2087 rum:
903 2049 942 2086 in
974 2062 1067 2100 quo,
1100 2047 1125 2085 s1
1156 2046 1275 2085 modo
1308 2046 1475 2091 valuisti,
1507 2057 1544 2084 et
1576 2047 1713 2084 Romae
1741 2045 1864 2090 fuisti,

479 2115 691 2156 Philotimi
711 2114 814 2152 duco
833 2113 906 2152 esse
920 2113 1094 2166 culpam,
1114 2126 1190 2151 non
1214 2121 1335 2151 tuam.
1370 2112 1486 2150 Hanc
1501 2111 1704 2164 epistolam
1725 2110 1866 2149 dictavi

481 2183 614 2222 sedens
635 2182 675 2219 in
697 2179 830 2225 rheda,
860 2193 953 2217 cum
975 2179 1015 2216 in
1035 2177 1153 2216 castra
1179 2176 1456 2230 proficiscerer,
1487 2190 1507 2214 a
1536 2177 1681 2229 quibus
1712 2177 1865 2214 aberam

481 2247 608 2286 bidui.
654 2245 793 2284 Paucis
821 2243 1172 2283 diebus-habebam
1193 2253 1318 2281 certos
1340 2242 1536 2286 homines,
1568 2243 1712 2295 quibus
1734 2242 1864 2280 darem

477 2314 611 2353 literas
630 2327 638 2350 ε
672 2313 803 2364 itaque
822 2325 868 2349 eo
889 2324 952 2349 me
971 2309 1130 2349 servavi.
1177 2309 1263 2348 Nos
1292 2318 1436 2353 tamen,
1466 2308 1532 2346 etsi
1557 2307 1630 2346 hoc
1655 2318 1690 2346 tc
1710 2322 1757 2345 ex
1779 2308 1865 2345 aliis

480 2379 613 2417 audire
634 2377 752 2421 malo,
786 2376 833 2414 fic
855 2377 894 2414 in
918 2376 1208 2429 provincianos
1238 2375 1426 2427 gerimus,
1457 2374 1563 2427 quod
1592 2374 1637 2411 ad
1667 2373 1865 2411 abstinen-

481 2446 577 2484 tiam
597 2443 752 2487 attinet,
785 2452 828 2480 ut
851 2442 982 2480 nullus
1004 2439 1437 2480 teruntiusinsumatur
1456 2441 1496 2478 in
1519 2452 1774 2492 quemquam.
1820 2437 1865 2476 ld

482 2511 528 2551 fit
547 2509 666 2549 otiam
684 2519 725 2548 et
745 2508 988 2560 *legatorutm
1018 2517 1058 2547 et
1088 2507 1355 2551 tribunorum,
1385 2516 1423 2545 et
1452 2505 1739 2558 praefectorum,
1770 2503 1863 2543 dili-
