2243 3008
479 301 558 342 452
834 287 1526 329 EPISTOLARUM

479 385 637 433 habeat,
653 385 694 426 in
716 400 835 441 quem
855 387 1006 427 itineris
1027 387 1208 440 sumptus
1228 387 1394 427 acceffit.
1427 389 1539 427 Hinc
1560 402 1608 428 ex
1629 389 1720 429 Kal.
1738 390 1871 445 April.

480 451 529 490 ad
549 453 643 491 H-S
666 466 789 492 Lxxx
811 453 1159 492 accommodetur:
1191 466 1299 491 nunc
1319 454 1426 492 enim
1446 454 1581 493 insulae
1603 464 1773 496 tantum.
1795 456 1874 494 Vi-

482 517 658 558 dendum
677 519 785 558 enim
805 518 857 557 est
878 518 990 572 quid,
1021 532 1115 557 cum
1137 518 1276 556 Romae
1297 519 1398 557 erit:
1430 533 1511 558 non
1539 521 1648 559 enim
1678 530 1777 574 puto
1807 521 1871 560 so-

481 597 596 624 crum
626 585 739 624 illam
770 584 984 623 ferendam.
1026 583 1196 622 Pindaro
1229 583 1449 622 decumano
1483 598 1680 638 negaram.
1731 587 1872 633 Nunc,

480 652 594 704 cujus
625 653 680 690 rei
708 651 819 690 causa
849 651 1099 689 tabellarium
1130 649 1320 695 miserim,
1351 650 1499 703 accipe.
1542 651 1608 703 Q
1632 651 1737 692 filius
1767 652 1874 692 mihi

480 717 694 770 pollicetur
714 718 750 755 se
773 719 981 756 Catonem.
1026 716 1125 769 Egit
1153 725 1286 755 autem
1306 725 1346 755 et
1365 726 1487 771 pater,
1518 726 1557 756 et
1578 717 1699 763 filius,
1730 727 1776 757 ut
1795 719 1873 758 tibi

480 782 710 835 sponderem
727 802 739 828 ;
778 783 842 821 sed
875 783 944 829 ita,
984 791 1029 821 ut
1063 792 1150 821 tum
1184 781 1373 827 crederes,
1413 796 1508 821 cum
1542 783 1623 836 ipse
1656 784 1872 837 cognofl‘es.

479 848 591 887 Huic
611 862 684 901 ego
704 849 835 887 literas
855 849 974 902 ipfius
995 848 1184 887 arbitratu
1205 847 1306 886 dabo
1321 867 1333 894 5
1356 862 1408 887 eae
1429 857 1467 886 te
1486 862 1535 887 ne
1555 849 1752 887 moverint
1770 864 1780 888 ε
1802 849 1874 888 has

479 913 611 967 scripsi
638 915 679 953 in
700 928 784 953 eam
805 924 971 968 partem,
1004 927 1052 952 ne
1072 927 1136 953 me
1156 923 1313 952 motum
1335 923 1504 967 putares.
1551 915 1624 954 Dii
1652 913 1796 961 faxint,
1827 924 1874 954 ut

478 979 598 1018 faciat
616 994 673 1026 ea,
691 994 777 1032 quae
796 980 1018 1033 promittit:
1042 993 1257 1018 commune
1276 980 1383 1018 enim
1404 980 1610 1033 gaudium.
1643 981 1716 1019 Sed
1731 994 1819 1034 ege.
1836 1011 1845 1020 .
1859 1011 1870 1020 .

479 1044 599 1084 Nihil
619 1046 710 1085 dico
730 1047 916 1100 amplius.
950 1047 987 1085 Is
1007 1045 1104 1084 hinc
1126 1059 1192 1084 v11
1216 1045 1310 1084 Idus
1327 1060 1336 1085 z
1367 1047 1421 1084 ait
1440 1047 1548 1085 enim
1568 1046 1872 1086 attributionem

476 1111 518 1150 in
540 1112 657 1159 Idus,·
681 1112 718 1151 se
737 1122 868 1151 autem
889 1113 1020 1165 urgeri
1040 1112 1193 1151 acriter.
1217 1113 1284 1150 Tu
1304 1126 1352 1151 ex
1373 1113 1472 1151 meis
1493 1113 1632 1158 literis,
1650 1126 1730 1166 quo
1751 1113 1873 1152 modo

476 1177 721 1231 respondeas,
756 1178 1021 1217 moderabere.
1068 1178 1201 1224 Plura,
1236 1191 1331 1216 cum
1365 1188 1404 1217 et
1438 1179 1606 1217 Brutum
1642 1179 1790 1224 videro,
1829 1188 1870 1218 et

477 1245 642 1283 Erotem
663 1245 876 1284 remittam.
910 1245 1056 1284 Atticae
1078 1258 1173 1283 meae
1193 1245 1485 1284 excusationem
1506 1246 1673 1299 accipio,
1703 1258 1870 1299 eamque

474 1324 563 1349 amo
583 1311 803 1364 plurimum
822 1327 833 1351 z
865 1312 931 1350 cui
950 1320 989 1350 et
1011 1311 1120 1350 Piliae
1140 1310 1323 1350 salutem.

810 1515 1054 1552 Crczno
1095 1514 1352 1561 Αττιεο
1395 1513 1525 1551 SAL.

478 1648 530 1686 ΙΙ.
555 1646 602 1720 S
619 1647 652 1684 E
667 1645 704 1684 X
719 1644 806 1683 TO
838 1642 932 1681 Idus
953 1641 1046 1679 duas
1067 1640 1246 1694 epistolas
1267 1641 1415 1694 accepi,
1448 1655 1566 1680 unam
1588 1655 1608 1679 a
1628 1655 1717 1681 meo
1739 1643 1867 1682 tabel-

624 1711 736 1756 lario,
757 1709 918 1747 alteram
939 1720 960 1744 a
981 1706 1108 1745 Bruti.
1142 1707 1204 1744 De
1226 1706 1446 1745 Buthrotiis
1468 1707 1587 1760 longe
1607 1707 1680 1746 alia
1699 1707 1803 1747 fama
1823 1709 1866 1747 in

473 1777 534 1817 his
556 1778 654 1816 locis
676 1775 800 1814 fuerat
819 1789 827 1813 ε
861 1772 924 1812 sed
945 1786 1038 1810 curn
1058 1771 1145 1809 aliis
1166 1772 1305 1810 multis
1325 1771 1403 1810 hoc
1433 1771 1656 1811 ferendum.
1700 1774 1865 1812 Erotem

474 1845 600 1883 remisi
622 1843 755 1888 citius,
787 1854 906 1894 quam
934 1837 1227 1883 constitueram,
1260 1847 1303 1876 ut
1334 1837 1424 1876 esset
1451 1839 1521 1890 qui
1554 1839 1793 1884 Hortenfio;
1826 1849 1866 1878 et

472 1911 565 1963 quia
584 1908 785 1962 equitibus
811 1906 974 1959 quidem
1006 1905 1058 1942 ait
1092 1903 1128 1942 se
1160 1904 1297 1942 Idibus
1330 1903 1581 1943 constituisse.
1629 1905 1862 1943 Hortensius

471 1990 563 2014 vero
584 1973 861 2027 impudenter:
895 1970 995 2008 nihil
1017 1970 1124 2008 enim
1145 1969 1310 2007 debetur
1329 1970 1380 2014 ei,
1413 1969 1481 2007 nisi
1507 1983 1554 2008 ex
1577 1971 1688 2008 tertia
1708 1971 1863 2022 pensio-

474 2056 536 2087 ne,
568 2055 654 2094 quae
686 2038 738 2077 est
772 2037 860 2075 Kal.
897 2037 1002 2074 Sext.
1036 2048 1083 2072 ex
1105 2048 1180 2086 qua
1201 2034 1382 2086 pensione
1403 2034 1482 2086 ipsa
1504 2036 1627 2087 major
1648 2049 1732 2088 pars
1754 2036 1806 2074 est
1827 2037 1863 2075 ei

474 2108 598 2146 soluta
618 2106 820 2158 aliquanto
840 2111 928 2140 ante
949 2101 1068 2139 diem.
1114 2099 1187 2137 Sed
1207 2099 1290 2138 haec
1313 2101 1410 2138 Eros
1433 2099 1581 2138 videbit
1604 2101 1756 2139 Idibus.
1802 2103 1864 2141 De

474 2174 650 2212 Publilio
670 2180 816 2214 autem,
847 2167 954 2220 quod
976 2167 1161 2219 perscribi
1182 2176 1352 2218 oportet,
1385 2179 1535 2204 moram
1565 2180 1642 2204 non
1672 2178 1770 2219 puto
1789 2167 1863 2207 effe

472 2238 706 2279 faciendam.
740 2235 811 2273 Sed
832 2248 925 2272 cum
947 2233 1090 2278 videas,
1122 2242 1314 2284 quantum
1337 2232 1383 2269 de
1398 2232 1488 2283 jure
1509 2231 1638 2269 nostro
1658 2233 1860 2271 decesseri-

473 2319 576 2349 mus,
608 2303 675 2355 qui
699 2303 745 2339 dc
767 2301 924 2339 residuis
948 2312 1057 2338 cccc
1084 2299 1192 2343 H-S,
1226 2311 1278 2336 cc
1303 2297 1502 2349 praesentia
1522 2297 1767 2343 solverimus,
1799 2313 1861 2337 re-

473 2374 581 2425 liqua
614 2369 896 2411 rescribamus;
930 2366 1039 2418 loqui
1071 2379 1162 2403 cum
1193 2379 1253 2409 eo,
1286 2364 1310 2402 si
1333 2364 1544 2407 videbitur,
1578 2365 1738 2416 poteris,
1769 2379 1862 2404 eum

471 2436 728 2477 commodum
753 2433 925 2472 nostrum
947 2434 1146 2484 cxpct‘tare
1179 2431 1332 2475 debere,
1364 2445 1455 2468 cum
1488 2440 1593 2468 tanta
1624 2432 1667 2469 sit
1697 2445 1717 2468 a
1747 2432 1861 2471 nobis

466 2508 614 2558 jac‘tura
636 2501 733 2540 facta
748 2501 863 2553 juris.
911 2499 983 2537 Sed
1013 2499 1151 2537 amabo
1179 2508 1229 2542 te,
1263 2499 1315 2535 mi
1353 2498 1499 2542 Attice,
1534 2497 1707 2549 (videsne
1739 2512 1860 2551 quam

473 2571 612 2611 blande
632 2569 665 2621 ?)
698 2568 829 2607 omnia
853 2566 991 2611 nostra,
1023 2565 1150 2618 quoad
1181 2566 1254 2603 eris
1287 2566 1439 2609 Romre,
1473 2565 1524 2603 ita
1545 2565 1686 2617 gerite,
1718 2566 1860 2618 regite,
