2243 3008
473 295 525 334 80
820 293 1505 333 EPISTOLARUM

472 405 518 434 ut
537 404 603 433 aut
625 402 738 433 tuum
758 394 936 432 animum
957 406 1097 446 angam
1117 394 1301 446 querelis,
1332 403 1398 432 aut
1418 395 1515 432 meis
1537 392 1764 432 vulneribus
1786 392 1854 432 sae-

471 463 561 514 pius
581 474 719 499 manus
739 459 911 498 afferam.
958 459 1064 497 Narn
1095 459 1202 511 quod
1232 472 1374 512 purgas
1405 473 1486 505 eos,
1517 473 1616 512 quos
1647 473 1721 512 ego
1752 458 1854 497 mihi

472 527 602 579 scripfi
635 525 825 569 invidiffe,
855 534 894 562 et
923 524 964 561 in
994 524 1049 561 eis
1080 524 1300 562 Catonem:
1333 537 1407 576 ego
1433 537 1523 563 vero
1553 534 1707 563 tantum
1737 524 1854 562 illum

471 602 570 644 puto
593 592 641 629 ab
668 590 739 628 isto
760 589 898 628 scelere
918 588 1094 634 abfuiffe,
1125 598 1170 626 ut
1190 589 1360 627 maxime
1381 589 1534 627 doleam
1559 590 1647 642 plus
1667 589 1771 642 apud
1791 601 1854 627 me

471 657 761 695 simulationem
794 655 977 699 aliorum,
1021 666 1141 706 quam
1172 653 1280 692 istius
1315 653 1449 700 fidem,
1492 655 1661 693 valuiffe.
1711 653 1855 692 Caeteri

471 735 571 774 quos
603 733 758 774 purgas,
790 719 933 762 debent
952 718 1054 756 mihi
1083 720 1238 771 purgati
1257 719 1345 764 effe,
1372 720 1447 758 tibi
1469 719 1494 757 s1
1522 719 1625 758 sunt,
1672 718 1744 757 Sed
1771 718 1854 757 haec

471 787 553 825 sero
573 787 740 839 agimus.
790 785 910 823 Craffi
930 784 1119 822 libertum
1140 783 1240 821 nihil
1272 793 1369 836 puto
1398 785 1540 823 fincere
1561 785 1756 823 locutum.
1806 784 1856 822 In

474 853 614 890 Senatu
641 863 722 888 rem
742 850 863 903 probe
890 849 1026 887 scribis
1056 849 1194 886 aetam.
1241 848 1313 886 Sed
1345 849 1442 901 quid
1475 850 1630 888 Curio?
1663 862 1710 887 an
1742 848 1854 886 illam

470 917 687 955 orationem
709 928 788 952 non
809 915 905 967 legit
924 915 937 951 ?
959 927 1045 965 quae
1066 912 1168 950 unde
1190 912 1234 950 fit
1254 913 1416 964 prolata,
1440 913 1583 952 nescio.
1616 913 1690 952 Sed
1709 913 1854 959 Axius,

472 980 643 1032 ejusdem
665 979 743 1016 diei
763 979 934 1016 scribens
951 978 997 1014 ad
1016 991 1081 1015 me
1100 978 1194 1021 asta,
1213 989 1292 1014 non
1312 977 1366 1014 ita
1386 977 1516 1015 laudat
1533 978 1766 1017 Curionem.
1799 979 1855 1016 At

470 1044 595 1097 potest
615 1043 682 1081 ille
713 1042 863 1095 aliquid
892 1041 1214 1094 praetermittere:
1247 1050 1305 1086 tu,
1337 1042 1406 1080 nifi
1427 1042 1534 1094 quod
1552 1052 1648 1088 erat,
1679 1041 1855 1096 Ρτοῑεᾶο

472 1123 550 1147 non
584 1107 775 1160 scripfisti.
821 1107 1008 1144 Varronis
1038 1107 1162 1145 sermo
1194 1106 1289 1144 facit
1319 1109 1631 1159 expeftationem
1663 1108 1850 1147 Caesaris:

470 1183 586 1226 atque
607 1173 758 1211 utinam
780 1171 858 1224 ipse
879 1172 1003 1208 Varro
1034 1171 1239 1209 incumbat
1271 1171 1310 1208 in
1339 1172 1520 1217 causam5
1552 1173 1658 1225 quod
1679 1171 1855 1225 profedlxo

471 1253 564 1276 cum
586 1238 649 1276 sua
670 1237 820 1290 sponte,
852 1245 940 1274 tum
959 1245 996 1274 te
1017 1235 1196 1280 instante,
1223 1235 1355 1274 faciet.
1388 1237 1492 1289 Ego,
1513 1237 1540 1275 s1
1561 1251 1625 1275 me
1644 1237 1855 1290 aliquando

469 1303 581 1342 vestri
614 1312 653 1341 et
685 1302 815 1355 patriae
847 1310 1074 1354 compotem
1106 1300 1263 1339 fortuna
1293 1299 1446 1347 fecerit,
1477 1311 1580 1341 certe
1611 1303 1780 1341 efficiam
1809 1312 1854 1340 ut

470 1370 642 1407 maxime
676 1368 804 1406 laetere
837 1380 937 1405 unus
971 1379 1020 1405 ex
1051 1367 1237 1404 omnibus
1267 1367 1404 1405 amicis
1421 1386 1432 1411 ;
1465 1380 1630 1421 meaque
1657 1368 1788 1406 officia
1814 1377 1854 1405 et

470 1433 608 1478 studia,
626 1447 712 1485 quae
732 1445 869 1484 parum
884 1441 996 1470 antea
1014 1431 1215 1477 luxerunt,
1236 1430 1458 1483 (fatendum
1475 1432 1668 1483 estenim)
1689 1433 1738 1471 fic
1759 1446 1851 1471 exe·-

469 1513 582 1552 quar,
613 1507 657 1536 ut
676 1511 740 1536 me
759 1511 868 1550 aeque
887 1497 978 1542 tibi,
1007 1511 1052 1535 ac
1071 1496 1197 1542 fratri,
1227 1507 1267 1535 et
1291 1497 1424 1536 liberis
1446 1497 1598 1543 nostris,
1630 1498 1854 1537 restitutum

470 1573 599 1617 putes.
637 1564 676 1601 Si
695 1563 793 1615 quid
812 1563 852 1600 in
875 1572 914 1601 te
932 1562 1105 1615 peccavi,
1135 1575 1179 1600 ac
1199 1563 1346 1614 potius,
1376 1563 1566 1615 quoniam
1586 1565 1759 1616 peccavi,
1789 1564 1854 1616 ig-

469 1629 611 1667 nosce:
645 1629 685 1667 in
718 1642 781 1666 me
808 1629 915 1666 enim
948 1627 1076 1680 ipsum
1096 1628 1255 1680 peccavi
1274 1627 1561 1667 vehementius.
1608 1629 1751 1681 Neque
1770 1627 1854 1667 haec

469 1709 516 1734 eo
535 1695 677 1739 scribo,
709 1693 815 1746 quod
836 1702 873 1731 te
893 1707 972 1731 non
994 1706 1083 1731 meo
1102 1693 1190 1731 casu
1210 1694 1387 1732 maximo
1406 1694 1540 1732 dolore
1568 1694 1640 1733 effe
1670 1694 1856 1733 affectum

468 1761 614 1800 sciam:
647 1760 710 1799 sed
742 1758 931 1812 profeem,
962 1759 1003 1804 sl,
1035 1768 1229 1811 quantum
1253 1773 1318 1797 me
1337 1772 1440 1798 amas
1459 1769 1499 1798 et
1518 1760 1667 1805 amasti,
1698 1769 1853 1798 tantum

469 1841 596 1865 amare
615 1827 772 1864 deberes
794 1839 836 1863 ac
857 1825 1062 1870 debussses,
1094 1838 1296 1876 nunquam
1323 1825 1414 1864 effes
1442 1825 1565 1878 paffus
1593 1839 1670 1871 me,
1701 1839 1782 1879 quo
1809 1836 1854 1864 tu

469 1891 708 1935 abundabas,
738 1903 849 1941 egere
877 1889 1068 1935 confilio;
1102 1903 1173 1927 nec
1207 1889 1297 1927 esses
1330 1888 1453 1941 paffus
1485 1889 1586 1928 mihi
1621 1890 1852 1943 persuaderi,

469 1956 568 1994 utile
590 1956 703 1993 nobis
724 1955 795 1993 effe
816 1955 942 2007 legem
963 1955 1010 1991 de
1031 1954 1209 2006 collegiis
1230 1953 1405 2006 perferri.
1452 1953 1525 1992 Sed
1557 1965 1598 1993 tu
1621 1964 1773 1994 tantum
1795 1956 1852 1994 la-

470 2034 620 2072 crymas
643 2019 838 2073 praebuisti
859 2019 985 2057 dolori
1007 2033 1109 2064 meo,
1141 2019 1247 2072 quod
1267 2029 1346 2057 erat
1367 2020 1524 2065 amoris,
1557 2030 1743 2073 tanquam
1775 2021 1854 2074 ipse

469 2099 570 2138 ego:
616 2085 723 2138 quod
757 2085 907 2123 meritis
941 2085 1039 2123 meis
1075 2084 1292 2137 perfectum
1326 2084 1398 2123 esse
1433 2086 1578 2137 potuit,
1621 2096 1664 2124 ut
1699 2086 1780 2125 dies
1813 2096 1853 2125 et

471 2153 601 2189 noctes
635 2150 733 2204 quid
766 2149 869 2188 mihi
898 2148 1122 2188 faciendum
1153 2150 1243 2188 effet
1275 2151 1480 2203 cogitares»,
1512 2150 1550 2188 id
1583 2151 1649 2189 abs
1682 2161 1719 2190 te
1750 2165 1852 2197 me0,

471 2230 548 2254 non
571 2225 655 2261 tuo,
686 2215 826 2254 scelere
846 2215 1140 2269 praetermiffum
1162 2215 1228 2253 est.
1273 2216 1392 2268 Qod
1415 2216 1438 2254 fi
1461 2230 1538 2255 non
1561 2217 1680 2255 modo
1701 2227 1758 2262 tu,
1792 2218 1854 2255 sed

470 2282 676 2335 quisquam
700 2281 841 2326 fuiss‘et.
864 2282 933 2334 qui
955 2295 1017 2320 me
1040 2282 1217 2335 Pompeii
1239 2283 1369 2321 minus
1391 2283 1541 2320 liberali
1565 2283 1741 2336 responso
1763 2297 1852 2336 per-

471 2349 652 2386 territum
686 2361 706 2385 a
740 2347 959 2400 turpiffimo
993 2348 1156 2386 consilio
1190 2358 1398 2393 revocaret,
1441 2348 1547 2401 quod
1583 2363 1682 2388 unus
1719 2360 1759 2387 tu
1794 2348 1852 2387 fa-

470 2425 556 2450 cere
589 2412 759 2450 maxime
791 2412 965 2465 potuisti,
996 2422 1061 2450 aut
1092 2412 1356 2451 occubuissem
1390 2413 1560 2457 honeste,
1593 2423 1658 2451 aut
1689 2415 1852 2452 victores

470 2475 589 2515 hodie
609 2477 841 2515 viveremus.
889 2476 969 2514 Hic
1003 2475 1102 2514 mihi
1128 2477 1302 2528 ignosces
1322 2493 1330 2515 z
1364 2491 1426 2515 me
1446 2478 1552 2515 enim
1574 2478 1702 2531 ipsum
1724 2478 1853 2516 multo

473 2541 596 2595 magis
628 2541 792 2587 accuso;
825 2541 963 2580 deinde
999 2551 1050 2587 te,
1081 2543 1185 2595 quali
1222 2557 1284 2581 me
1318 2544 1511 2582 alterum:
1542 2554 1580 2582 ct
1614 2544 1725 2583 simul
1758 2556 1852 2583 meae
