2243 3008
569 291 677 330 AD
737 290 1168 331 ATTIcUM
1234 293 1479 335 max.
1641 310 1712 350 291

329 390 463 436 vellet,
485 387 638 428 darem:
671 389 778 442 quod
799 388 825 427 s1
847 402 925 427 non
947 388 1162 442 scripfifi'et,
1184 390 1380 443 possemne
1400 393 1540 432 aliter?
1563 403 1601 433 et
1622 395 1715 447 qui·

330 454 420 493 dem
452 454 546 508 saepe
578 454 663 493 sum
695 454 928 507 pollicitus:
961 455 1024 493 sed
1057 464 1211 493 tantum
1235 457 1362 494 voluit
1393 459 1487 496 cito.
1535 460 1606 497 Me
1626 473 1717 498 vero

328 520 554 572 adjuvarent
574 519 636 559 his
658 521 699 558 in
720 520 920 573 angustiis.
968 520 1041 558 Sed
1061 520 1117 558 dii
1137 520 1227 559 istos
1246 521 1254 558 !
1288 522 1439 560 Verum
1464 523 1570 561 alias.
1614 527 1675 563 Te
1696 538 1716 562 a

326 594 514 636 quartana
534 585 744 624 liberatum
765 585 930 638 gaudeo,
959 585 1134 638 itemque
1157 585 1313 624 Piliam.
1348 588 1450 639 Ego,
1483 588 1577 626 dum
1598 602 1714 641 panes

328 658 367 688 et
387 659 523 689 caetera
543 651 584 688 in
606 664 742 689 navem
762 659 961 703 parantur,
989 663 1154 688 excurro
1174 650 1215 688 in
1237 651 1538 704 Pompeianum.
1571 653 1714 691 Vecte-

327 729 380 754 no
400 716 519 754 velim
540 716 825 769 gratias,·quod
845 715 1035 754 studiosus
1057 716 1116 755 s1t.
1150 717 1189 754 Si
1210 730 1451 770 quemquam
1471 720 1604 758 naCtus
1625 718 1713 757 fue-

327 781 395 826 ris,
426 781 495 834 qui
515 780 698 834 perferat,
729 782 858 820 literas
878 781 945 820 des
966 790 1054 820 ante
1074 794 1194 835 quam
1214 782 1465 822 discedimus.

662 984 905 1022 CicERo
946 985 1201 1023 ATT1co
1243 984 1373 1023 SAL.

327 1109 442 1149 XVI.
467 1109 534 1182 C
553 1111 589 1148 Ο
605 1110 653 1148 Μ
671 1111 719 1148 Μ
735 1111 771 1148 O
789 1111 826 1149 D
842 1113 880 1149 U
896 1112 945 1150 M
974 1112 1020 1149 ad
1051 1121 1088 1150 te
1112 1112 1292 1150 dederam
1312 1113 1442 1151 literas
1464 1113 1510 1150 de
1530 1112 1712 1165 pluribus

566 1176 696 1220 rebus,
728 1189 820 1214 cum
848 1176 894 1214 ad
921 1190 985 1215 me
1015 1177 1113 1215 bene
1139 1190 1253 1215 mane
1278 1178 1489 1229 Diony-sius
1510 1178 1615 1217 fuit:
1647 1179 1714 1216 cui

325 1239 488 1292 quidem
509 1254 582 1293 ego
603 1254 682 1278 non
703 1241 822 1280 modo
852 1241 1085 1294 placabilem
1117 1256 1179 1281 me
1209 1243 1467 1295 praebuissem,
1500 1244 1562 1281 sed
1584 1253 1716 1282 totum

324 1305 562 1351 remisissem,
594 1305 621 1343 fi
649 1305 857 1344 advenisset
886 1320 963 1358 qua
990 1316 1122 1345 mente
1142 1317 1185 1345 tu
1206 1307 1252 1344 ad
1274 1321 1336 1345 me
1356 1307 1572 1360 scripseras.
1618 1310 1715 1347 Erat

325 1369 432 1408 enim
463 1370 513 1409 fic
545 1371 587 1408 in
619 1371 696 1409 tuis
730 1371 869 1415 literis,
900 1385 994 1423 quas
1026 1372 1169 1424 Arpini
1190 1385 1428 1424 acceperam,
1460 1386 1549 1410 eum
1570 1382 1714 1411 ventu-

326 1447 430 1481 rum,
452 1434 742 1487 fadfflrumque,
765 1436 871 1488 quod
892 1450 965 1489 ego
985 1437 1142 1475 vellem.
1176 1438 1264 1489 Ego
1284 1438 1462 1475 volebam
1485 1446 1630 1483 autem,
1652 1439 1714 1476 vel

325 1501 534 1553 cupiebam
555 1502 703 1553 potius,
734 1502 806 1539 effe
834 1515 925 1540 eum
955 1503 1190 1540 nobiscum:
1222 1503 1329 1554 quod
1350 1503 1441 1554 quia
1460 1503 1588 1555 plane,
1621 1517 1716 1543 cum

325 1564 366 1602 in
397 1565 656 1603 Formianum
681 1565 854 1610 venisset,
887 1566 1126 1618 praeciderat,
1158 1566 1325 1619 asperius
1356 1567 1402 1604 ad
1426 1577 1462 1605 te
1482 1568 1529 1606 de
1549 1582 1595 1606 eo
1615 1568 1712 1607 scri-

326 1629 416 1667 bere
437 1630 622 1668 solebam.
660 1632 715 1668 At
736 1630 803 1668 ille
823 1644 1014 1683 perpauca
1034 1631 1206 1676 locutus,
1237 1631 1339 1670 hanc
1360 1632 1552 1670 summam
1574 1633 1715 1671 habuit

324 1694 510 1732 orationis
528 1713 539 1739 ;
573 1703 616 1732 ut
637 1695 707 1732 fibi
728 1695 994 1747 ignoscerem;
1027 1695 1063 1733 se
1085 1696 1197 1734 rebus
1220 1696 1295 1734 suis
1317 1697 1555 1749 impeditum
1577 1698 1712 1736 nobis—

322 1772 416 1811 cum
437 1759 492 1797 ire
512 1773 591 1797 non
613 1759 730 1811 poffe.
765 1761 892 1798 Pauca
912 1761 1089 1812 respondi
1108 1781 1119 1805 ;
1143 1774 1332 1813 magnum
1354 1763 1485 1814 accepi
1506 1762 1681 1801 dolorem
1698 1779 1709 1801 :

323 1824 503 1863 intellexi
523 1824 724 1862 fortunam
740 1825 787 1862 ab
808 1839 853 1863 eo
874 1825 1043 1863 nostram
1064 1825 1280 1878 despectam
1301 1826 1386 1864 effe.
1411 1827 1520 1878 Qid
1541 1828 1710 1880 quaeris?

322 1888 476 1927 fortasse
510 1889 712 1928 miraberis
732 1905 740 1928 :
773 1890 814 1928 in
849 1890 1034 1928 maximis
1068 1889 1213 1928 horum
1247 1900 1473 1943 temporum
1507 1892 1711 1930 doloribus

321 1953 429 1993 hunc
451 1954 552 1993 mihi
573 1955 670 1992 scito
690 1954 776 1993 effe.
815 1955 949 1993 Velim
970 1964 1014 1993 ut
1036 1955 1110 1993 tibi
1130 1956 1279 1994 amicus
1300 1956 1360 1995 fit.
1407 1957 1500 1994 Hoc
1521 1971 1614 1996 cum
1635 1958 1711 1996 tibi

323 2030 434 2072 opto,
465 2030 560 2073 opto
581 2029 625 2059 ut
647 2020 780 2059 beatus
801 2021 847 2059 fis
866 2036 875 2059 ε
908 2022 981 2059 erit
1001 2021 1109 2059 enim
1131 2031 1210 2060 tam
1235 2021 1317 2060 diu.
1365 2022 1586 2061 Consilium
1618 2023 1707 2062 nos-

322 2094 429 2124 trum
450 2086 559 2139 spero
579 2099 747 2125 vacuum
765 2087 944 2139 periculo
963 2086 1060 2126 fore.
1093 2088 1202 2126 Nam
1221 2096 1259 2125 et
1279 2087 1622 2133 diffimulabimus,
1653 2098 1707 2134 et,

321 2160 366 2190 ut
386 2152 541 2204 opinor,
572 2152 758 2191 acerrime
777 2152 1079 2197 adservabimus,
1111 2153 1308 2204 navigatio
1327 2152 1447 2190 modo
1467 2147 1533 2197 fit,¹
1549 2154 1709 2205 qualem

321 2226 430 2269 opto.
477 2218 640 2263 Caetera,
670 2231 756 2270 quae
782 2217 945 2271 quidem
965 2218 1127 2256 confilio
1147 2217 1341 2270 provideri
1362 2226 1561 2269 poterunt,
1591 2231 1706 2257 cave-

322 2281 484 2320 buntur.
517 2285 598 2327 Tu,
628 2283 721 2321 dum
744 2283 942 2328 adsumus,
966 2297 1045 2321 non
1065 2283 1184 2321 modo
1204 2295 1291 2334 quae
1312 2282 1456 2328 scieris,
1477 2283 1704 2329 audierisve,

324 2345 386 2383 sed
405 2347 523 2384 etiam
543 2361 628 2399 quae
648 2347 781 2387 futura
800 2348 1039 2401 providebis,
1071 2347 1212 2386 scribas
1233 2347 1369 2386 velim.
1404 2348 1520 2394 Cato,
1551 2350 1621 2400 qui
1643 2350 1705 2387 Si-

322 2410 455 2448 ciliam
477 2420 605 2448 tenere
626 2413 737 2451 nullo
757 2414 917 2466 negotio
937 2413 1082 2466 potuit,
1104 2421 1157 2457 et,
1189 2412 1215 2450 fi
1237 2411 1430 2457 tenuisset,
1452 2426 1588 2451 omnes
1610 2413 1705 2451 boni

322 2475 367 2513 ad
388 2488 478 2514 eum
500 2475 535 2513 se
554 2476 819 2523 contulissent,
852 2478 1042 2528 Syracusis
1076 2476 1271 2530 profestus
1299 2477 1352 2514 est
1380 2487 1468 2515 ante
1488 2477 1592 2515 diem
1614 2490 1700 2516 v111

1257 2542 1294 2578 O
1325 2554 1348 2579 ο
1379 2553 1402 2580 2
