2243 3008
570 296 675 335 AD
735 293 1478 335 ATT1cUML1-RV.
1649 311 1723 351 137

332 412 413 437 rem
453 397 503 436 fic
541 409 628 449 ag0,
674 405 719 434 ut
757 395 863 434 suam
902 395 983 448 ipse
1022 408 1100 433 non
1136 405 1277 448 ageret.
1332 397 1404 434 Sed
1433 398 1517 449 jam
1552 395 1721 434 exhibeo

331 464 547 518 pupillum,
579 475 706 515 neque
732 461 901 501 defendo
920 478 928 501 :
962 462 1051 500 sunt
1080 462 1188 500 enim
1216 463 1372 514 negotia
1391 472 1430 500 et
1450 463 1554 500 lenta
1574 471 1612 500 et
1633 463 1718 499 ina-

331 530 409 568 nia.
442 529 601 567 Faciam
621 537 751 566 tamen
773 529 860 567 satis
872 547 885 574 ς
910 528 984 566 tibi
1005 527 1182 580 quidem,
1205 528 1271 566 cui
1292 528 1494 568 difficilius
1515 529 1581 573 est,
1600 540 1718 580 quam

332 594 403 646 ipsi
422 609 430 633 :
463 592 526 632 sed
547 602 650 632 certe
670 593 904 632 satisfaciam
924 593 1097 645 utrIque.

673 794 914 832 C1c2Ro
956 794 1211 832 ATT1co
1254 794 1383 831 SAL.

335 922 450 961 XIX,
475 920 548 994 O
563 922 962 960 BSIGNARAM
978 923 1062 974 jam
1081 921 1283 974 epistolam
1305 934 1404 965 eam,
1427 934 1544 973 quam
1566 930 1663 973 puto
1685 929 1722 958 te

571 987 691 1026 modo
711 987 924 1040 perlegisse,
956 987 1140 1040 scriptam
1161 1001 1247 1025 mea
1265 1001 1399 1031 manu,
1431 987 1471 1025 iu
1494 1001 1570 1039 qua
1589 987 1723 1025 omnia

335 1054 604 1098 continentur,
636 1067 729 1091 cum
761 1053 891 1091 subito
921 1053 1045 1106 Appii
1076 1053 1299 1091 tabellarius
1320 1067 1353 1091 a.
1377 1053 1415 1090 d.
1441 1066 1487 1090 xi
1512 1053 1601 1091 Kal.
1627 1054 1720 1090 Oft.

334 1118 502 1170 septimo
532 1119 824 1171 quadragefimo
856 1118 919 1156 die
950 1119 1080 1157 Roma
1111 1118 1289 1157 celeriter
1325 1118 1414 1171 (hui
1442 1128 1522 1156 tam
1554 1118 1671 1170 longe
1690 1117 1720 1166 ἔ)

334 1182 437 1220 mihi
469 1192 553 1221 tuas
588 1183 718 1221 literas
753 1183 951 1227 reddidit;
983 1196 1032 1221 ex
1065 1183 1211 1235 quibus
1246 1196 1326 1221 non
1359 1183 1515 1227 dubito,
1547 1184 1645 1235 quin
1680 1192 1725 1220 tu

336 1248 574 1301 Pompeium
593 1249 822 1302 expectaris,
840 1248 936 1287 dum
957 1249 1142 1287 Arimino
1162 1249 1319 1293 rediret,
1335 1257 1375 1286 et
1390 1250 1473 1300 jam
1495 1250 1535 1286 in
1553 1249 1724 1300 Epirum

335 1313 532 1366 profectus
554 1315 599 1352 fis
618 1330 627 1353 ε
660 1315 861 1368 magisque
880 1328 1027 1360 vereor,
1051 1323 1094 1353 ut
1115 1314 1266 1359 scribis,
1298 1327 1346 1352 ne
1366 1315 1406 1352 in
1429 1315 1554 1367 Epiro
1574 1314 1724 1352 sollici-

335 1388 399 1418 tus
421 1379 466 1418 fis
489 1393 566 1418 non
589 1380 737 1425 minus,
768 1394 886 1433 quam
907 1394 978 1419 nos
999 1380 1066 1418 hic
1086 1380 1234 1418 sumus.
1281 1380 1344 1418 De
1364 1379 1543 1418 Atiliano
1564 1379 1728 1417 nomine

337 1443 467 1498 scripsi
487 1445 534 1483 ad
555 1444 836 1491 Philotimum,
860 1460 908 1484 ne
928 1446 1140 1499 appellaret
1160 1444 1396 1483 Messallam.
1428 1444 1585 1483 Itineris
1607 1444 1731 1482 nostri

337 1508 485 1548 famam
516 1510 563 1548 ad
598 1519 636 1549 te
667 1511 878 1563 pervenisse
910 1511 1035 1557 laetor,
1078 1511 1281 1563 magisque
1311 1510 1485 1555 laetabor,
1517 1509 1543 1548 fi
1578 1510 1728 1563 reliqua

337 1575 535 1627 cognoris.
583 1575 770 1614 Filiolam
801 1585 911 1615 tuam
939 1577 1013 1614 tibi
1037 1578 1121 1629 jam
1142 1577 1281 1614 Romae
1295 1576 1514 1629 jucundam
1535 1575 1608 1613 effe
1627 1588 1725 1628 gau-

339 1639 439 1686 deo,
468 1654 650 1694 eamque,
674 1655 797 1694 quam
818 1654 1022 1694 nunquam
1043 1641 1139 1686 vidi,
1171 1651 1301 1679 tamen
1321 1650 1361 1679 et
1380 1654 1484 1686 amo,
1516 1650 1554 1679 et
1573 1640 1727 1678 amabi-

339 1706 419 1744 lem
451 1706 524 1745 effe
552 1716 662 1745 certo
694 1708 787 1746 scio.
833 1708 968 1746 Etiam
989 1717 1106 1760 atque
1126 1708 1244 1745 etiam
1265 1707 1387 1744 valete
1409 1707 1567 1751 Patron,
1598 1715 1637 1743 et
1667 1704 1728 1743 tui

338 1772 614 1825 condiscipuli.
661 1774 761 1824 Qae
791 1773 840 1811 de
869 1773 1096 1812 Tarentinis
1129 1773 1169 1810 in
1200 1773 1344 1810 militia
1373 1772 1559 1817 laboravi,
1590 1785 1632 1809 ea
1653 1771 1729 1809 tibi

336 1848 445 1892 grata
476 1839 551 1877 effe
584 1839 748 1891 gaudeo.
795 1840 915 1891 Qod
949 1840 1087 1878 scribis
1120 1839 1270 1878 libente
1303 1848 1341 1877 te
1374 1839 1565 1892 repulsam
1601 1837 1729 1876 tuliffe

339 1918 446 1951 eum,
478 1906 547 1957 qui
568 1918 662 1943 cum
683 1905 821 1944 sororis
843 1915 918 1944 tuae
939 1906 1011 1944 filii
1039 1915 1177 1958 patruo
1198 1915 1388 1949 certaret;
1421 1904 1554 1956 magni
1585 1904 1727 1942 amoris

341 1971 509 2023 fignum.
543 1972 681 2024 Itaque
700 1985 764 2010 me
783 1972 902 2010 etiam
924 1971 1174 2016 admonuisti,
1197 1980 1241 2008 ut
1261 1971 1489 2023 gauderem:
1515 1983 1603 2008 nam
1627 1968 1729 2007 mihi

341 2038 382 2075 in
411 2046 586 2075 mentem
616 2050 693 2075 non
715 2047 884 2076 venerat.
931 2039 1026 2076 Non
1060 2037 1190 2082 credo,
1222 2037 1369 2088 inquis.
1417 2037 1475 2074 Ut
1506 2035 1630 2074 libet:
1666 2033 1728 2073 sed

339 2102 454 2155 plane
475 2102 624 2154 gaudeo
643 2117 651 2141 :
684 2103 873 2155 quoniam
894 2096 924 2136 π)
943 2098 1076 2152 reposo-{zv
1093 2100 1249 2141 interest
1269 2097 1311 2136 τὲ
1328 2098 1454 2146 φθυνέιν.

681 2304 924 2342 emmo
964 2305 1219 2342 ATTlco
1261 2304 1390 2342 SAL.

346 2430 439 2469 XX.
465 2430 512 2501 S
526 2432 609 2469 AT
621 2432 660 2469 U
675 2432 712 2470 R
725 2433 765 2471 N
779 2433 815 2470 A
829 2433 863 2470 L
879 2434 896 2471 I
912 2434 942 2471 B
955 2434 993 2471 U
1009 2433 1031 2471 S
1054 2446 1166 2471 mane
1188 2433 1223 2471 se
1244 2431 1345 2471 mihi
1367 2429 1595 2469 Pindenissae
1616 2428 1726 2467 dedi-

542 2495 698 2541 derunt,
730 2497 896 2549 septimo
927 2508 966 2537 et
997 2499 1290 2551 quadragesimo
1317 2498 1393 2543 die,
1426 2497 1628 2550 postquam
1654 2509 1728 2547 op-

345 2573 518 2613 pugnare
552 2573 616 2598 eos
651 2561 862 2614 coepimus.
913 2564 997 2616 Qi
1034 2563 1222 2614 (malurn)
1258 2562 1319 2601 isti
1355 2559 1583 2600 Pindeniffae
1602 2561 1614 2597 ?
1660 2558 1730 2612 qui

427 2627 566 2665 TOM.
598 2625 715 2666 VIII.
1409 2627 1430 2664 S
