2243 3008
495 279 601 316 AD
659 276 1090 315 ATTICUM
1160 278 1425 319 L113.1x.
1575 283 1649 334 26,-

267 375 379 414 nullo
412 375 532 413 modo
564 375 712 427 possem
745 374 866 419 filere,
904 374 930 412 fi
965 373 1143 419 adeffem,
1181 385 1247 413 aut
1282 390 1359 414 non
1394 379 1644 417 veniendum.

267 441 427 478 Summa
454 439 548 485 fuit,
580 449 624 478 ut
657 440 726 478 ille
759 440 863 492 quast
897 439 1050 477 exitum
1080 453 1270 492 quaerens,
1304 451 1346 479 ut
1377 442 1642 482 deliberarem.

265 505 360 544 Non
381 504 459 543 fuit
479 504 717 557 negandum.
764 506 824 543 Ita
843 504 1094 543 disceffimus.
1142 505 1270 543 Credo
1300 507 1422 557 igitur
1451 507 1557 546 hunc
1585 523 1647 547 me

263 583 344 608 non
364 583 504 608 amare.
551 571 607 607 At
638 584 711 622 ego
742 584 806 608 me
838 570 990 614 amavi;
1023 569 1130 621 quod
1161 569 1262 607 mihi
1289 572 1373 622 jam
1403 572 1555 623 pridem
1577 574 1645 611 usu

263 647 343 672 non
363 636 485 673 venit.
533 635 716 688 Reliqua,
750 636 786 673 O
809 635 879 679 dii,
911 635 980 687 qui
1000 635 1237 672 comitatus!
1271 649 1371 688 quae,
1404 646 1448 674 ut
1478 646 1519 674 tu
1550 637 1645 675 soles

263 699 406 745 dicere,
438 695 534 744 νεκιξαι
552 699 560 737 !
593 700 633 737 in
655 713 732 753 qua
750 709 829 738 erat
861 701 960 738 Eros
982 698 1145 737 Celeris.
1192 700 1229 737 O
1252 713 1334 737 rem
1354 701 1547 753 perditam
1567 702 1573 738 !
1609 704 1645 740 O

262 764 393 817 copias
429 764 668 816 desperatas!
702 765 826 817 Qid,
858 763 966 816 quod
1001 764 1121 802 Servii
1155 763 1293 802 filius?
1324 767 1431 817 quod
1466 766 1646 804 Titinii?

262 839 362 882 quot
382 830 422 867 in
444 828 505 867 his
527 829 656 868 castris
677 829 852 876 fuerunt,
874 829 1019 882 quibus
1042 829 1253 882 Pompeius
1274 830 1613 869 circumfideretur
1632 834 1644 868 ?

263 892 327 933 seit
362 895 551 947 legiones.
597 895 779 934 Multum
813 895 965 948 vigilat,
1002 893 1145 933 audet:
1186 895 1344 934 nullum
1378 896 1491 934 video
1526 897 1646 935 finem

263 960 371 998 mali.
405 961 527 998 Nunc
547 970 651 998 certe
671 961 884 1013 promenda
904 960 978 998 tibi
999 959 1088 998 sunt
1107 960 1279 998 confilia.
1315 961 1408 999 Hoc
1429 961 1555 1000 fuerat
1574 975 1644 1000 ex—

260 1034 448 1064 tremum.
483 1025 557 1064 Illa
577 1035 706 1063 tamen
725 1021 901 1065 κοίίαικλεᾶς
919 1025 1027 1064 illius
1048 1025 1102 1063 est
1120 1025 1264 1070 odiosa,
1287 1040 1405 1078 quam
1426 1041 1525 1079 pene
1544 1041 1643 1079 prae-

261 1091 366 1136 terii,
399 1090 442 1128 Si
441 1090 520 1140 sibi
535 1090 680 1140 cor-filit}
699 1089 823 1142 nqstris
842 1090 900 1128 uti
919 1105 987 1129 non
1006 1089 1142 1134 liceret,
1172 1091 1328 1141 usurum,
1360 1106 1507 1144 quorum
1520 1091 1643 1144 pqffet,

259 1154 312 1193 ad
325 1155 506 1208 omniaque
524 1154 585 1206 effe
605 1155 855 1206 dfierfitrum.
879 1155 1021 1193 Vidisti
1042 1156 1164 1207 igitur
1183 1157 1312 1194 virum
1329 1158 1342 1194 ?
1365 1167 1408 1195 ut
1430 1158 1643 1210 scripseras.

260 1221 492 1273 Ingemuisti
511 1222 524 1258 ?
556 1229 673 1259 certe.
707 1220 816 1258 Cedo
836 1221 999 1272 reliqua.
1033 1220 1143 1272 Qid
1161 1222 1174 1258 ?
1197 1222 1387 1260 continuo
1408 1224 1487 1276 ipse
1508 1224 1547 1260 in
1571 1223 1645 1261 Pe-

260 1285 422 1330 danum,
453 1299 526 1338 ego
553 1286 767 1338 Arpinum.
815 1286 912 1324 Inde
940 1287 1102 1338 expecto
1123 1286 1285 1338 quidem
1305 1285 1515 1331 λαλαμῦσων
1535 1288 1645 1325 illam

260 1359 384 1390 tuam.
417 1352 484 1389 Tu
509 1350 696 1403 (malum)
720 1351 889 1402 inquies,
921 1353 1051 1389 adium
1072 1364 1119 1388 ne
1140 1365 1242 1403 agas.
1290 1352 1424 1389 Etiam
1444 1351 1559 1390 illum
1582 1353 1645 1405 ip-

260 1416 361 1462 sum,
393 1429 512 1469 quem
533 1416 747 1468 sequimur,
779 1417 906 1454 multa
924 1416 1167 1455 fefellerunt.
1215 1416 1288 1454 Sed
1317 1429 1390 1468 ego
1411 1425 1494 1455 tuas
1515 1417 1645 1456 literas

260 1484 437 1534 expectO.
484 1481 604 1520 Nihil
632 1481 686 1519 est
715 1482 821 1520 enim
843 1483 942 1534 jam,
974 1492 1017 1520 ut
1047 1491 1170 1526 antea,
1201 1481 1383 1520 videamus
1402 1481 1465 1519 hoc
1484 1484 1647 1535 quorfitm

260 1546 408 1584 evadat.
450 1548 686 1584 Extremum
706 1547 785 1584 fuit
805 1547 852 1584 de
872 1546 1074 1600 congreffu
1095 1546 1224 1584 nostro
1242 1562 1250 1584 :
1283 1560 1363 1599 quo
1383 1548 1544 1599 quidem
1565 1563 1645 1587 non

261 1611 402 1649 dubito
436 1612 534 1664 quin
568 1610 685 1648 istum
720 1610 968 1650 offenderim.
1025 1612 1086 1649 Eo
1119 1612 1311 1650 maturius
1346 1612 1541 1664 agendum
1575 1614 1642 1652 est.

261 1676 418 1714 Amabo
452 1686 488 1714 te
522 1675 740 1729 epistolam,
784 1686 822 1714 et
860 1675 1039 1718 πολιτικήν.
1094 1676 1218 1714 Valde
1256 1686 1340 1714 tuas
1374 1677 1503 1715 literas
1538 1691 1644 1716 nunc

261 1755 306 1780 ex
313 1743 436 1794 Ρεᾶο.

599 1944 840 1982 Ciceno
882 1944 1134 1981 Arrrco
1178 1944 1307 1981 SAL.

263 2071 378 2110 XIX.
402 2071 516 2143 EG
531 2072 568 2109 Ο
598 2085 687 2110 meo
708 2071 907 2116 Ciceroni,
929 2071 1117 2125 quoniam
1140 2075 1268 2112 Roma
1287 2085 1478 2117 caremus,
1502 2074 1644 2125 Arpini

498 2138 740 2190 potiffimum
763 2147 895 2190 togam
917 2150 1053 2189 puram
1074 2137 1191 2184 dedi3
1225 2139 1344 2191 idque
1373 2138 1643 2191 municipibus

262 2203 399 2241 nostris
428 2202 506 2241 fuit
535 2213 706 2255 gratum.
754 2204 835 2242 Etsi
870 2217 1022 2249 omnes,
1052 2213 1091 2242 et
1125 2205 1230 2250 illos,
1261 2213 1300 2242 et
1333 2216 1410 2255 qua
1443 2204 1516 2241 iter
1549 2202 1642 2248 feci,

262 2267 417 2306 moestos
438 2267 676 2322 afflictosque
697 2269 777 2307 vidi
797 2285 805 2307 ε
833 2278 913 2306 tam
935 2269 1052 2307 tristis
1073 2279 1112 2306 et
1133 2278 1211 2307 tam
1232 2278 1342 2306 atrox
1362 2266 1415 2304 est
1435 2265 1645 2318 ἀνοιθτῶρητις

261 2331 380 2383 hujus
402 2333 572 2384 ingentis
593 2334 702 2372 mali.
736 2334 922 2372 Delectus
943 2333 1161 2371 habentur:
1194 2334 1234 2371 in
1257 2332 1420 2371 hiberna
1441 2331 1645 2370 deducun-

263 2407 339 2435 tur.
373 2398 444 2441 Ea,
462 2411 546 2449 quae
566 2399 683 2436 etiam
704 2413 796 2437 cum
817 2413 837 2437 a
858 2400 970 2437 bonis
992 2399 1099 2443 viris,
1118 2412 1210 2437 cum
1226 2398 1332 2451 justo
1352 2398 1392 2435 in
1415 2397 1534 2442 bello,
1552 2411 1645 2436 cum

262 2462 447 2507 modeste,
481 2461 597 2507 fiunt,
629 2472 758 2501 tamen
779 2465 859 2517 ipsa
883 2479 950 2518 per
971 2465 1006 2503 se
1038 2465 1197 2503 molesta
1229 2464 1332 2509 sunt,
1365 2476 1483 2516 quam
1516 2463 1644 2501 censes

260 2528 396 2566 acerba
416 2540 521 2564 nunc
541 2526 627 2571 effe,
645 2540 737 2565 cum
753 2541 772 2565 a
792 2530 954 2580 perditis
976 2531 1016 2567 in
1038 2530 1147 2568 civili
1170 2528 1316 2568 nefario
1338 2529 1442 2566 bello
1462 2527 1644 2579 petulan-

345 2594 483 2631 ToM.
517 2592 632 2630 VIII.
1268 2593 1300 2630 L
1332 2593 1345 2629 1
