2243 3008
548 321 619 371 170
891 317 1581 358 prsTOLARUM

882 555 1123 592 emeno
1164 551 1419 590 Arrrco
1461 550 1589 590 SAL.

542 677 620 721 111.
647 680 820 753 ANT
836 681 869 719 E
901 679 1004 717 diem
1028 691 1132 717 v111.
1155 677 1216 716 Id.
1241 677 1436 716 Decemb.
1459 677 1735 718 Herculanum
1755 680 1858 726 veni,
1888 688 1928 718 et

756 745 813 783 ibi
836 755 918 783 tuas
940 744 1070 782 literas
1090 743 1184 795 legi,
1215 756 1310 796 quas
1333 742 1575 782 Philotimus
1595 743 1697 782 mihi
1727 745 1896 783 reddidit
1914 764 1925 789 ς

537 827 560 851 e
582 813 726 865 quibus
747 810 848 848 hanc
869 809 999 862 primo
1017 808 1172 860 aspectu
1191 809 1436 861 voluptatem
1456 809 1559 861 cepi,
1589 809 1696 862 quod
1717 820 1825 849 erant
1851 823 1873 848 a
1892 820 1929 848 te

541 877 625 930 ipso
647 876 817 928 scriptae:
841 873 982 912 deinde
996 886 1129 911 earum
1150 872 1431 911 accuratiffima
1449 872 1656 925 diligentia
1675 873 1761 912 sum
1781 874 1930 913 mirum

540 944 583 982 in
603 942 770 981 modum
790 940 1016 978 delcetatus.
1049 941 1110 977 Ac
1131 940 1308 992 primum
1327 939 1444 984 illud,
1476 939 1516 977 in
1538 953 1619 992 quo
1640 950 1678 978 te
1699 939 1930 979 Dicaearcho

540 1007 710 1047 assentiri
730 1019 862 1059 negas,
892 1005 959 1043 ets1
980 1004 1228 1057 cupidiffime
1246 1005 1467 1057 expetitum
1498 1018 1519 1042 a
1548 1019 1611 1044 me
1638 1005 1698 1050 fit,
1728 1015 1768 1044 et
1786 1019 1929 1059 appro-

541 1075 657 1112 bante
678 1082 731 1118 te,
764 1085 812 1110 ne
842 1071 991 1110 diutius
1024 1084 1126 1109 anno
1155 1071 1197 1109 in
1226 1071 1430 1123 provincia
1457 1070 1588 1116 effem,
1620 1080 1751 1110 tamen
1778 1085 1858 1110 non
1877 1072 1931 1110 est

542 1139 668 1177 nostra
687 1137 942 1176 contentione
961 1135 1194 1189 perfectum.
1241 1135 1304 1174 Sic
1331 1136 1441 1174 enim
1469 1135 1581 1182 scito,
1611 1137 1776 1175 verbum
1798 1137 1838 1175 in
1860 1138 1928 1174 Se-

541 1214 634 1243 natu
656 1203 805 1242 fastum
825 1202 897 1241 effe
917 1215 1121 1254 nunquam
1141 1201 1189 1239 de
1209 1201 1293 1239 ullo
1313 1200 1504 1246 nostrum,
1521 1202 1591 1254 qui
1612 1203 1832 1255 provincias
1853 1203 1926 1241 ob-

541 1270 752 1314 tinuimus,
783 1281 863 1321 quo
883 1267 923 1305 in
944 1265 1006 1305 his
1027 1266 1192 1312 diutius,
1223 1279 1343 1319 quam
1363 1279 1411 1305 ex
1438 1266 1812 1313 senatus-consulto,
1843 1281 1928 1306 ma-

541 1348 749 1380 neremus;
782 1343 826 1371 ut
839 1334 924 1384 jam
945 1346 993 1370 ne
1013 1332 1122 1371 istius
1141 1331 1305 1385 quidem
1325 1332 1380 1371 rei
1400 1332 1559 1386 culpam
1580 1332 1801 1378 sustineam,
1823 1333 1932 1387 quod

541 1401 675 1439 minus
695 1399 764 1438 diu
783 1398 929 1437 fuerim
949 1398 990 1436 in
1010 1397 1226 1451 provincia,
1243 1411 1361 1450 quam
1382 1396 1534 1437 fortaffe
1554 1397 1675 1437 fuerit
1696 1399 1808 1437 utile.
1841 1399 1929 1443 Sed,

540 1465 681 1518 quidsi
705 1464 769 1503 hoc
795 1463 952 1502 melius?
991 1463 1086 1517 saepe
1118 1473 1341 1516 opportune
1375 1463 1455 1501 dici
1488 1463 1657 1509 videtur,
1700 1473 1744 1503 ut
1777 1465 1819 1503 in
1853 1463 1931 1502 hoc

541 1530 641 1583 ipso.
688 1530 775 1568 Sive
805 1529 913 1567 enim
933 1528 980 1566 ad
1007 1528 1259 1567 concordiam
1280 1541 1339 1566 res
1359 1527 1500 1566 adduci
1520 1528 1661 1580 potest,
1693 1529 1767 1566 five
1786 1529 1833 1566 ad
1855 1530 1928 1568 bo-

541 1609 685 1634 norum
705 1595 936 1640 victoriam
970 1593 1152 1633 utriusvis
1173 1593 1229 1631 rei
1258 1606 1322 1632 me
1342 1602 1409 1632 aut
1438 1592 1658 1646 adjutorem
1689 1594 1811 1633 velim
1840 1594 1929 1640 esse,

539 1671 608 1700 aut
627 1670 730 1700 certe
750 1673 829 1698 non
850 1668 1074 1713 expertem:
1097 1659 1152 1699 fin
1172 1659 1388 1698 vincuntur
1407 1659 1503 1698 boni
1515 1677 1527 1705 ς
1551 1659 1779 1713 ubicunque
1798 1660 1929 1706 essem,

540 1741 618 1766 una
637 1741 730 1766 cum
750 1727 798 1765 iis
819 1726 944 1765 victus
963 1725 1094 1765 effem.
1140 1725 1274 1778 Qare
1301 1725 1478 1764 celeritas
1510 1725 1630 1764 nostri
1660 1726 1806 1765 reditus
1836 1725 1929 1774 εἰμε-

539 1790 724 1840 ταμέλητος
743 1792 858 1831 debet
878 1791 965 1831 effe.
1011 1791 1132 1844 Qod
1161 1791 1188 1830 fi
1218 1791 1288 1830 ista
1310 1791 1425 1830 nobis
1447 1791 1637 1843 cogitatio
1657 1791 1704 1830 de
1726 1790 1931 1844 triumpho

539 1858 682 1911 injecta
702 1872 781 1897 non
801 1858 906 1904 effet,
932 1871 1052 1911 quam
1073 1866 1116 1895 tu
1137 1869 1297 1910 quoque
1316 1856 1522 1909 approbas,
1554 1870 1612 1895 nae
1633 1866 1676 1895 tu
1696 1855 1799 1895 haud
1819 1857 1930 1896 mul-

541 1932 630 1961 tum
661 1923 874 1975 requireres
904 1922 1022 1960 illum
1056 1921 1201 1967 virum,
1232 1921 1302 1975 qui
1337 1922 1378 1960 in
1413 1921 1521 1960 sexto
1554 1921 1658 1960 libro
1692 1921 1929 1961 informatus

538 1987 620 2027 est:
652 1987 749 2039 quid
781 1987 888 2025 enim
920 1987 995 2025 tibi
1025 1986 1183 2032 faciam,
1214 1987 1283 2040 qui
1314 1986 1405 2025 illos
1438 1986 1560 2025 libros
1582 1986 1801 2025 devorasti?
1832 1988 1932 2040 quin

541 2067 647 2093 nunc
669 2052 797 2105 ipsum
819 2066 898 2090 non
919 2051 1110 2091 dubitabo
1131 2066 1213 2090 rem
1234 2061 1383 2090 tantam
1403 2052 1585 2104 abjicere,
1616 2053 1643 2091 fi
1674 2052 1714 2090 id
1740 2053 1815 2091 erit
1843 2067 1930 2091 rec-

539 2120 635 2159 tius.
660 2119 888 2170 Utrumque
908 2131 999 2156 vero
1020 2118 1132 2156 fimul
1153 2118 1216 2170 agi
1237 2131 1316 2156 non
1338 2117 1477 2170 potest,
1494 2127 1534 2155 et
1553 2117 1600 2156 de
1617 2117 1824 2171 triumpho
1843 2131 1929 2156 am-

542 2184 696 2229 bitiose,
727 2193 766 2222 et
786 2183 833 2222 de
854 2183 1077 2236 Republica
1096 2183 1232 2222 libere.
1277 2183 1350 2221 Sed
1371 2196 1419 2221 ne
1440 2182 1646 2228 dubitaris,
1678 2184 1791 2236 quin,
1823 2184 1930 2237 quod

541 2249 757 2295 honestius,
788 2247 829 2287 id
857 2247 960 2287 mihi
989 2248 1172 2287 futurum
1201 2249 1247 2287 fit
1277 2248 1494 2301 antiquius.
1543 2248 1651 2287 Nam
1683 2248 1790 2301 quod
1818 2259 1930 2301 putas

543 2318 682 2356 utilius
702 2315 790 2361 ess‘e,
821 2315 882 2354 vel
904 2313 1006 2354 mihi
1029 2314 1137 2369 quod
1158 2315 1283 2354 tutius
1305 2315 1364 2360 fit,
1396 2315 1455 2353 vel
1477 2315 1596 2353 etiam
1618 2324 1660 2353 ut
1684 2315 1930 2368 Reipublicae

542 2381 715 2437 prodesse
736 2381 890 2435 poffim,
922 2394 985 2420 me
1005 2381 1078 2420 effe
1097 2395 1191 2420 cum
1211 2381 1407 2434 imperio;
1440 2380 1479 2418 id
1509 2394 1639 2419 coram
1669 2381 1931 2420 confidembi-

542 2462 631 2488 mus
652 2448 766 2501 quale
788 2448 859 2486 fit:
892 2446 1010 2486 habet
1039 2448 1147 2486 enim
1179 2460 1237 2486 res
1269 2447 1620 2492 deliberationum
1652 2447 1719 2486 etsi
1749 2461 1796 2486 ex
1824 2457 1932 2501 parte

543 2525 685 2565 magna
705 2512 778 2550 tibi
806 2512 979 2551 ass‘entio.
1027 2512 1089 2551 De
1121 2512 1255 2550 animo
1285 2522 1416 2550 autem
1448 2525 1536 2550 meo
1567 2525 1656 2564 erga
1688 2512 1930 2565 Rempubli-

544 2593 628 2617 cam
666 2579 763 2618 bene
796 2577 891 2618 facis
927 2579 1035 2632 quod
1068 2592 1147 2617 non
1180 2578 1364 2624 dubitas;
1406 2588 1444 2617 et
1478 2577 1583 2617 illud
1612 2578 1732 2631 probe
1757 2578 1928 2631 judicu,
