2243 3008
459 255 510 307 78
805 250 1490 292 EPISTOLARUM

434 364 442 368 ·
461 353 679 398 statueram,
702 352 828 406 quoad
850 352 998 405 aliquid
1019 351 1065 390 ad
1086 365 1148 390 me
1169 351 1216 389 de
1235 364 1281 388 eo
1302 350 1500 395 scriberes,
1523 348 1628 402 quod
1648 348 1840 402 proximis

459 420 582 459 literis
605 419 816 471 scripseras,
835 418 917 456 fore
933 418 991 455 uti
1012 416 1226 455 secundum
1246 416 1409 453 comitia
1427 414 1576 467 aliquid
1596 415 1643 452 de
1664 415 1777 453 nobis
1798 415 1840 452 in

461 485 601 523 Senatu
623 492 826 535 ageretur;
859 482 898 520 id
921 482 994 520 tibi
1015 481 1250 533 Pompeium
1272 479 1420 517 dixiffe.
1467 481 1557 531 Qa
1577 479 1624 517 de
1650 493 1703 524 re,
1735 492 1838 531 quo-

459 550 564 587 niam
586 549 748 587 comitia
767 547 900 585 habita
920 547 1023 591 sunt,
1055 555 1176 598 tuque
1198 544 1298 582 nihil
1320 544 1366 581 ad
1395 557 1459 581 me
1480 544 1643 589 scribis,
1675 543 1839 596 proinde

456 614 611 652 habebo
632 627 674 652 ac
695 613 720 651 s1
741 612 940 665 scripfiffes
962 610 1063 649 nihil
1083 610 1182 654 effe;
1216 623 1340 662 neque
1368 609 1554 661 temporis
1577 622 1655 647 non
1676 609 1838 661 longin-

457 680 526 732 qui
560 679 623 731 spe
655 678 817 716 ductum
845 676 918 714 effe
944 675 1103 714 moleste
1131 673 1268 712 feram.
1315 675 1447 725 Qem
1474 682 1605 710 autem
1625 682 1780 711 motum
1801 681 1839 710 te

457 744 586 782 videre
615 743 830 795 scripseras,
860 741 930 793 qui
962 740 1074 778 nobis
1109 739 1218 777 utilis
1251 737 1333 776 fore
1366 737 1576 781 videretur,
1606 750 1697 775 eum
1732 750 1837 775 nun-

457 810 570 853 tiant,
602 808 671 860 qui
691 808 868 851 veniunt,
900 805 1058 843 nullum
1087 803 1184 842 fore.
1232 805 1277 842 In
1299 802 1492 841 Tribunis
1513 802 1639 854 plebis
1660 801 1836 854 designa-

458 874 507 912 tis
529 874 677 925 reliqua
698 872 779 924 spes
800 871 880 909 est:
913 884 1031 923 quam
1058 870 1084 907 fi
1111 871 1328 921 expet-staro,
1360 881 1439 906 non
1468 867 1556 911 erit,
1587 867 1695 919 quod
1724 876 1837 919 putes

455 952 518 976 me
539 937 657 975 causae
678 950 772 974 meae
792 949 834 973 ac
856 934 1048 972 voluntati
1069 947 1248 971 meorum
1275 931 1449 970 defuisse.
1496 931 1616 982 Qod
1648 944 1711 968 me
1741 931 1838 983 saepe

456 1002 622 1046 accusas,
653 1000 850 1039 curhunc
871 1013 1004 1037 meum
1024 999 1155 1036 casum
1177 1007 1256 1035 tam
1276 996 1444 1048 graviter
1463 994 1600 1041 feram,
1631 995 1747 1034 debes
1772 997 1836 1048 ig-

456 1067 624 1110 noscere,
655 1078 748 1103 cum
780 1064 832 1101 ita
862 1076 926 1101 me
959 1061 1150 1100 affliCtum
1180 1061 1323 1106 videas,
1355 1069 1399 1098 ut
1429 1059 1628 1098 neminem
1660 1074 1834 1113 unquam

454 1144 525 1169 nec
557 1130 713 1174 videris,
745 1141 815 1166 nec
843 1127 1027 1165 audieris.
1073 1126 1180 1164 Nam
1213 1124 1320 1178 quod
1355 1123 1490 1161 scribis
1526 1133 1563 1161 te
1595 1124 1742 1169 audire,
1772 1139 1837 1163 me

452 1197 570 1234 etiam
598 1195 741 1233 mentis
771 1207 898 1231 errore
924 1206 971 1230 ex
1001 1191 1134 1229 dolore
1161 1191 1290 1229 affici:
1323 1188 1424 1227 mihi
1445 1202 1534 1227 vero
1554 1203 1664 1228 mens
1685 1190 1836 1243 integra

452 1261 532 1306 est,
563 1269 679 1312 atque
699 1259 851 1297 utinam
873 1267 951 1295 tam
972 1257 1011 1294 in
1033 1256 1209 1309 perleulo
1229 1255 1373 1299 fuiss‘et,
1395 1267 1488 1292 cum
1508 1267 1581 1306 ego
1603 1255 1664 1299 iis,
1687 1255 1833 1307 quibus

453 1339 582 1364 meam
613 1325 776 1362 salutern
810 1322 1038 1360 cariffimam
1073 1321 1144 1359 effe
1177 1321 1402 1364 arbitrabar,
1434 1319 1710 1358 inimiciffimis
1741 1334 1832 1359 cru-

453 1390 728 1442 deliffimisque
747 1387 836 1426 usus
859 1387 967 1425 sum:
999 1386 1084 1439 qui,
1116 1395 1159 1424 ut
1180 1399 1243 1424 me
1263 1385 1470 1438 paululum
1491 1384 1672 1422 inclinari
1692 1385 1834 1424 timore

452 1456 648 1499 viderunt,
679 1454 729 1492 sic
750 1452 1008 1506 impulerunt,
1039 1460 1083 1488 ut
1112 1451 1222 1489 omni
1249 1450 1316 1488 suo
1344 1449 1481 1488 scelere
1509 1458 1548 1486 et
1574 1449 1736 1501 perfidia
1761 1452 1831 1488 ab·

452 1528 655 1558 uterentur
675 1518 720 1556 ad
740 1518 907 1556 exitium
927 1530 1075 1555 meum.
1107 1517 1244 1561 Nunc,
1261 1515 1449 1568 quoniam
1469 1514 1523 1552 est
1539 1514 1736 1564 Cyzicum
1757 1529 1830 1555 no-

453 1585 512 1623 bis
544 1584 733 1627 eundum,
764 1596 844 1635 quo
875 1582 995 1620 rarius
1025 1581 1071 1619 ad
1101 1594 1164 1619 me
1185 1581 1306 1619 literae
1326 1578 1583 1632 perferentur,
1614 1577 1691 1617 hoc
1712 1581 1832 1619 velim

449 1650 680 1702 diligentius
700 1648 846 1692 omnia,
878 1661 964 1699 quae
993 1647 1140 1699 putaris
1170 1659 1232 1688 me
1253 1645 1347 1683 scire
1367 1657 1465 1697 opus
1486 1643 1572 1688 effe,
1602 1644 1830 1696 perscribas.

450 1714 687 1766 eratrem
715 1726 848 1751 meum
874 1712 935 1750 fac
963 1711 1129 1763 diligas:
1163 1724 1282 1764 quem
1311 1723 1384 1762 ego
1406 1709 1520 1747 miser
1541 1709 1566 1746 fi
1587 1709 1830 1751 incolumem

450 1779 644 1832 relinquo,
677 1791 754 1817 non
776 1791 839 1816 me
860 1786 989 1816 totum
1009 1776 1159 1829 periiss'e
1178 1775 1407 1814 arbitrabor.
1440 1774 1534 1812 Dat.
1559 1773 1669 1813 Non.
1693 1776 1798 1815 Sext.

788 1981 1028 2018 Cicrno
1071 1980 1323 2017 Αττιςο
1364 1979 1493 2017 SAL.

449 2110 563 2149 XIV.
587 2108 653 2181 E
669 2109 704 2147 X
737 2109 813 2147 tuis
846 2108 968 2147 literis
996 2108 1134 2160 plenus
1158 2106 1240 2145 sum
1261 2108 1527 2159 expectatione
1548 2107 1594 2145 dc
1622 2107 1827 2160 Pompeio,

680 2174 868 2227 quidnam
889 2174 936 2211 de
958 2173 1070 2211 nobis
1092 2173 1200 2218 velit,
1222 2183 1287 2211 aut
1307 2172 1494 2210 ostend-lt.
1528 2173 1701 2211 Comitia
1720 2173 1827 2210 enim

446 2241 562 2278 credo
582 2239 653 2278 esse
674 2239 832 2278 habita:
865 2238 1010 2291 quibus
1031 2237 1233 2282 absolutis,
1261 2238 1393 2276 scribis
1416 2238 1475 2275 illi
1497 2238 1678 2291 placuisse
1699 2239 1758 2290 agi
1781 2238 1828 2275 dc

448 2306 576 2344 nobis.
624 2306 662 2343 Si
696 2305 767 2343 tibi
800 2304 938 2342 stultus
959 2303 1030 2342 ess‘e
1050 2303 1182 2342 videor
1202 2304 1271 2356 qui
1294 2303 1455 2356 sperem,
1487 2303 1588 2341 facio
1611 2314 1678 2341 tuo
1693 2303 1794 2355 jullii
1816 2322 1826 2347 ;

446 2373 513 2411 etsi
536 2372 614 2410 scio
635 2381 672 2410 te
693 2385 755 2410 me
776 2372 823 2410 iis
845 2370 1015 2423 epistolis
1038 2371 1183 2423 potius,
1206 2379 1243 2408 ct
1265 2382 1367 2408 meas
1390 2369 1471 2422 spes
1495 2370 1651 2407 solitum
1673 2369 1744 2407 css‘c
1766 2383 1827 2407 rc-

447 2438 604 2477 morari.
639 2438 759 2476 Nunc
780 2437 898 2475 velim
919 2435 1019 2474 mihi
1042 2437 1154 2489 plane
1177 2436 1400 2488 perscribas,
1433 2436 1528 2488 quid
1550 2436 1692 2474 videas.
1740 2435 1829 2473 Scio

448 2518 516 2543 nos
549 2503 685 2543 nostris
716 2503 853 2543 multis
887 2503 1054 2556 peccatis
1085 2503 1125 2540 in
1152 2502 1250 2541 hanc
1273 2515 1483 2541 :erumnam
1505 2500 1705 2540 incidiss‘e:
1738 2514 1779 2540 ea
1801 2500 1825 2540 si
