<?xml version="1.0" encoding="UTF-8"?>
<!DOCTYPE html PUBLIC "-//W3C//DTD XHTML 1.0 Transitional//EN"
    "http://www.w3.org/TR/xhtml1/DTD/xhtml1-transitional.dtd">
<html xmlns="http://www.w3.org/1999/xhtml" xml:lang="en" lang="en">
 <head>
  <title>
</title>
<meta http-equiv="Content-Type" content="text/html;charset=utf-8" />
  <meta name='ocr-system' content='tesseract 3.04.00' />
  <meta name='ocr-capabilities' content='ocr_page ocr_carea ocr_par ocr_line ocrx_word'/>
</head>
<body>
  <div class='ocr_page' id='page_1' title='image "./operacumindicibu08ciceuoft_0102.png"; bbox 0 0 2243 3008; ppageno 0'>
   <div class='ocr_carea' id='block_1_1' title="bbox 447 262 1479 315">
    <p class='ocr_par' dir='ltr' id='par_1_1' title="bbox 447 262 1479 315">
     <span class='ocr_line' id='line_1_1' title="bbox 447 262 1479 315; baseline -0.003 -12"><span class='ocrx_word' id='word_1_1' title='bbox 447 277 501 315; x_wconf 86' lang='lat'>94</span> <span class='ocrx_word' id='word_1_2' title='bbox 795 262 1479 303; x_wconf 89' lang='lat' dir='ltr'>EPISTOLARUM</span> 
     </span>
    </p>
   </div>
   <div class='ocr_carea' id='block_1_2' title="bbox 446 360 1838 2317">
    <p class='ocr_par' dir='ltr' id='par_1_2' title="bbox 446 360 1838 2317">
     <span class='ocr_line' id='line_1_2' title="bbox 447 360 1832 417; baseline -0.001 -15"><span class='ocrx_word' id='word_1_3' title='bbox 447 365 590 410; x_wconf 82' lang='lat' dir='ltr'>dicere,</span> <span class='ocrx_word' id='word_1_4' title='bbox 608 373 745 417; x_wconf 86' lang='lat' dir='ltr'>praeter</span> <span class='ocrx_word' id='word_1_5' title='bbox 763 363 981 403; x_wconf 65' lang='lat' dir='ltr'>Messallam</span> <span class='ocrx_word' id='word_1_6' title='bbox 997 372 1035 402; x_wconf 90' lang='lat' dir='ltr'>et</span> <span class='ocrx_word' id='word_1_7' title='bbox 1053 362 1278 402; x_wconf 86' lang='lat' dir='ltr'>Afranium.</span> <span class='ocrx_word' id='word_1_8' title='bbox 1309 363 1473 400; x_wconf 66' lang='lat' dir='ltr'>Factum</span> <span class='ocrx_word' id='word_1_9' title='bbox 1490 360 1543 400; x_wconf 88' lang='lat' dir='ltr'>est</span> <span class='ocrx_word' id='word_1_10' title='bbox 1558 361 1832 401; x_wconf 85' lang='lat' dir='ltr'>senatus-con-</span> 
     </span>
     <span class='ocr_line' id='line_1_3' title="bbox 448 428 1834 480; baseline -0.003 -11"><span class='ocrx_word' id='word_1_11' title='bbox 448 431 595 469; x_wconf 89' lang='lat' dir='ltr'>sultum</span> <span class='ocrx_word' id='word_1_12' title='bbox 618 431 657 468; x_wconf 90' lang='lat' dir='ltr'>in</span> <span class='ocrx_word' id='word_1_13' title='bbox 679 444 806 468; x_wconf 88' lang='lat' dir='ltr'>meam</span> <span class='ocrx_word' id='word_1_14' title='bbox 828 429 1073 473; x_wconf 85' lang='lat' dir='ltr'>sententiam,</span> <span class='ocrx_word' id='word_1_15' title='bbox 1091 438 1135 466; x_wconf 91' lang='lat' dir='ltr'>ut</span> <span class='ocrx_word' id='word_1_16' title='bbox 1155 441 1248 466; x_wconf 89' lang='lat' dir='ltr'>cum</span> <span class='ocrx_word' id='word_1_17' title='bbox 1265 428 1456 480; x_wconf 91' lang='lat' dir='ltr'>Pompeio</span> <span class='ocrx_word' id='word_1_18' title='bbox 1475 436 1666 480; x_wconf 86' lang='lat' dir='ltr'>ageretur,</span> <span class='ocrx_word' id='word_1_19' title='bbox 1686 437 1728 466; x_wconf 91' lang='lat' dir='ltr'>ut</span> <span class='ocrx_word' id='word_1_20' title='bbox 1748 441 1834 466; x_wconf 90' lang='lat' dir='ltr'>eam</span> 
     </span>
     <span class='ocr_line' id='line_1_4' title="bbox 448 493 1831 549; baseline -0.003 -14"><span class='ocrx_word' id='word_1_21' title='bbox 448 510 530 535; x_wconf 88' lang='lat' dir='ltr'>rem</span> <span class='ocrx_word' id='word_1_22' title='bbox 552 497 774 549; x_wconf 91' lang='lat' dir='ltr'>susciperet,</span> <span class='ocrx_word' id='word_1_23' title='bbox 798 496 939 548; x_wconf 87' lang='lat' dir='ltr'>lexque</span> <span class='ocrx_word' id='word_1_24' title='bbox 960 494 1126 533; x_wconf 88' lang='lat' dir='ltr'>ferretur</span> <span class='ocrx_word' id='word_1_25' title='bbox 1144 509 1152 533; x_wconf 73' lang='grc' dir='ltr'><strong><em>ε</em></strong></span> <span class='ocrx_word' id='word_1_26' title='bbox 1176 507 1256 547; x_wconf 90' lang='lat' dir='ltr'>quo</span> <span class='ocrx_word' id='word_1_27' title='bbox 1276 493 1635 532; x_wconf 85' lang='lat' dir='ltr'>senatus-consulto</span> <span class='ocrx_word' id='word_1_28' title='bbox 1656 494 1831 538; x_wconf 86' lang='lat' dir='ltr'>recitato,</span> 
     </span>
     <span class='ocr_line' id='line_1_5' title="bbox 446 559 1833 614; baseline -0.003 -13"><span class='ocrx_word' id='word_1_29' title='bbox 446 576 541 601; x_wconf 87' lang='lat' dir='ltr'>cum</span> <span class='ocrx_word' id='word_1_30' title='bbox 573 563 764 601; x_wconf 88' lang='lat' dir='ltr'>continuo</span> <span class='ocrx_word' id='word_1_31' title='bbox 795 561 981 614; x_wconf 89' lang='lat' dir='ltr'>populus,</span> <span class='ocrx_word' id='word_1_32' title='bbox 1013 574 1121 598; x_wconf 89' lang='lat' dir='ltr'>more</span> <span class='ocrx_word' id='word_1_33' title='bbox 1151 559 1227 597; x_wconf 92' lang='lat' dir='ltr'>hoc</span> <span class='ocrx_word' id='word_1_34' title='bbox 1256 559 1402 597; x_wconf 88' lang='lat' dir='ltr'>insulso</span> <span class='ocrx_word' id='word_1_35' title='bbox 1430 568 1469 597; x_wconf 88' lang='lat' dir='ltr'>et</span> <span class='ocrx_word' id='word_1_36' title='bbox 1490 572 1607 604; x_wconf 92' lang='lat' dir='ltr'>novo,</span> <span class='ocrx_word' id='word_1_37' title='bbox 1638 559 1833 612; x_wconf 86' lang='lat' dir='ltr'>plausum,</span> 
     </span>
     <span class='ocr_line' id='line_1_6' title="bbox 447 623 1833 671; baseline -0.003 -5"><span class='ocrx_word' id='word_1_38' title='bbox 447 641 537 666; x_wconf 86' lang='lat' dir='ltr'>meo</span> <span class='ocrx_word' id='word_1_39' title='bbox 571 628 731 666; x_wconf 90' lang='lat' dir='ltr'>nomine</span> <span class='ocrx_word' id='word_1_40' title='bbox 766 626 979 671; x_wconf 88' lang='lat' dir='ltr'>recitando,</span> <span class='ocrx_word' id='word_1_41' title='bbox 1022 624 1196 669; x_wconf 73' lang='lat' dir='ltr'>dedisset,</span> <span class='ocrx_word' id='word_1_42' title='bbox 1238 623 1360 662; x_wconf 91' lang='lat' dir='ltr'>habui</span> <span class='ocrx_word' id='word_1_43' title='bbox 1394 625 1655 663; x_wconf 86' lang='lat' dir='ltr'>concionem:</span> <span class='ocrx_word' id='word_1_44' title='bbox 1697 637 1833 663; x_wconf 88' lang='lat' dir='ltr'>omnes</span> 
     </span>
     <span class='ocr_line' id='line_1_7' title="bbox 446 688 1833 745; baseline -0.004 -13"><span class='ocrx_word' id='word_1_45' title='bbox 446 693 692 745; x_wconf 85' lang='lat' dir='ltr'>magistratus</span> <span class='ocrx_word' id='word_1_46' title='bbox 721 691 939 745; x_wconf 70' lang='lat' dir='ltr'>praesentes,</span> <span class='ocrx_word' id='word_1_47' title='bbox 970 700 1108 743; x_wconf 86' lang='lat' dir='ltr'>praeter</span> <span class='ocrx_word' id='word_1_48' title='bbox 1135 703 1259 727; x_wconf 91' lang='lat' dir='ltr'>unum</span> <span class='ocrx_word' id='word_1_49' title='bbox 1288 689 1513 734; x_wconf 72' lang='lat' dir='ltr'>Praetorem,</span> <span class='ocrx_word' id='word_1_50' title='bbox 1544 698 1583 727; x_wconf 91' lang='lat' dir='ltr'>et</span> <span class='ocrx_word' id='word_1_51' title='bbox 1614 688 1711 728; x_wconf 90' lang='lat' dir='ltr'>duos</span> <span class='ocrx_word' id='word_1_52' title='bbox 1736 689 1833 727; x_wconf 89' lang='lat' dir='ltr'>Tri-</span> 
     </span>
     <span class='ocr_line' id='line_1_8' title="bbox 447 754 1833 811; baseline -0.004 -14"><span class='ocrx_word' id='word_1_53' title='bbox 447 760 574 797; x_wconf 83' lang='lat' dir='ltr'>bunos</span> <span class='ocrx_word' id='word_1_54' title='bbox 606 758 747 811; x_wconf 88' lang='lat' dir='ltr'>plebis,</span> <span class='ocrx_word' id='word_1_55' title='bbox 779 757 983 795; x_wconf 87' lang='lat' dir='ltr'>dederunt.</span> <span class='ocrx_word' id='word_1_56' title='bbox 1030 755 1219 794; x_wconf 91' lang='lat' dir='ltr'>Postridie</span> <span class='ocrx_word' id='word_1_57' title='bbox 1251 756 1412 793; x_wconf 89' lang='lat' dir='ltr'>Senatus</span> <span class='ocrx_word' id='word_1_58' title='bbox 1444 754 1644 808; x_wconf 87' lang='lat' dir='ltr'>frequens,</span> <span class='ocrx_word' id='word_1_59' title='bbox 1674 765 1713 794; x_wconf 90' lang='lat' dir='ltr'>et</span> <span class='ocrx_word' id='word_1_60' title='bbox 1744 768 1833 794; x_wconf 90' lang='lat' dir='ltr'>om-</span> 
     </span>
     <span class='ocr_line' id='line_1_9' title="bbox 448 818 1832 873; baseline -0.004 -11"><span class='ocrx_word' id='word_1_61' title='bbox 448 838 515 862; x_wconf 87' lang='lat' dir='ltr'>nes</span> <span class='ocrx_word' id='word_1_62' title='bbox 538 823 769 862; x_wconf 86' lang='lat' dir='ltr'>Consulares</span> <span class='ocrx_word' id='word_1_63' title='bbox 791 821 891 860; x_wconf 90' lang='lat' dir='ltr'>nihil</span> <span class='ocrx_word' id='word_1_64' title='bbox 922 821 1112 873; x_wconf 90' lang='lat' dir='ltr'>Pompeio</span> <span class='ocrx_word' id='word_1_65' title='bbox 1132 820 1343 873; x_wconf 85' lang='lat' dir='ltr'>postulanti</span> <span class='ocrx_word' id='word_1_66' title='bbox 1371 829 1576 871; x_wconf 88' lang='lat' dir='ltr'>negarunt.</span> <span class='ocrx_word' id='word_1_67' title='bbox 1622 819 1697 857; x_wconf 91' lang='lat' dir='ltr'>Ille</span> <span class='ocrx_word' id='word_1_68' title='bbox 1725 818 1832 871; x_wconf 89' lang='lat' dir='ltr'>lega-</span> 
     </span>
     <span class='ocr_line' id='line_1_10' title="bbox 449 885 1835 941; baseline -0.003 -14"><span class='ocrx_word' id='word_1_69' title='bbox 449 899 508 928; x_wconf 89' lang='lat' dir='ltr'>tos</span> <span class='ocrx_word' id='word_1_70' title='bbox 530 889 759 941; x_wconf 87' lang='lat' dir='ltr'>quindecim</span> <span class='ocrx_word' id='word_1_71' title='bbox 791 901 883 925; x_wconf 91' lang='lat' dir='ltr'>cum</span> <span class='ocrx_word' id='word_1_72' title='bbox 917 886 1141 939; x_wconf 83' lang='lat' dir='ltr'>postularet,</span> <span class='ocrx_word' id='word_1_73' title='bbox 1173 899 1236 923; x_wconf 90' lang='lat' dir='ltr'>me</span> <span class='ocrx_word' id='word_1_74' title='bbox 1267 885 1490 938; x_wconf 89' lang='lat' dir='ltr'>principem</span> <span class='ocrx_word' id='word_1_75' title='bbox 1518 885 1766 930; x_wconf 74' lang='lat' dir='ltr'>nominavit3</span> <span class='ocrx_word' id='word_1_76' title='bbox 1797 894 1835 923; x_wconf 91' lang='lat' dir='ltr'>et</span> 
     </span>
     <span class='ocr_line' id='line_1_11' title="bbox 447 949 1834 1003; baseline -0.003 -11"><span class='ocrx_word' id='word_1_77' title='bbox 447 954 494 992; x_wconf 89' lang='lat' dir='ltr'>ad</span> <span class='ocrx_word' id='word_1_78' title='bbox 515 955 648 992; x_wconf 90' lang='lat' dir='ltr'>omnia</span> <span class='ocrx_word' id='word_1_79' title='bbox 667 967 730 992; x_wconf 91' lang='lat' dir='ltr'>me</span> <span class='ocrx_word' id='word_1_80' title='bbox 750 953 917 990; x_wconf 89' lang='lat' dir='ltr'>alterum</span> <span class='ocrx_word' id='word_1_81' title='bbox 938 952 974 990; x_wconf 91' lang='lat' dir='ltr'>se</span> <span class='ocrx_word' id='word_1_82' title='bbox 994 951 1078 989; x_wconf 90' lang='lat' dir='ltr'>fore</span> <span class='ocrx_word' id='word_1_83' title='bbox 1099 950 1215 989; x_wconf 85' lang='lat' dir='ltr'><strong>dixit.</strong></span> <span class='ocrx_word' id='word_1_84' title='bbox 1248 951 1398 1002; x_wconf 87' lang='lat' dir='ltr'>Legem</span> <span class='ocrx_word' id='word_1_85' title='bbox 1421 950 1612 988; x_wconf 90' lang='lat' dir='ltr'>Consules</span> <span class='ocrx_word' id='word_1_86' title='bbox 1632 949 1834 1003; x_wconf 90' lang='lat' dir='ltr'>conscrip-</span> 
     </span>
     <span class='ocr_line' id='line_1_12' title="bbox 447 1015 1835 1070; baseline -0.003 -13"><span class='ocrx_word' id='word_1_87' title='bbox 447 1019 593 1064; x_wconf 84' lang='lat' dir='ltr'>serunt,</span> <span class='ocrx_word' id='word_1_88' title='bbox 629 1031 706 1070; x_wconf 88' lang='lat' dir='ltr'>qua</span> <span class='ocrx_word' id='word_1_89' title='bbox 738 1017 928 1069; x_wconf 90' lang='lat' dir='ltr'>Pompeio</span> <span class='ocrx_word' id='word_1_90' title='bbox 960 1029 1028 1068; x_wconf 89' lang='lat' dir='ltr'>per</span> <span class='ocrx_word' id='word_1_91' title='bbox 1061 1015 1383 1068; x_wconf 89' lang='lat' dir='ltr'>quinquennium</span> <span class='ocrx_word' id='word_1_92' title='bbox 1417 1015 1546 1054; x_wconf 88' lang='lat' dir='ltr'>omnis</span> <span class='ocrx_word' id='word_1_93' title='bbox 1581 1015 1746 1068; x_wconf 88' lang='lat' dir='ltr'>potestas</span> <span class='ocrx_word' id='word_1_94' title='bbox 1781 1016 1835 1054; x_wconf 90' lang='lat' dir='ltr'>rei</span> 
     </span>
     <span class='ocr_line' id='line_1_13' title="bbox 447 1080 1835 1133; baseline -0.002 -11"><span class='ocrx_word' id='word_1_95' title='bbox 447 1083 711 1128; x_wconf 71' lang='lat' dir='ltr'>frumentariae</span> <span class='ocrx_word' id='word_1_96' title='bbox 733 1091 817 1120; x_wconf 91' lang='lat' dir='ltr'>toto</span> <span class='ocrx_word' id='word_1_97' title='bbox 837 1081 930 1119; x_wconf 90' lang='lat' dir='ltr'>orbe</span> <span class='ocrx_word' id='word_1_98' title='bbox 952 1090 1140 1118; x_wconf 89' lang='lat' dir='ltr'>terrarum</span> <span class='ocrx_word' id='word_1_99' title='bbox 1162 1080 1317 1119; x_wconf 89' lang='lat' dir='ltr'>daretur</span> <span class='ocrx_word' id='word_1_100' title='bbox 1335 1095 1344 1118; x_wconf 77' lang='lat' dir='ltr'><em>z</em></span> <span class='ocrx_word' id='word_1_101' title='bbox 1376 1080 1537 1119; x_wconf 88' lang='lat' dir='ltr'>alteram</span> <span class='ocrx_word' id='word_1_102' title='bbox 1558 1080 1736 1126; x_wconf 79' lang='lat' dir='ltr'>Messius,</span> <span class='ocrx_word' id='word_1_103' title='bbox 1765 1081 1835 1133; x_wconf 89' lang='lat' dir='ltr'>qui</span> 
     </span>
     <span class='ocr_line' id='line_1_14' title="bbox 446 1145 1834 1201; baseline -0.002 -14"><span class='ocrx_word' id='word_1_104' title='bbox 446 1150 576 1187; x_wconf 88' lang='lat' dir='ltr'>omnis</span> <span class='ocrx_word' id='word_1_105' title='bbox 607 1148 783 1201; x_wconf 86' lang='lat' dir='ltr'>pecuniae</span> <span class='ocrx_word' id='word_1_106' title='bbox 812 1146 877 1184; x_wconf 91' lang='lat' dir='ltr'>dat</span> <span class='ocrx_word' id='word_1_107' title='bbox 907 1146 1150 1199; x_wconf 89' lang='lat' dir='ltr'>potestatem,</span> <span class='ocrx_word' id='word_1_108' title='bbox 1181 1155 1220 1184; x_wconf 93' lang='lat' dir='ltr'>et</span> <span class='ocrx_word' id='word_1_109' title='bbox 1250 1146 1430 1198; x_wconf 89' lang='lat' dir='ltr'>adjungit</span> <span class='ocrx_word' id='word_1_110' title='bbox 1450 1145 1605 1184; x_wconf 77' lang='lat' dir='ltr'>classem</span> <span class='ocrx_word' id='word_1_111' title='bbox 1625 1155 1663 1184; x_wconf 92' lang='lat' dir='ltr'>et</span> <span class='ocrx_word' id='word_1_112' title='bbox 1683 1147 1834 1185; x_wconf 82' lang='lat' dir='ltr'>exerci-</span> 
     </span>
     <span class='ocr_line' id='line_1_15' title="bbox 447 1212 1835 1266; baseline -0.002 -13"><span class='ocrx_word' id='word_1_113' title='bbox 447 1224 550 1260; x_wconf 84' lang='lat' dir='ltr'>tum,</span> <span class='ocrx_word' id='word_1_114' title='bbox 581 1224 619 1252; x_wconf 91' lang='lat' dir='ltr'>et</span> <span class='ocrx_word' id='word_1_115' title='bbox 640 1215 765 1266; x_wconf 89' lang='lat' dir='ltr'>majus</span> <span class='ocrx_word' id='word_1_116' title='bbox 792 1213 1005 1266; x_wconf 90' lang='lat' dir='ltr'>imperium</span> <span class='ocrx_word' id='word_1_117' title='bbox 1035 1212 1075 1250; x_wconf 91' lang='lat' dir='ltr'>in</span> <span class='ocrx_word' id='word_1_118' title='bbox 1103 1212 1333 1265; x_wconf 90' lang='lat' dir='ltr'>provinciis,</span> <span class='ocrx_word' id='word_1_119' title='bbox 1364 1225 1483 1264; x_wconf 89' lang='lat' dir='ltr'>quam</span> <span class='ocrx_word' id='word_1_120' title='bbox 1510 1212 1556 1250; x_wconf 88' lang='lat' dir='ltr'>fit</span> <span class='ocrx_word' id='word_1_121' title='bbox 1581 1225 1734 1257; x_wconf 91' lang='lat' dir='ltr'>eorum,</span> <span class='ocrx_word' id='word_1_122' title='bbox 1765 1212 1835 1264; x_wconf 88' lang='lat' dir='ltr'>qui</span> 
     </span>
     <span class='ocr_line' id='line_1_16' title="bbox 446 1277 1834 1322; baseline -0.003 -2"><span class='ocrx_word' id='word_1_123' title='bbox 446 1295 508 1320; x_wconf 87' lang='lat' dir='ltr'>eas</span> <span class='ocrx_word' id='word_1_124' title='bbox 529 1281 747 1319; x_wconf 86' lang='lat' dir='ltr'>obtineant.</span> <span class='ocrx_word' id='word_1_125' title='bbox 780 1279 853 1318; x_wconf 90' lang='lat' dir='ltr'>Illa</span> <span class='ocrx_word' id='word_1_126' title='bbox 874 1278 999 1316; x_wconf 87' lang='lat' dir='ltr'>nostra</span> <span class='ocrx_word' id='word_1_127' title='bbox 1020 1278 1083 1316; x_wconf 89' lang='lat' dir='ltr'>lex</span> <span class='ocrx_word' id='word_1_128' title='bbox 1105 1277 1331 1316; x_wconf 90' lang='lat' dir='ltr'>Consularis</span> <span class='ocrx_word' id='word_1_129' title='bbox 1353 1291 1458 1316; x_wconf 92' lang='lat' dir='ltr'>nunc</span> <span class='ocrx_word' id='word_1_130' title='bbox 1480 1277 1651 1316; x_wconf 88' lang='lat' dir='ltr'>modesta</span> <span class='ocrx_word' id='word_1_131' title='bbox 1666 1278 1834 1322; x_wconf 81' lang='lat' dir='ltr'>videtur,</span> 
     </span>
     <span class='ocr_line' id='line_1_17' title="bbox 447 1343 1834 1396; baseline -0.003 -10"><span class='ocrx_word' id='word_1_132' title='bbox 447 1347 531 1386; x_wconf 87' lang='lat' dir='ltr'>haec</span> <span class='ocrx_word' id='word_1_133' title='bbox 552 1346 682 1386; x_wconf 87' lang='lat' dir='ltr'>Meffii</span> <span class='ocrx_word' id='word_1_134' title='bbox 704 1359 782 1384; x_wconf 90' lang='lat' dir='ltr'>non</span> <span class='ocrx_word' id='word_1_135' title='bbox 803 1344 974 1383; x_wconf 90' lang='lat' dir='ltr'>ferenda.</span> <span class='ocrx_word' id='word_1_136' title='bbox 1015 1344 1228 1396; x_wconf 89' lang='lat' dir='ltr'>Pompeius</span> <span class='ocrx_word' id='word_1_137' title='bbox 1249 1343 1359 1382; x_wconf 87' lang='lat' dir='ltr'>illam</span> <span class='ocrx_word' id='word_1_138' title='bbox 1380 1344 1480 1382; x_wconf 92' lang='lat' dir='ltr'>velle</span> <span class='ocrx_word' id='word_1_139' title='bbox 1500 1344 1536 1382; x_wconf 92' lang='lat' dir='ltr'>se</span> <span class='ocrx_word' id='word_1_140' title='bbox 1556 1344 1683 1390; x_wconf 69' lang='lat' dir='ltr'>dicit,</span> <span class='ocrx_word' id='word_1_141' title='bbox 1715 1343 1834 1382; x_wconf 89' lang='lat' dir='ltr'>fami-</span> 
     </span>
     <span class='ocr_line' id='line_1_18' title="bbox 447 1408 1834 1458; baseline -0.003 -7"><span class='ocrx_word' id='word_1_142' title='bbox 447 1413 575 1458; x_wconf 89' lang='lat' dir='ltr'>liares,</span> <span class='ocrx_word' id='word_1_143' title='bbox 606 1411 722 1450; x_wconf 89' lang='lat' dir='ltr'>hanc.</span> <span class='ocrx_word' id='word_1_144' title='bbox 770 1410 1018 1455; x_wconf 87' lang='lat' dir='ltr'>Consulares,</span> <span class='ocrx_word' id='word_1_145' title='bbox 1049 1409 1147 1448; x_wconf 90' lang='lat' dir='ltr'>duce</span> <span class='ocrx_word' id='word_1_146' title='bbox 1178 1409 1368 1454; x_wconf 90' lang='lat' dir='ltr'>Favonio,</span> <span class='ocrx_word' id='word_1_147' title='bbox 1399 1408 1602 1448; x_wconf 89' lang='lat' dir='ltr'>fremunt:</span> <span class='ocrx_word' id='word_1_148' title='bbox 1636 1423 1706 1448; x_wconf 91' lang='lat' dir='ltr'>nos</span> <span class='ocrx_word' id='word_1_149' title='bbox 1729 1419 1834 1448; x_wconf 87' lang='lat' dir='ltr'>tace-</span> 
     </span>
     <span class='ocr_line' id='line_1_19' title="bbox 447 1474 1834 1529; baseline -0.003 -12"><span class='ocrx_word' id='word_1_150' title='bbox 447 1492 566 1524; x_wconf 84' lang='lat' dir='ltr'>mus;</span> <span class='ocrx_word' id='word_1_151' title='bbox 598 1486 637 1515; x_wconf 90' lang='lat' dir='ltr'>et</span> <span class='ocrx_word' id='word_1_152' title='bbox 667 1491 713 1515; x_wconf 91' lang='lat' dir='ltr'>eo</span> <span class='ocrx_word' id='word_1_153' title='bbox 744 1477 884 1529; x_wconf 91' lang='lat' dir='ltr'>magis,</span> <span class='ocrx_word' id='word_1_154' title='bbox 915 1475 1024 1528; x_wconf 92' lang='lat' dir='ltr'>quod</span> <span class='ocrx_word' id='word_1_155' title='bbox 1051 1475 1098 1514; x_wconf 92' lang='lat' dir='ltr'>de</span> <span class='ocrx_word' id='word_1_156' title='bbox 1128 1475 1247 1514; x_wconf 90' lang='lat' dir='ltr'>domo</span> <span class='ocrx_word' id='word_1_157' title='bbox 1274 1475 1401 1513; x_wconf 87' lang='lat' dir='ltr'>nostra</span> <span class='ocrx_word' id='word_1_158' title='bbox 1421 1474 1522 1513; x_wconf 88' lang='lat' dir='ltr'>nibil</span> <span class='ocrx_word' id='word_1_159' title='bbox 1543 1474 1671 1514; x_wconf 90' lang='lat' dir='ltr'>adhuc</span> <span class='ocrx_word' id='word_1_160' title='bbox 1694 1475 1834 1514; x_wconf 89' lang='lat' dir='ltr'>Ponti-</span> 
     </span>
     <span class='ocr_line' id='line_1_20' title="bbox 447 1540 1836 1595; baseline -0.003 -13"><span class='ocrx_word' id='word_1_161' title='bbox 447 1543 540 1583; x_wconf 89' lang='lat' dir='ltr'>fices</span> <span class='ocrx_word' id='word_1_162' title='bbox 562 1542 856 1595; x_wconf 86' lang='lat' dir='ltr'>responderunt.</span> <span class='ocrx_word' id='word_1_163' title='bbox 904 1541 986 1592; x_wconf 86' lang='lat' dir='ltr'>Qi</span> <span class='ocrx_word' id='word_1_164' title='bbox 1007 1541 1034 1579; x_wconf 88' lang='lat' dir='ltr'>fi</span> <span class='ocrx_word' id='word_1_165' title='bbox 1064 1540 1287 1579; x_wconf 89' lang='lat' dir='ltr'>sustulerint</span> <span class='ocrx_word' id='word_1_166' title='bbox 1309 1540 1556 1592; x_wconf 87' lang='lat' dir='ltr'>religionem,</span> <span class='ocrx_word' id='word_1_167' title='bbox 1587 1554 1713 1578; x_wconf 89' lang='lat' dir='ltr'>aream</span> <span class='ocrx_word' id='word_1_168' title='bbox 1735 1554 1836 1593; x_wconf 87' lang='lat' dir='ltr'>prae-</span> 
     </span>
     <span class='ocr_line' id='line_1_21' title="bbox 447 1605 1838 1659; baseline -0.001 -12"><span class='ocrx_word' id='word_1_169' title='bbox 447 1610 591 1648; x_wconf 85' lang='lat' dir='ltr'>claram</span> <span class='ocrx_word' id='word_1_170' title='bbox 612 1607 874 1651; x_wconf 89' lang='lat' dir='ltr'>habebimus;</span> <span class='ocrx_word' id='word_1_171' title='bbox 908 1606 1152 1659; x_wconf 88' lang='lat' dir='ltr'>superficiem</span> <span class='ocrx_word' id='word_1_172' title='bbox 1185 1605 1375 1644; x_wconf 91' lang='lat' dir='ltr'>Consules</span> <span class='ocrx_word' id='word_1_173' title='bbox 1405 1620 1452 1644; x_wconf 87' lang='lat' dir='ltr'>ex</span> <span class='ocrx_word' id='word_1_174' title='bbox 1478 1606 1838 1645; x_wconf 87' lang='lat' dir='ltr'>senatus-consulto</span> 
     </span>
     <span class='ocr_line' id='line_1_22' title="bbox 446 1671 1835 1718; baseline -0.002 -4"><span class='ocrx_word' id='word_1_175' title='bbox 446 1674 720 1714; x_wconf 72' lang='lat' dir='ltr'>aestimabunt:</span> <span class='ocrx_word' id='word_1_176' title='bbox 761 1674 814 1711; x_wconf 79' lang='lat' dir='ltr'>sin</span> <span class='ocrx_word' id='word_1_177' title='bbox 849 1673 975 1718; x_wconf 89' lang='lat' dir='ltr'>aliter,</span> <span class='ocrx_word' id='word_1_178' title='bbox 1015 1672 1294 1717; x_wconf 88' lang='lat' dir='ltr'>demolientur,</span> <span class='ocrx_word' id='word_1_179' title='bbox 1335 1671 1403 1710; x_wconf 90' lang='lat' dir='ltr'>suo</span> <span class='ocrx_word' id='word_1_180' title='bbox 1437 1673 1598 1710; x_wconf 89' lang='lat' dir='ltr'>nomine</span> <span class='ocrx_word' id='word_1_181' title='bbox 1632 1672 1835 1718; x_wconf 85' lang='lat' dir='ltr'>locabunt,</span> 
     </span>
     <span class='ocr_line' id='line_1_23' title="bbox 447 1737 1834 1794; baseline -0.003 -15"><span class='ocrx_word' id='word_1_182' title='bbox 447 1755 529 1779; x_wconf 91' lang='lat' dir='ltr'>rem</span> <span class='ocrx_word' id='word_1_183' title='bbox 551 1749 672 1778; x_wconf 83' lang='lat' dir='ltr'>totam</span> <span class='ocrx_word' id='word_1_184' title='bbox 695 1738 955 1778; x_wconf 85' lang='lat' dir='ltr'>aestimabunt.</span> <span class='ocrx_word' id='word_1_185' title='bbox 1003 1739 1062 1776; x_wconf 90' lang='lat' dir='ltr'>Ita</span> <span class='ocrx_word' id='word_1_186' title='bbox 1090 1737 1179 1776; x_wconf 91' lang='lat' dir='ltr'>sunt</span> <span class='ocrx_word' id='word_1_187' title='bbox 1208 1751 1267 1776; x_wconf 85' lang='lat' dir='ltr'>res</span> <span class='ocrx_word' id='word_1_188' title='bbox 1299 1737 1471 1794; x_wconf 38' lang='lat' dir='ltr'>nostrae3.</span> <span class='ocrx_word' id='word_1_189' title='bbox 1495 1747 1538 1775; x_wconf 90' lang='lat' dir='ltr'>ut</span> <span class='ocrx_word' id='word_1_190' title='bbox 1569 1738 1607 1775; x_wconf 91' lang='lat' dir='ltr'>in</span> <span class='ocrx_word' id='word_1_191' title='bbox 1639 1737 1834 1782; x_wconf 90' lang='lat' dir='ltr'>secundis,</span> 
     </span>
     <span class='ocr_line' id='line_1_24' title="bbox 447 1801 1836 1851; baseline -0.002 -7"><span class='ocrx_word' id='word_1_192' title='bbox 447 1806 590 1851; x_wconf 69' lang='lat' dir='ltr'>fluxae,</span> <span class='ocrx_word' id='word_1_193' title='bbox 623 1814 666 1843; x_wconf 87' lang='lat' dir='ltr'>ut</span> <span class='ocrx_word' id='word_1_194' title='bbox 688 1805 727 1842; x_wconf 93' lang='lat' dir='ltr'>in</span> <span class='ocrx_word' id='word_1_195' title='bbox 749 1804 926 1848; x_wconf 74' lang='lat' dir='ltr'>adversis,</span> <span class='ocrx_word' id='word_1_196' title='bbox 958 1803 1084 1841; x_wconf 88' lang='lat' dir='ltr'>bonae.</span> <span class='ocrx_word' id='word_1_197' title='bbox 1132 1803 1177 1841; x_wconf 90' lang='lat' dir='ltr'>In</span> <span class='ocrx_word' id='word_1_198' title='bbox 1209 1816 1248 1840; x_wconf 89' lang='lat' dir='ltr'>re</span> <span class='ocrx_word' id='word_1_199' title='bbox 1275 1801 1459 1840; x_wconf 82' lang='lat' dir='ltr'>familiari</span> <span class='ocrx_word' id='word_1_200' title='bbox 1481 1802 1590 1840; x_wconf 89' lang='lat' dir='ltr'>valde</span> <span class='ocrx_word' id='word_1_201' title='bbox 1612 1802 1760 1847; x_wconf 89' lang='lat' dir='ltr'>sumus,</span> <span class='ocrx_word' id='word_1_202' title='bbox 1794 1813 1836 1841; x_wconf 90' lang='lat' dir='ltr'>ut</span> 
     </span>
     <span class='ocr_line' id='line_1_25' title="bbox 449 1867 1835 1923; baseline -0.003 -14"><span class='ocrx_word' id='word_1_203' title='bbox 449 1871 537 1917; x_wconf 92' lang='lat' dir='ltr'>scis,</span> <span class='ocrx_word' id='word_1_204' title='bbox 569 1870 799 1923; x_wconf 86' lang='lat' dir='ltr'>perturbati.</span> <span class='ocrx_word' id='word_1_205' title='bbox 835 1870 1021 1908; x_wconf 76' lang='lat' dir='ltr'>Praeterea</span> <span class='ocrx_word' id='word_1_206' title='bbox 1041 1868 1129 1906; x_wconf 90' lang='lat' dir='ltr'>sunt</span> <span class='ocrx_word' id='word_1_207' title='bbox 1150 1867 1328 1920; x_wconf 86' lang='lat' dir='ltr'>quaedam</span> <span class='ocrx_word' id='word_1_208' title='bbox 1349 1867 1573 1912; x_wconf 86' lang='lat' dir='ltr'>domestica,</span> <span class='ocrx_word' id='word_1_209' title='bbox 1605 1882 1690 1921; x_wconf 86' lang='lat' dir='ltr'>quae</span> <span class='ocrx_word' id='word_1_210' title='bbox 1712 1868 1835 1906; x_wconf 88' lang='lat' dir='ltr'>literis</span> 
     </span>
     <span class='ocr_line' id='line_1_26' title="bbox 448 1933 1832 1992; baseline -0.003 -16"><span class='ocrx_word' id='word_1_211' title='bbox 448 1951 528 1977; x_wconf 88' lang='lat' dir='ltr'>non</span> <span class='ocrx_word' id='word_1_212' title='bbox 550 1937 775 1975; x_wconf 76' lang='lat' dir='ltr'>committo.</span> <span class='ocrx_word' id='word_1_213' title='bbox 808 1937 1007 1992; x_wconf 83' lang='lat' dir='ltr'>Qintum</span> <span class='ocrx_word' id='word_1_214' title='bbox 1030 1933 1204 1979; x_wconf 88' lang='lat' dir='ltr'>fratrem,</span> <span class='ocrx_word' id='word_1_215' title='bbox 1223 1934 1363 1987; x_wconf 78' lang='lat' dir='ltr'>insigni</span> <span class='ocrx_word' id='word_1_216' title='bbox 1386 1935 1542 1987; x_wconf 87' lang='lat' dir='ltr'>pietate,</span> <span class='ocrx_word' id='word_1_217' title='bbox 1559 1935 1719 1979; x_wconf 86' lang='lat' dir='ltr'>virtute,</span> <span class='ocrx_word' id='word_1_218' title='bbox 1742 1934 1832 1979; x_wconf 80' lang='lat' dir='ltr'>fide,</span> 
     </span>
     <span class='ocr_line' id='line_1_27' title="bbox 450 2001 1831 2057; baseline -0.001 -15"><span class='ocrx_word' id='word_1_219' title='bbox 450 2003 659 2057; x_wconf 85' lang='lat' dir='ltr'>praeditum</span> <span class='ocrx_word' id='word_1_220' title='bbox 681 2002 730 2040; x_wconf 89' lang='lat' dir='ltr'>s1c</span> <span class='ocrx_word' id='word_1_221' title='bbox 751 2015 854 2046; x_wconf 83' lang='lat' dir='ltr'>amo,</span> <span class='ocrx_word' id='word_1_222' title='bbox 887 2010 930 2039; x_wconf 93' lang='lat' dir='ltr'>ut</span> <span class='ocrx_word' id='word_1_223' title='bbox 950 2001 1087 2038; x_wconf 91' lang='lat' dir='ltr'>debeo.</span> <span class='ocrx_word' id='word_1_224' title='bbox 1134 2002 1195 2039; x_wconf 89' lang='lat' dir='ltr'>Te</span> <span class='ocrx_word' id='word_1_225' title='bbox 1215 2003 1391 2052; x_wconf 64' lang='lat' dir='ltr'>expec&#39;to,</span> <span class='ocrx_word' id='word_1_226' title='bbox 1423 2010 1460 2038; x_wconf 87' lang='lat' dir='ltr'>et</span> <span class='ocrx_word' id='word_1_227' title='bbox 1481 2015 1565 2046; x_wconf 93' lang='lat' dir='ltr'>oro,</span> <span class='ocrx_word' id='word_1_228' title='bbox 1598 2011 1639 2039; x_wconf 85' lang='lat' dir='ltr'>ut</span> <span class='ocrx_word' id='word_1_229' title='bbox 1662 2011 1831 2040; x_wconf 79' lang='lat' dir='ltr'>matures</span> 
     </span>
     <span class='ocr_line' id='line_1_28' title="bbox 449 2066 1833 2120; baseline -0.002 -13"><span class='ocrx_word' id='word_1_230' title='bbox 449 2068 608 2113; x_wconf 69' lang='lat' dir='ltr'>venire,</span> <span class='ocrx_word' id='word_1_231' title='bbox 640 2081 763 2120; x_wconf 91' lang='lat' dir='ltr'>eoque</span> <span class='ocrx_word' id='word_1_232' title='bbox 784 2066 916 2104; x_wconf 89' lang='lat' dir='ltr'>animo</span> <span class='ocrx_word' id='word_1_233' title='bbox 936 2067 1080 2110; x_wconf 87' lang='lat' dir='ltr'>venias,</span> <span class='ocrx_word' id='word_1_234' title='bbox 1113 2075 1155 2103; x_wconf 90' lang='lat' dir='ltr'>ut</span> <span class='ocrx_word' id='word_1_235' title='bbox 1177 2079 1239 2103; x_wconf 91' lang='lat' dir='ltr'>me</span> <span class='ocrx_word' id='word_1_236' title='bbox 1263 2075 1330 2103; x_wconf 87' lang='lat' dir='ltr'>tuo</span> <span class='ocrx_word' id='word_1_237' title='bbox 1350 2066 1513 2104; x_wconf 82' lang='lat' dir='ltr'>consilio</span> <span class='ocrx_word' id='word_1_238' title='bbox 1538 2079 1649 2118; x_wconf 83' lang='lat' dir='ltr'>egere</span> <span class='ocrx_word' id='word_1_239' title='bbox 1677 2080 1754 2104; x_wconf 89' lang='lat' dir='ltr'>non</span> <span class='ocrx_word' id='word_1_240' title='bbox 1786 2067 1833 2104; x_wconf 84' lang='lat' dir='ltr'>sl-</span> 
     </span>
     <span class='ocr_line' id='line_1_29' title="bbox 448 2131 1834 2184; baseline -0.002 -11"><span class='ocrx_word' id='word_1_241' title='bbox 448 2147 531 2173; x_wconf 82' lang='lat' dir='ltr'>nas.</span> <span class='ocrx_word' id='word_1_242' title='bbox 577 2133 753 2172; x_wconf 85' lang='lat' dir='ltr'>Alterius</span> <span class='ocrx_word' id='word_1_243' title='bbox 781 2132 870 2170; x_wconf 78' lang='lat' dir='ltr'>vita:</span> <span class='ocrx_word' id='word_1_244' title='bbox 897 2131 1094 2184; x_wconf 81' lang='lat' dir='ltr'>quoddam</span> <span class='ocrx_word' id='word_1_245' title='bbox 1121 2131 1282 2169; x_wconf 89' lang='lat' dir='ltr'>initium</span> <span class='ocrx_word' id='word_1_246' title='bbox 1310 2131 1501 2170; x_wconf 87' lang='lat' dir='ltr'>ordimur.</span> <span class='ocrx_word' id='word_1_247' title='bbox 1547 2133 1636 2182; x_wconf 85' lang='lat' dir='ltr'>Jam</span> <span class='ocrx_word' id='word_1_248' title='bbox 1657 2131 1834 2184; x_wconf 81' lang='lat' dir='ltr'>quidam,</span> 
     </span>
     <span class='ocr_line' id='line_1_30' title="bbox 448 2196 1834 2252; baseline -0.001 -14"><span class='ocrx_word' id='word_1_249' title='bbox 448 2200 518 2252; x_wconf 90' lang='lat' dir='ltr'>qui</span> <span class='ocrx_word' id='word_1_250' title='bbox 550 2211 618 2237; x_wconf 86' lang='lat' dir='ltr'>nos</span> <span class='ocrx_word' id='word_1_251' title='bbox 650 2197 825 2236; x_wconf 84' lang='lat' dir='ltr'>absentes</span> <span class='ocrx_word' id='word_1_252' title='bbox 856 2196 1130 2241; x_wconf 81' lang='lat' dir='ltr'>defenderunt,</span> <span class='ocrx_word' id='word_1_253' title='bbox 1162 2197 1360 2249; x_wconf 86' lang='lat' dir='ltr'>incipiunt</span> <span class='ocrx_word' id='word_1_254' title='bbox 1394 2196 1646 2248; x_wconf 69' lang='lat' dir='ltr'>praesentibus</span> <span class='ocrx_word' id='word_1_255' title='bbox 1678 2197 1834 2236; x_wconf 79' lang='lat' dir='ltr'>occulte</span> 
     </span>
     <span class='ocr_line' id='line_1_31' title="bbox 449 2261 1570 2317; baseline -0.001 -15"><span class='ocrx_word' id='word_1_256' title='bbox 449 2265 575 2309; x_wconf 77' lang='lat' dir='ltr'>irasci,</span> <span class='ocrx_word' id='word_1_257' title='bbox 607 2272 735 2317; x_wconf 72' lang='lat' dir='ltr'>aperte</span> <span class='ocrx_word' id='word_1_258' title='bbox 756 2262 942 2302; x_wconf 86' lang='lat' dir='ltr'>invidere.</span> <span class='ocrx_word' id='word_1_259' title='bbox 976 2261 1240 2301; x_wconf 80' lang='lat' dir='ltr'>Vehementer</span> <span class='ocrx_word' id='word_1_260' title='bbox 1263 2272 1298 2300; x_wconf 87' lang='lat' dir='ltr'>te</span> <span class='ocrx_word' id='word_1_261' title='bbox 1320 2263 1570 2315; x_wconf 87' lang='lat' dir='ltr'>requirimus.</span> 
     </span>
    </p>
   </div>
  </div>
 </body>
</html>
