2243 3008
442 253 525 293 422
798 233 1489 276 EPISTOLARUM

444 341 516 394 qui
536 338 666 377 otium
686 349 766 375 non
787 337 939 376 timeat.
985 337 1116 387 Qare
1137 335 1269 373 talaria
1289 333 1489 373 videamus
1507 347 1517 373 :
1549 333 1706 386 quidvis
1727 334 1838 373 enim

446 406 597 461 potius,
627 416 746 457 quam
773 403 905 443 castra.
950 404 1096 442 Atticae
1126 402 1288 440 salutem
1319 401 1532 453 plurimam
1561 401 1682 439 velim
1712 401 1836 440 dicas.

448 472 628 524 Expedto
655 470 811 509 oetavii
842 469 1092 513 concionem,
1123 477 1176 512 et,
1209 467 1234 504 fi
1267 466 1364 518 quid
1395 467 1529 512 aliud;
1561 467 1734 505 maxime
1765 479 1837 504 au-

448 547 531 575 tem
551 535 694 588 ecquid
723 535 935 574 Dolabella
963 535 1107 572 tinniat
1122 551 1135 579 5
1167 545 1214 570 an
1236 532 1278 569 in
1298 545 1387 570 meo
1407 533 1570 571 nomine
1590 533 1741 572 tabulas
1762 545 1838 571 no-

449 616 514 642 vas
535 601 688 640 fecerit.

782 801 1027 839 Clenao
1070 799 1326 836 Ara-100
1370 797 1503 835 SAL.

450 929 588 970 XXII.
615 926 942 1001 CERTIOR
971 939 993 963 a
1014 925 1115 963 Pilia
1134 923 1274 970 faetus,
1300 924 1410 963 mitti
1430 923 1478 962 ad
1498 931 1536 962 te
1556 923 1694 963 Idibus
1715 923 1843 963 tabel-

714 993 846 1037 larios,
886 991 1016 1030 statim
1050 989 1127 1028 hoc
1159 989 1289 1028 nescio
1320 989 1418 1042 quid
1447 991 1614 1029 exaravi.
1662 991 1846 1029 Primum

451 1059 576 1112 igitur
595 1059 691 1097 scire
712 1067 750 1096 te
768 1057 894 1102 volui,
924 1070 988 1095 me
1016 1054 1113 1094 hinc
1143 1056 1343 1109 Arpinum
1374 1069 1451 1094 xvx
1484 1055 1652 1094 Kalend.
1675 1057 1771 1107 Jun.
1797 1068 1846 1094 eo

453 1126 577 1177 igitur
596 1125 748 1169 mittes,
769 1122 796 1161 fi
816 1121 913 1175 quid
932 1122 1008 1160 erit
1026 1119 1187 1174 posthac
1203 1139 1215 1167 ς,
1239 1134 1468 1174 quanquam
1488 1121 1568 1175 ipse
1583 1122 1666 1174 jam
1682 1122 1847 1174 jamque

451 1191 581 1230 adero.
628 1190 761 1243 Cupio
790 1189 899 1227 enim
927 1197 1032 1233 ante,
1064 1200 1184 1241 quam
1214 1188 1387 1226 Romam
1409 1187 1538 1233 venio,
1569 1187 1723 1226 odorari
1750 1187 1846 1225 dili-

451 1257 626 1310 gentius,
657 1255 756 1309 quid
787 1253 970 1293 futurum
1001 1253 1062 1292 fit.
1107 1254 1347 1306 Qanquam
1376 1267 1524 1299 vereor,
1555 1267 1604 1292 ne
1624 1252 1727 1292 nihil
1747 1266 1845 1290 con-

446 1324 600 1376 jectura
629 1321 832 1360 aberrem:
864 1320 1033 1359 minime
1063 1319 1171 1358 enim
1203 1320 1414 1358 obscurum
1435 1319 1503 1364 est,
1534 1319 1631 1372 quid
1663 1319 1724 1357 isti
1757 1331 1847 1356 mo-

452 1389 629 1434 liantur;
664 1389 794 1440 (meus
828 1399 920 1425 vero
954 1385 1186 1437 discipulus,
1217 1385 1287 1437 qui
1321 1384 1440 1422 hodie
1472 1385 1574 1438 apud
1607 1397 1671 1422 me
1701 1392 1847 1429 coenat,

452 1453 566 1493 valde
585 1461 691 1491 amat
718 1451 852 1496 illum,
883 1464 1005 1504 quem
1034 1451 1180 1488 Brutus
1211 1450 1339 1488 noster
1370 1449 1573 1499 sauciavit)
1605 1458 1659 1493 et,
1690 1449 1716 1486 fi
1738 1463 1847 1501 quae-

454 1520 523 1564 ris,
557 1517 754 1571 (perspexi
774 1517 879 1554 enim
902 1515 1035 1568 plane)
1060 1515 1203 1553 timent
1223 1516 1380 1553 otium:
1412 1511 1570 1549 ὑπόθεσιν
1591 1523 1722 1552 autem
1746 1513 1850 1552 hanc

453 1583 618 1628 habent,
649 1595 814 1634 eamque
848 1595 926 1633 prae
957 1580 994 1618 se
1028 1578 1176 1626 ferunt,
1208 1581 1339 1619 virum
1373 1578 1628 1617 clariffimum
1659 1579 1850 1617 interfec-

454 1659 559 1695 tum,
591 1657 715 1687 totam
748 1646 1059 1699 Rempublicam
1092 1645 1200 1685 illius
1231 1646 1393 1684 interitu
1414 1645 1709 1699 perturbatam:
1742 1646 1852 1684 irrita.

455 1715 555 1761 fore,
577 1729 663 1768 quae
684 1713 752 1752 ille
772 1712 921 1766 egiffet,
954 1712 1067 1751 fimul
1089 1725 1132 1750 ac
1153 1711 1375 1751 desistemus
1398 1713 1536 1750 timere
1554 1726 1563 1749 :
1595 1711 1850 1749 clementiam

454 1782 517 1820 illi
538 1781 643 1818 malo
663 1779 803 1824 fuiffe3
837 1792 914 1832 qua
946 1778 971 1816 fi
1005 1778 1094 1816 usus
1127 1792 1205 1816 non
1235 1778 1341 1824 effet,
1373 1777 1475 1816 nihil
1505 1777 1540 1815 ei
1571 1777 1646 1815 tale
1675 1777 1851 1815 accidere

455 1846 635 1900 potuiffe.
683 1844 793 1883 Mihi
827 1854 960 1883 autem
994 1845 1102 1882 venit
1136 1844 1177 1881 in
1212 1854 1403 1890 mentem,
1446 1844 1471 1881 si
1509 1843 1721 1895 Pompeius
1756 1857 1850 1881 cum

456 1913 632 1951 exercitu
655 1911 769 1949 firmo
790 1911 934 1955 veniat,
957 1910 1064 1963 quod
1084 1910 1137 1948 est
1157 1908 1298 1957 εὔλογον,
1321 1920 1425 1949 certe
1446 1909 1529 1947 fore
1551 1909 1716 1948 bellum,
1751 1909 1852 1947 Haec

457 1992 521 2016 me
544 1977 687 2030 specics
709 1976 978 2028 cogitatioque
999 1976 1225 2028 perturbat:
1259 1990 1384 2028 neque
1404 1976 1510 2012 enim
1527 1975 1625 2025 jam,
1647 1974 1753 2026 quod
1777 1974 1850 2012 tibi

458 2053 547 2081 tum
581 2042 711 2086 licuit,
753 2041 868 2079 nobis
903 2054 1008 2078 nunc
1044 2041 1210 2085 lice-bin
1255 2055 1344 2079 nam
1380 2049 1509 2093 aperte
1544 2039 1662 2078 laetati
1699 2040 1848 2079 sumus.

459 2106 616 2146 Deinde
637 2105 785 2144 habent
805 2106 846 2143 in
867 2119 947 2150 ore,
967 2118 1035 2143 nos
1059 2106 1246 2157 ingratos.
1281 2106 1409 2144 Nullo
1430 2105 1550 2143 modo
1570 2105 1721 2149 licebit,
1745 2104 1851 2157 quod

459 2182 547 2211 tum
572 2181 611 2210 et
640 2171 716 2210 tibi
747 2171 877 2215 licuit,
909 2179 948 2208 et
980 2170 1133 2208 multis.
1179 2180 1491 2222 Φωνοπξεσωπητεον
1519 2184 1626 2222 ergo,
1657 2180 1695 2207 et
1717 2168 1791 2204 ὶτέεν
1811 2171 1852 2208 in

457 2237 609 2276 castra?
642 2236 787 2275 millies
810 2237 910 2274 mori
932 2236 1090 2281 melius,
1122 2235 1216 2274 huic
1239 2234 1450 2287 proescrtim
1471 2235 1588 2273 retati.
1631 2236 1767 2287 ltaque
1790 2249 1853 2273 me

453 2303 554 2348 Idus
578 2302 700 2339 Mart.
726 2315 803 2339 non
827 2311 905 2339 tam
926 2301 1190 2346 consolantur,
1223 2313 1340 2352 quam
1363 2309 1500 2346 antean
1532 2313 1722 2353 magnum
1743 2301 1850 2338 enim

460 2366 651 2407 mendum
673 2367 895 2405 continent.
930 2367 1009 2404 Etfi
1034 2367 1092 2404 illi
1109 2368 1300 2419 juvenes:

599 2428 721 2470 Ama
748 2429 775 2467 ἐν
803 2428 925 2469 ἐσθλοῖς
953 2428 1004 2473 rin
1030 2428 1079 2475 ‘st'
1106 2427 1295 2468 ἀπωθὲπαι
1324 2422 1443 2480 ψέγει’.
