2243 3008
473 235 578 273 AD
637 232 1066 271 ATTICUM
1134 234 1275 273 LIB.
1329 238 1402 276 XI.
1561 252 1639 291 309

250 331 450 377 satisfacit,
482 333 611 370 multo
630 331 886 384 asperioribus
906 332 1049 376 verbis,
1075 346 1193 384 quam
1214 347 1306 372 cum
1326 337 1541 387 graviffime
1562 352 1628 376 ac-

249 397 418 436 cusabat.
465 398 536 435 Ait
567 397 673 434 enim
701 396 736 433 se
765 410 813 434 ex
840 396 962 434 literis
984 398 1060 435 tuis
1081 398 1315 450 intelligere,
1348 401 1421 438 tibi
1442 415 1520 440 non
1542 404 1627 455 pla-

248 475 349 507 cere,
380 462 486 514 quod
506 461 552 499 ad
574 461 720 499 multos
743 462 789 498 de
810 475 873 499 me
893 462 1060 514 asperius
1082 462 1272 516 scripserit
1291 479 1299 502 :
1332 465 1462 517 itaque
1483 467 1518 503 se
1540 481 1624 518 poe-

247 528 384 571 nitere,
421 527 528 579 quod
559 528 736 565 animum
771 536 885 565 tuum
920 528 1154 573 offenderit;
1198 529 1260 566 sed
1294 529 1330 567 se
1357 531 1447 581 jure
1480 531 1624 571 feciffe.

247 591 402 629 Deinde
421 591 626 644 perscribit
647 591 898 643 spurcissime,
930 606 1024 644 quas
1045 593 1096 630 ob
1117 593 1245 631 causas
1266 593 1418 633 fecerit.
1461 596 1534 633 Sed
1554 610 1624 634 ne·-

243 670 321 708 que
349 656 426 694 hoc
459 667 648 709 tempore,
680 665 751 695 nec
782 667 905 702 antea,
936 657 1172 709 patefecisset
1191 659 1328 697 odium
1350 660 1523 698 suumin
1545 676 1622 707 me,

242 722 315 760 nisi
346 716 535 760 omnibus'
565 723 678 760 rebus
699 736 762 760 me
782 722 853 760 effe
873 723 1093 775 oppressum
1113 724 1274 763 videret.
1319 726 1453 777 Atque
1473 728 1625 766 utinam

242 787 303 825 vel
336 789 552 833 nocturnis,
591 787 926 840 quemadmodum
959 797 1002 826 tu
1034 789 1248 842 scripseras,
1288 791 1495 829 itineribus
1529 807 1622 845 pro-

241 853 330 904 pius
353 862 390 890 te
410 853 637 891 acceffiffem
656 869 664 891 :
698 867 803 891 nunc
824 867 895 891 nec
917 853 1000 898 ubi,
1022 867 1093 892 nec
1114 855 1285 907 quando,
1309 865 1345 893 te
1366 856 1435 894 slm
1455 857 1620 904 visurus,

241 917 395 970 poffum
426 918 622 970 suspicari.
669 919 731 956 De
753 918 1010 956 coheredibus
1032 919 1248 958 Fufidianis
1270 920 1371 958 nihil
1391 921 1484 966 fuit,
1515 924 1623 975 quod

240 983 286 1020 ad
307 996 370 1020 me
391 983 598 1022 scriberes:
631 997 720 1022 nam
741 993 780 1022 et
800 998 955 1036 aequum
976 984 1196 1036 postulant3
1228 995 1280 1030 et,
1304 986 1498 1040 quidquid
1518 989 1620 1041 egis-

239 1049 310 1094 ses,
342 1051 442 1087 κᾶε
461 1049 532 1087 effe
552 1051 681 1087 aetum
702 1059 894 1102 putarem.
941 1051 1003 1088 De
1030 1049 1154 1089 fundo
1182 1052 1372 1090 Frusinati
1395 1053 1622 1092 redimendo

231 1115 318 1165 jam
348 1115 501 1167 pridem
532 1115 759 1152 intellexisti
790 1115 1034 1153 voluntatem
1065 1129 1220 1162 meam3
1252 1118 1318 1155 ets}
1352 1128 1437 1156 tum
1458 1119 1621 1157 meliore

236 1179 327 1216 loco
358 1192 416 1216 res
446 1188 554 1217 erant
582 1178 731 1223 nostrae,
763 1193 889 1231 neque
909 1189 988 1217 tam
1009 1180 1110 1218 mihi
1131 1181 1372 1233 desperatum
1393 1183 1440 1221 iri
1460 1184 1621 1222 videba-

237 1253 329 1288 πυτς
362 1252 491 1281 tamen
521 1244 562 1281 in
594 1243 728 1281 eadem
755 1243 840 1281 sum
861 1244 1088 1284 voluntate:
1121 1246 1161 1283 id
1181 1247 1513 1299 quemadmodum
1535 1248 1617 1295 fiat,

235 1317 281 1346 tu
312 1308 476 1347 videbis.
520 1309 575 1346 Et
593 1309 728 1353 velim,
760 1309 888 1362 quoad
907 1311 1068 1362 poteris,
1099 1311 1328 1356 confideres,
1360 1322 1404 1350 ut
1424 1313 1484 1358 fit,
1516 1315 1619 1353 unde

236 1373 350 1412 nobis
370 1373 669 1426 suppeditentur
689 1374 867 1427 sumptus
888 1375 1098 1414 neceffarii.
1142 1377 1181 1414 Si
1210 1391 1304 1429 quas
1325 1377 1536 1416 habuimus
1557 1379 1619 1417 fa-

236 1439 416 1484 cultates,
447 1453 508 1478 eas
540 1440 730 1493 Pompeio
757 1449 858 1485 tum,
890 1454 983 1479 cum
1013 1441 1054 1479 id
1082 1442 1312 1480 videbamur
1340 1443 1529 1495 sapienter
1556 1444 1619 1483 fa-

234 1518 336 1549 cere,
366 1504 597 1544 detulimus.
641 1507 778 1558 Itaque
808 1515 894 1543 tum
922 1516 961 1544 et
990 1520 1011 1544 a
1039 1516 1109 1545 tuo
1134 1509 1270 1546 villico
1300 1509 1548 1562 sumpfimu8‚
1579 1521 1627 1551 et.

233 1569 391 1607 aliunde
422 1571 591 1608 mutuati
624 1570 770 1616 sumus,
802 1584 894 1609 cum
916 1572 1096 1622 Qintus
1125 1582 1350 1624 quereretur
1375 1588 1443 1626 per
1468 1575 1614 1621 literas,

233 1635 304 1673 fibi
336 1648 406 1672 nos
438 1634 541 1673 nihil
573 1635 740 1680 dediffe;
773 1637 842 1687 qui
862 1650 988 1689 neque
1007 1637 1054 1674 ab
1076 1638 1147 1676 illo
1167 1639 1291 1690 rogati
1311 1638 1459 1684 sumus,
1490 1654 1617 1693 neque

232 1701 301 1752 ipfi
323 1713 407 1738 eam
427 1701 636 1753 pecuniam
656 1701 891 1753 aspeximus.
935 1702 1006 1739 Sed
1027 1703 1146 1740 velim
1167 1703 1294 1740 videas
1317 1703 1412 1755 quid
1442 1705 1486 1742 s1t
1507 1706 1615 1757 quod

230 1765 375 1804 confici
396 1766 523 1818 poffit‚
555 1766 730 1819 quidque
751 1766 852 1804 mihi
873 1767 919 1805 de
939 1768 1126 1806 omnibus
1146 1769 1211 1806 des
1233 1769 1383 1806 confilii
1402 1784 1411 1807 z
1443 1780 1482 1807 et
1515 1784 1613 1809 cau-

230 1831 310 1870 sam
337 1831 450 1870 nosti.
498 1832 615 1870 Plura
645 1846 693 1870 ne
725 1832 890 1870 scribam
911 1833 1044 1871 dolore
1076 1834 1283 1887 impedior.
1328 1835 1366 1871 Si
1397 1835 1493 1886 quid
1522 1838 1611 1882 erit,

230 1897 336 1950 quod
357 1897 403 1935 ad
424 1911 522 1950 quos
544 1898 792 1937 scribendum
814 1912 902 1937 meo
923 1900 1084 1938 nomine
1103 1909 1232 1952 putes,
1262 1899 1396 1945 veIIm,
1429 1910 1472 1939 ut
1498 1901 1617 1947 soles,

228 1962 374 2000 facias':
407 1963 636 2016 quotiesque
665 1963 828 2002 habebis
861 1965 926 2002 cui
953 1964 1033 2010 des,
1064 1964 1111 2003 ad
1131 1979 1194 2004 me
1214 1965 1345 2004 literas
1364 1966 1490 2004 nolim
1509 1965 1612 2020 prae-

229 2029 441 2068 termittas.
470 2029 580 2068 Vale.

560 2230 801 2270 emmo
844 2233 1098 2271 AT‘r1co
1142 2233 1277 2271 SAL

228 2355 343 2394 XIV.
367 2353 562 2425 NON
600 2373 663 2397 me
694 2359 860 2399 offendit
890 2360 1029 2398 veritas
1061 2359 1263 2397 literarum
1296 2368 1467 2405 tuarum,
1498 2362 1605 2414 quod

482 2435 560 2467 me,
591 2437 682 2462 cum
702 2426 999 2470 communibus,
1030 2433 1119 2463 tum
1144 2425 1366 2477 praecipuis,
1397 2426 1508 2464 malis
1530 2441 1604 2478 op-

225 2487 410 2539 pressum,
442 2500 489 2525 ne
509 2487 652 2540 incipis
673 2490 835 2541 quidem
854 2501 899 2530 ut
918 2491 1081 2536 solebas,
1101 2490 1307 2536 consolari,
1337 2489 1543 2543 faterisque
1562 2491 1611 2529 id
