2243 3008
556 235 663 273 AD
721 234 1528 279 ATTlcuML113.X111.
1665 256 1733 295 37¹

352 344 430 369 non
451 331 640 369 cadebant
658 346 667 370 ε
700 339 808 368 erant
827 329 934 367 enim
953 328 1166 379 λογικώτεροι,
1198 345 1315 382 quam
1339 343 1383 371 ut
1412 335 1472 372 illi
1493 335 1539 372 de
1560 336 1606 373 iis
1628 336 1733 374 som-

350 396 466 434 niaffe
499 409 672 448 unquam
702 395 940 433 viderentur.
987 395 1139 446 Itaque,
1171 404 1216 433 ut
1243 396 1322 448 legi
1353 407 1435 436 tuas
1467 399 1514 436 de
1543 401 1731 443 Varrone,

350 468 537 511 tanquam
557 456 680 507 ἑρμσᾶον
699 459 858 511 arripui.
890 458 1036 510 Aptius
1058 457 1128 495 effe
1150 458 1251 497 nihil
1277 461 1409 511 potuit
1428 461 1475 498 ad
1495 462 1534 499 id
1556 463 1731 514 philoso—

348 523 454 576 phiae
480 537 618 576 genus,
650 537 729 576 quo
759 523 827 561 ille
857 524 1027 561 maxime
1057 522 1158 560 mihi
1191 523 1370 562 delectari
1397 525 1565 570 videtur,
1597 527 1732 579 easque

346 598 490 640 partes,
522 599 566 627 ut
595 603 674 627 non
705 590 774 627 s1m
805 590 1051 633 consecutuS,
1083 597 1126 626 ut
1158 588 1331 641 superior
1359 603 1446 628 mea
1465 591 1575 628 causa
1602 592 1731 630 videa-

348 664 439 692 tur:
472 655 561 692 sunt
587 655 693 692 enim
721 653 972 692 vehementer
1001 648 1121 692 πιθανοὶ
1141 654 1384 699 Antiochia;
1417 669 1504 707 quae
1525 656 1733 707 diligenter

346 732 368 756 a
401 733 464 757 me
497 719 681 771 expreffa,
717 732 881 756 acumen
917 717 1063 755 habent
1098 718 1306 762 Antiochi,
1346 720 1516 757 nitorem
1545 721 1731 758 orationis

348 783 552 827 nostrum;
585 783 611 821 fi
642 783 761 821 modo
789 784 820 821 is
841 782 895 820 est
924 781 1066 833 aliquis
1098 782 1137 819 in
1170 783 1299 821 nobis.
1347 783 1419 821 Sed
1451 793 1508 828 tu,
1539 784 1733 822 dandosne

349 857 462 901 putes
497 848 569 886 hos
599 849 720 886 libros
750 848 931 892 Varroni,
968 847 1089 884 etiarn
1115 856 1232 899 atque
1262 848 1381 887 etiam
1410 849 1576 888 videbis‘
1623 850 1732 888 Mihi

349 913 525 965 quaedam
547 922 759 952 occurrunt
778 927 787 951 :
820 912 884 951 sed
903 925 945 950 ea
965 925 1111 951 coram.

684 1115 925 1154 CICERO
965 1115 1221 1154 ATT1co
1263 1115 1393 1154 SAL.

349 1243 444 1282 XX.
469 1241 548 1315 A
571 1243 663 1281 CAE
678 1243 844 1280 SARE
875 1243 1004 1281 literas
1026 1243 1157 1295 accepi
1179 1242 1468 1288 consolatorias,
1499 1243 1604 1281 datas
1627 1244 1727 1296 prid.

579 1308 669 1346 Kal.
692 1308 793 1345 Mai.
818 1308 988 1360 Hispali.
1037 1309 1098 1346 De
1130 1309 1226 1346 urbe
1255 1308 1430 1360 augenda
1449 1309 1545 1360 quid
1567 1309 1610 1346 fit
1638 1322 1730 1360 pro-

348 1374 588 1426 mulgatum,
619 1386 698 1411 non
719 1373 899 1411 intellexi
918 1388 926 1411 :
960 1372 1000 1410 id
1021 1372 1106 1411 sane
1128 1373 1222 1411 scire
1242 1373 1376 1411 velim.
1416 1375 1621 1425 Torquato
1642 1373 1732 1411 nos-

348 1447 406 1476 tra
436 1439 565 1476 officia
594 1448 702 1490 grata
725 1438 797 1476 effe
827 1438 942 1476 facile
963 1438 1116 1490 pati0r3
1148 1451 1267 1490 eaque
1288 1451 1426 1489 augere
1448 1451 1526 1476 non
1547 1438 1730 1476 desinam.

347 1503 413 1541 Ad
434 1503 682 1554 Ligarianam
704 1503 751 1539 de
779 1516 899 1540 uxore
920 1502 1162 1546 Tuberonis,
1193 1512 1232 1539 et
1262 1503 1455 1553 privigna,
1487 1516 1613 1554 neque
1643 1502 1733 1554 pos-

348 1567 434 1605 sum
458 1568 542 1619 jam
566 1566 730 1611 addere;
762 1566 816 1604 est
835 1567 941 1603 enim
963 1578 1020 1603 res
1041 1566 1295 1618 pervulgata3
1329 1579 1455 1618 neque
1476 1567 1733 1604 Tuberonem

347 1632 438 1670 volo
458 1631 664 1669 defendere
682 1645 691 1669 t
724 1630 890 1669 mirifice
910 1630 962 1668 est
982 1631 1088 1668 enim
1111 1625 1296 1676 φιλαίτιος.
1330 1630 1550 1668 Theatrum
1571 1631 1734 1681 quidem

347 1697 434 1735 sane
464 1697 615 1734 bellum
645 1695 827 1734 habuisti.
875 1697 976 1747 Ego,
1008 1695 1074 1733 etsi
1106 1694 1182 1732 hoc
1207 1694 1295 1731 loco
1316 1693 1506 1732 facillime
1527 1695 1731 1740 sustentor,

346 1771 479 1801 tamen
499 1771 537 1800 te
557 1761 686 1799 videre
716 1761 862 1814 cupio;
895 1763 1041 1813 itaque,
1075 1769 1117 1797 ut
1147 1759 1348 1804 constitui,
1379 1760 1507 1798 adero.
1555 1761 1732 1798 Fratrem

346 1827 462 1865 credo
483 1841 503 1865 a
523 1838 560 1866 te
580 1827 652 1865 effe
672 1837 912 1865 conventum
931 1842 939 1865 :
973 1826 1067 1864 scire
1088 1826 1210 1877 igitur
1230 1824 1362 1862 studeo
1382 1825 1478 1876 quid
1499 1826 1637 1876 egeris.
1670 1826 1733 1863 De

346 1893 451 1932 fama
470 1893 572 1932 nihil
602 1893 688 1931 sane
716 1893 878 1939 laboro;
910 1892 977 1930 etsi
999 1892 1222 1944 scripseram
1242 1890 1288 1928 ad
1310 1900 1347 1928 te
1369 1900 1463 1928 tunc
1485 1891 1613 1936 stulte,
1644 1891 1739 1929 nihil

345 1959 495 1997 melius:
525 1958 743 1997 curandum
774 1959 881 1996 enim
903 1971 981 1995 non
1003 1956 1083 1994 est:
1116 1965 1233 2008 atque
1261 1955 1353 2000 hoc,
1384 1957 1429 1993 In
1448 1955 1543 1993 omni
1558 1955 1640 1993 vita
1656 1958 1733 2005 sim

345 2038 511 2077 quemque
529 2039 552 2062 a
571 2025 671 2062 reeza
689 2023 897 2075 corfiientia
918 2022 1163 2075 tratgsverfitm
1184 2035 1334 2072 unguem
1360 2035 1427 2059 non
1457 2029 1595 2073 oportet
1622 2020 1732 2072 ἅψε-

344 2089 439 2128 dere.
480 2089 622 2126 Viden’
653 2101 771 2140 quam
793 2085 1017 2135 φιλοσόφωςὲ
1049 2100 1096 2124 an
1119 2095 1160 2124 tu
1183 2099 1253 2124 nos
1274 2085 1413 2123 frustra
1433 2085 1627 2123 existimas
1648 2085 1732 2122 haec

344 2155 384 2193 in
407 2154 588 2192 manibus
609 2152 782 2191 habere?
816 2147 979 2196 Δεὸἧχθτᾳ
1010 2161 1047 2189 te
1076 2152 1239 2195 nollem,
1271 2150 1378 2202 quod
1409 2149 1508 2187 nihil
1530 2160 1636 2187 erat:
1670 2163 1731 2187 re-

346 2220 418 2258 deo
438 2220 543 2258 enim
567 2219 694 2257 rursus
715 2218 867 2256 eodem.
911 2217 1140 2269 Qidquam
1172 2229 1236 2254 me
1265 2224 1376 2268 putas
1406 2227 1538 2252 curare
1569 2215 1607 2252 in
1631 2223 1729 2260 toto,

346 2285 417 2323 nifi
444 2294 493 2323 ut
520 2285 556 2322 ei
588 2297 636 2322 ne
666 2284 817 2322 defim?
849 2282 890 2320 id
919 2296 991 2334 ago
1022 2283 1171 2320 scilicet
1198 2289 1242 2318 ut
1266 2280 1417 2332 judicia
1437 2279 1565 2317 videar
1586 2289 1729 2318 tenere.

346 2345 399 2389 Μῆ
427 2345 494 2398 wip
511 2347 632 2386 αὐτοῖς·
674 2349 830 2386 Vellem
862 2357 940 2385 tam
971 2346 1181 2384 domestica
1212 2344 1311 2383 ferre
1332 2344 1492 2397 possem,
1524 2358 1640 2396 quam
1663 2345 1731 2382 ista

347 2421 613 2451 contemnere.
661 2414 778 2452 Putas
808 2423 938 2452 autem
970 2426 1033 2450 me
1063 2410 1223 2450 voluisse
1252 2411 1416 2462 aliquid,
1448 2410 1553 2462 quod
1579 2408 1732 2461 perfec-

347 2488 435 2517 tum
456 2491 533 2516 non
557 2478 633 2515 sit?
666 2479 761 2517 Non
783 2479 875 2517 licet
902 2478 1051 2516 scilicet
1081 2477 1310 2516 sententiam
1343 2476 1476 2513 suam:
1510 2474 1572 2513 sed
1604 2483 1731 2512 tamen

1248 2543 1283 2579 A
1313 2554 1333 2578 a
1361 2555 1382 2578 a
1412 2553 1433 2578 2
