<?xml version="1.0" encoding="UTF-8"?>
<!DOCTYPE html PUBLIC "-//W3C//DTD XHTML 1.0 Transitional//EN"
    "http://www.w3.org/TR/xhtml1/DTD/xhtml1-transitional.dtd">
<html xmlns="http://www.w3.org/1999/xhtml" xml:lang="en" lang="en">
 <head>
  <title>
</title>
<meta http-equiv="Content-Type" content="text/html;charset=utf-8" />
  <meta name='ocr-system' content='tesseract 3.04.00' />
  <meta name='ocr-capabilities' content='ocr_page ocr_carea ocr_par ocr_line ocrx_word'/>
</head>
<body>
  <div class='ocr_page' id='page_1' title='image "./operacumindicibu08ciceuoft_0152.png"; bbox 0 0 2243 3008; ppageno 0'>
   <div class='ocr_carea' id='block_1_1' title="bbox 480 255 1514 314">
    <p class='ocr_par' dir='ltr' id='par_1_1' title="bbox 480 255 1514 314">
     <span class='ocr_line' id='line_1_1' title="bbox 480 255 1514 314; baseline -0.008 -11"><span class='ocrx_word' id='word_1_1' title='bbox 480 274 560 314; x_wconf 82' lang='lat'>144</span> <span class='ocrx_word' id='word_1_2' title='bbox 826 255 1514 300; x_wconf 86' lang='lat' dir='ltr'>EPISTOLARUM</span> 
     </span>
    </p>
   </div>
   <div class='ocr_carea' id='block_1_2' title="bbox 480 353 1886 2502">
    <p class='ocr_par' dir='ltr' id='par_1_2' title="bbox 480 353 1886 2502">
     <span class='ocr_line' id='line_1_2' title="bbox 480 353 1867 415; baseline -0.007 -13"><span class='ocrx_word' id='word_1_3' title='bbox 480 372 594 402; x_wconf 90' lang='lat' dir='ltr'>rent:</span> <span class='ocrx_word' id='word_1_4' title='bbox 627 363 708 415; x_wconf 89' lang='lat' dir='ltr'>egit</span> <span class='ocrx_word' id='word_1_5' title='bbox 734 361 890 414; x_wconf 87' lang='lat' dir='ltr'>gratias.</span> <span class='ocrx_word' id='word_1_6' title='bbox 937 358 1211 398; x_wconf 67' lang='lat' dir='ltr'>Praefeeturam</span> <span class='ocrx_word' id='word_1_7' title='bbox 1241 357 1409 410; x_wconf 89' lang='lat' dir='ltr'>petivit:</span> <span class='ocrx_word' id='word_1_8' title='bbox 1441 355 1579 409; x_wconf 89' lang='lat' dir='ltr'>negavi</span> <span class='ocrx_word' id='word_1_9' title='bbox 1599 367 1663 393; x_wconf 90' lang='lat' dir='ltr'>me</span> <span class='ocrx_word' id='word_1_10' title='bbox 1683 353 1867 407; x_wconf 88' lang='lat' dir='ltr'>cuiquam</span> 
     </span>
     <span class='ocr_line' id='line_1_3' title="bbox 481 420 1868 482; baseline -0.007 -15"><span class='ocrx_word' id='word_1_11' title='bbox 481 428 701 482; x_wconf 88' lang='lat' dir='ltr'>negotianti</span> <span class='ocrx_word' id='word_1_12' title='bbox 734 427 850 472; x_wconf 64' lang='lat' dir='ltr'>dare,</span> <span class='ocrx_word' id='word_1_13' title='bbox 882 425 989 478; x_wconf 92' lang='lat' dir='ltr'>quod</span> <span class='ocrx_word' id='word_1_14' title='bbox 1017 424 1125 462; x_wconf 88' lang='lat' dir='ltr'>idem</span> <span class='ocrx_word' id='word_1_15' title='bbox 1157 423 1233 461; x_wconf 91' lang='lat' dir='ltr'>tibi</span> <span class='ocrx_word' id='word_1_16' title='bbox 1266 422 1522 461; x_wconf 88' lang='lat' dir='ltr'>ostenderam.</span> <span class='ocrx_word' id='word_1_17' title='bbox 1568 422 1647 459; x_wconf 92' lang='lat' dir='ltr'>Cn.</span> <span class='ocrx_word' id='word_1_18' title='bbox 1677 420 1868 473; x_wconf 87' lang='lat' dir='ltr'>Pompeio</span> 
     </span>
     <span class='ocr_line' id='line_1_4' title="bbox 481 486 1868 546; baseline -0.007 -14"><span class='ocrx_word' id='word_1_19' title='bbox 481 494 632 546; x_wconf 89' lang='lat' dir='ltr'>petenti</span> <span class='ocrx_word' id='word_1_20' title='bbox 662 492 867 546; x_wconf 88' lang='lat' dir='ltr'>probaram</span> <span class='ocrx_word' id='word_1_21' title='bbox 896 489 1123 528; x_wconf 91' lang='lat' dir='ltr'>institutum</span> <span class='ocrx_word' id='word_1_22' title='bbox 1151 501 1314 526; x_wconf 90' lang='lat' dir='ltr'>meum:</span> <span class='ocrx_word' id='word_1_23' title='bbox 1346 487 1444 539; x_wconf 93' lang='lat' dir='ltr'>quid</span> <span class='ocrx_word' id='word_1_24' title='bbox 1470 486 1614 530; x_wconf 89' lang='lat' dir='ltr'>dicam,</span> <span class='ocrx_word' id='word_1_25' title='bbox 1646 487 1868 538; x_wconf 85' lang='lat' dir='ltr'>Torquato,</span> 
     </span>
     <span class='ocr_line' id='line_1_5' title="bbox 482 549 1869 604; baseline -0.007 -7"><span class='ocrx_word' id='word_1_26' title='bbox 482 559 524 596; x_wconf 92' lang='lat' dir='ltr'>in</span> <span class='ocrx_word' id='word_1_27' title='bbox 546 558 610 596; x_wconf 91' lang='lat' dir='ltr'>M.</span> <span class='ocrx_word' id='word_1_28' title='bbox 633 557 760 596; x_wconf 89' lang='lat' dir='ltr'>Lenio</span> <span class='ocrx_word' id='word_1_29' title='bbox 780 557 882 594; x_wconf 88' lang='lat' dir='ltr'>tuo?</span> <span class='ocrx_word' id='word_1_30' title='bbox 914 554 1052 592; x_wconf 90' lang='lat' dir='ltr'>multis</span> <span class='ocrx_word' id='word_1_31' title='bbox 1079 553 1180 590; x_wconf 87' lang='lat' dir='ltr'>aliis.</span> <span class='ocrx_word' id='word_1_32' title='bbox 1227 552 1266 589; x_wconf 87' lang='lat' dir='ltr'>Si</span> <span class='ocrx_word' id='word_1_33' title='bbox 1297 550 1501 604; x_wconf 62' lang='lat' dir='ltr'>praefeitus</span> <span class='ocrx_word' id='word_1_34' title='bbox 1527 551 1648 589; x_wconf 90' lang='lat' dir='ltr'>vellet</span> <span class='ocrx_word' id='word_1_35' title='bbox 1674 549 1747 588; x_wconf 82' lang='lat' dir='ltr'>effe</span> <span class='ocrx_word' id='word_1_36' title='bbox 1777 549 1869 599; x_wconf 87' lang='lat' dir='ltr'>syn-</span> 
     </span>
     <span class='ocr_line' id='line_1_6' title="bbox 482 614 1869 676; baseline -0.008 -14"><span class='ocrx_word' id='word_1_37' title='bbox 482 622 639 676; x_wconf 87' lang='lat' dir='ltr'>graphae</span> <span class='ocrx_word' id='word_1_38' title='bbox 658 622 784 666; x_wconf 90' lang='lat' dir='ltr'>causa,</span> <span class='ocrx_word' id='word_1_39' title='bbox 816 634 879 659; x_wconf 90' lang='lat' dir='ltr'>me</span> <span class='ocrx_word' id='word_1_40' title='bbox 899 629 1127 658; x_wconf 91' lang='lat' dir='ltr'>curaturum</span> <span class='ocrx_word' id='word_1_41' title='bbox 1155 627 1200 655; x_wconf 90' lang='lat' dir='ltr'>ut</span> <span class='ocrx_word' id='word_1_42' title='bbox 1228 617 1416 669; x_wconf 85' lang='lat' dir='ltr'>exigeret.</span> <span class='ocrx_word' id='word_1_43' title='bbox 1462 617 1618 655; x_wconf 86' lang='lat' dir='ltr'>Gratias</span> <span class='ocrx_word' id='word_1_44' title='bbox 1648 616 1756 668; x_wconf 89' lang='lat' dir='ltr'>egit:</span> <span class='ocrx_word' id='word_1_45' title='bbox 1789 614 1869 652; x_wconf 91' lang='lat' dir='ltr'>dis-</span> 
     </span>
     <span class='ocr_line' id='line_1_7' title="bbox 482 679 1871 741; baseline -0.007 -13"><span class='ocrx_word' id='word_1_46' title='bbox 482 689 604 728; x_wconf 87' lang='lat' dir='ltr'>ceffit.</span> <span class='ocrx_word' id='word_1_47' title='bbox 650 688 806 741; x_wconf 89' lang='lat' dir='ltr'>Appius</span> <span class='ocrx_word' id='word_1_48' title='bbox 841 685 968 724; x_wconf 88' lang='lat' dir='ltr'>noster</span> <span class='ocrx_word' id='word_1_49' title='bbox 1001 694 1149 723; x_wconf 90' lang='lat' dir='ltr'>turmas</span> <span class='ocrx_word' id='word_1_50' title='bbox 1184 683 1336 735; x_wconf 90' lang='lat' dir='ltr'>aliquot</span> <span class='ocrx_word' id='word_1_51' title='bbox 1369 682 1552 735; x_wconf 89' lang='lat' dir='ltr'>equitum</span> <span class='ocrx_word' id='word_1_52' title='bbox 1585 681 1741 719; x_wconf 87' lang='lat' dir='ltr'>dederat</span> <span class='ocrx_word' id='word_1_53' title='bbox 1774 679 1871 718; x_wconf 91' lang='lat' dir='ltr'>huic</span> 
     </span>
     <span class='ocr_line' id='line_1_8' title="bbox 484 745 1874 807; baseline -0.007 -14"><span class='ocrx_word' id='word_1_54' title='bbox 484 754 656 807; x_wconf 90' lang='lat' dir='ltr'>Scaptio,</span> <span class='ocrx_word' id='word_1_55' title='bbox 687 766 754 806; x_wconf 91' lang='lat' dir='ltr'>per</span> <span class='ocrx_word' id='word_1_56' title='bbox 784 765 880 805; x_wconf 87' lang='lat' dir='ltr'>quas</span> <span class='ocrx_word' id='word_1_57' title='bbox 912 749 1142 788; x_wconf 89' lang='lat' dir='ltr'>Salaminios</span> <span class='ocrx_word' id='word_1_58' title='bbox 1173 750 1397 792; x_wconf 47' lang='lat' dir='ltr'>coerceret}</span> <span class='ocrx_word' id='word_1_59' title='bbox 1427 756 1467 785; x_wconf 91' lang='lat' dir='ltr'>et</span> <span class='ocrx_word' id='word_1_60' title='bbox 1495 746 1665 785; x_wconf 89' lang='lat' dir='ltr'>eundem</span> <span class='ocrx_word' id='word_1_61' title='bbox 1683 745 1874 784; x_wconf 85' lang='lat' dir='ltr'>habuerat</span> 
     </span>
     <span class='ocr_line' id='line_1_9' title="bbox 483 809 1873 873; baseline -0.007 -15"><span class='ocrx_word' id='word_1_62' title='bbox 483 818 727 873; x_wconf 65' lang='lat' dir='ltr'>praefectum.</span> <span class='ocrx_word' id='word_1_63' title='bbox 771 816 948 855; x_wconf 89' lang='lat' dir='ltr'>Vexabat</span> <span class='ocrx_word' id='word_1_64' title='bbox 978 813 1208 853; x_wconf 89' lang='lat' dir='ltr'>Salaminios</span> <span class='ocrx_word' id='word_1_65' title='bbox 1227 828 1236 851; x_wconf 89' lang='lat'>:</span> <span class='ocrx_word' id='word_1_66' title='bbox 1268 826 1342 864; x_wconf 87' lang='lat' dir='ltr'>ego</span> <span class='ocrx_word' id='word_1_67' title='bbox 1361 813 1512 865; x_wconf 87' lang='lat' dir='ltr'>equites</span> <span class='ocrx_word' id='word_1_68' title='bbox 1533 825 1582 849; x_wconf 82' lang='lat' dir='ltr'>ex</span> <span class='ocrx_word' id='word_1_69' title='bbox 1603 809 1737 864; x_wconf 90' lang='lat' dir='ltr'>Cypro</span> <span class='ocrx_word' id='word_1_70' title='bbox 1757 810 1873 849; x_wconf 90' lang='lat' dir='ltr'>dece-</span> 
     </span>
     <span class='ocr_line' id='line_1_10' title="bbox 484 875 1874 936; baseline -0.007 -13"><span class='ocrx_word' id='word_1_71' title='bbox 484 883 707 936; x_wconf 86' lang='lat' dir='ltr'>derejuffi:</span> <span class='ocrx_word' id='word_1_72' title='bbox 739 881 900 920; x_wconf 86' lang='lat' dir='ltr'>moleste</span> <span class='ocrx_word' id='word_1_73' title='bbox 921 881 1015 918; x_wconf 87' lang='lat' dir='ltr'>tulit</span> <span class='ocrx_word' id='word_1_74' title='bbox 1045 879 1238 931; x_wconf 89' lang='lat' dir='ltr'>Scaptius.</span> <span class='ocrx_word' id='word_1_75' title='bbox 1285 877 1396 929; x_wconf 85' lang='lat' dir='ltr'>Qid</span> <span class='ocrx_word' id='word_1_76' title='bbox 1425 877 1583 915; x_wconf 87' lang='lat' dir='ltr'>multa?</span> <span class='ocrx_word' id='word_1_77' title='bbox 1615 885 1660 914; x_wconf 94' lang='lat' dir='ltr'>ut</span> <span class='ocrx_word' id='word_1_78' title='bbox 1688 877 1725 914; x_wconf 90' lang='lat' dir='ltr'>ei</span> <span class='ocrx_word' id='word_1_79' title='bbox 1753 875 1874 914; x_wconf 89' lang='lat' dir='ltr'>fidem</span> 
     </span>
     <span class='ocr_line' id='line_1_11' title="bbox 485 931 1876 1002; baseline -0.007 -13"><span class='ocrx_word' id='word_1_80' title='bbox 485 963 614 989; x_wconf 89' lang='lat' dir='ltr'>meam</span> <span class='ocrx_word' id='word_1_81' title='bbox 633 948 851 1002; x_wconf 83' lang='lat' dir='ltr'>praestarem</span> <span class='ocrx_word' id='word_1_82' title='bbox 866 965 878 992; x_wconf 77' lang='lat'>3</span> <span class='ocrx_word' id='word_1_83' title='bbox 910 959 1004 984; x_wconf 90' lang='lat' dir='ltr'>cum</span> <span class='ocrx_word' id='word_1_84' title='bbox 1033 944 1081 982; x_wconf 90' lang='lat' dir='ltr'>ad</span> <span class='ocrx_word' id='word_1_85' title='bbox 1106 957 1170 982; x_wconf 89' lang='lat' dir='ltr'>me</span> <span class='ocrx_word' id='word_1_86' title='bbox 1191 943 1392 981; x_wconf 91' lang='lat' dir='ltr'>Salaminii</span> <span class='ocrx_word' id='word_1_87' title='bbox 1413 942 1581 981; x_wconf 88' lang='lat' dir='ltr'>Tarsum</span> <span class='ocrx_word' id='word_1_88' title='bbox 1600 931 1805 986; x_wconf 81' lang='lat' dir='ltr'>veniffent,</span> <span class='ocrx_word' id='word_1_89' title='bbox 1835 950 1876 979; x_wconf 87' lang='lat' dir='ltr'>et</span> 
     </span>
     <span class='ocr_line' id='line_1_12' title="bbox 486 1006 1877 1066; baseline -0.007 -12"><span class='ocrx_word' id='word_1_90' title='bbox 486 1016 527 1053; x_wconf 92' lang='lat' dir='ltr'>in</span> <span class='ocrx_word' id='word_1_91' title='bbox 558 1014 621 1053; x_wconf 91' lang='lat' dir='ltr'>his</span> <span class='ocrx_word' id='word_1_92' title='bbox 656 1013 850 1066; x_wconf 89' lang='lat' dir='ltr'>Scaptius,</span> <span class='ocrx_word' id='word_1_93' title='bbox 881 1010 1070 1063; x_wconf 88' lang='lat' dir='ltr'>imperavi</span> <span class='ocrx_word' id='word_1_94' title='bbox 1102 1018 1146 1047; x_wconf 92' lang='lat' dir='ltr'>ut</span> <span class='ocrx_word' id='word_1_95' title='bbox 1176 1009 1385 1061; x_wconf 87' lang='lat' dir='ltr'>pecuniam</span> <span class='ocrx_word' id='word_1_96' title='bbox 1416 1007 1635 1047; x_wconf 86' lang='lat' dir='ltr'>solverent:</span> <span class='ocrx_word' id='word_1_97' title='bbox 1666 1008 1795 1046; x_wconf 90' lang='lat' dir='ltr'>multa</span> <span class='ocrx_word' id='word_1_98' title='bbox 1827 1006 1877 1044; x_wconf 89' lang='lat' dir='ltr'>de</span> 
     </span>
     <span class='ocr_line' id='line_1_13' title="bbox 486 1072 1874 1132; baseline -0.006 -13"><span class='ocrx_word' id='word_1_99' title='bbox 486 1078 718 1132; x_wconf 87' lang='lat' dir='ltr'>syngrapha,</span> <span class='ocrx_word' id='word_1_100' title='bbox 749 1077 797 1116; x_wconf 93' lang='lat' dir='ltr'>de</span> <span class='ocrx_word' id='word_1_101' title='bbox 826 1076 972 1129; x_wconf 85' lang='lat' dir='ltr'>Scaptii</span> <span class='ocrx_word' id='word_1_102' title='bbox 1004 1075 1175 1127; x_wconf 80' lang='lat' dir='ltr'>injuriis.</span> <span class='ocrx_word' id='word_1_103' title='bbox 1221 1074 1377 1126; x_wconf 89' lang='lat' dir='ltr'>Negavi</span> <span class='ocrx_word' id='word_1_104' title='bbox 1407 1086 1472 1112; x_wconf 89' lang='lat' dir='ltr'>me</span> <span class='ocrx_word' id='word_1_105' title='bbox 1503 1073 1664 1112; x_wconf 82' lang='lat' dir='ltr'>audire:</span> <span class='ocrx_word' id='word_1_106' title='bbox 1695 1072 1874 1111; x_wconf 87' lang='lat' dir='ltr'>hortatus</span> 
     </span>
     <span class='ocr_line' id='line_1_14' title="bbox 487 1138 1876 1197; baseline -0.006 -12"><span class='ocrx_word' id='word_1_107' title='bbox 487 1145 601 1190; x_wconf 86' lang='lat' dir='ltr'>sum;</span> <span class='ocrx_word' id='word_1_108' title='bbox 634 1144 756 1197; x_wconf 92' lang='lat' dir='ltr'>petivi</span> <span class='ocrx_word' id='word_1_109' title='bbox 775 1143 893 1180; x_wconf 91' lang='lat' dir='ltr'>etiam</span> <span class='ocrx_word' id='word_1_110' title='bbox 914 1154 987 1194; x_wconf 93' lang='lat' dir='ltr'>pro</span> <span class='ocrx_word' id='word_1_111' title='bbox 1005 1141 1104 1179; x_wconf 90' lang='lat' dir='ltr'>meis</span> <span class='ocrx_word' id='word_1_112' title='bbox 1126 1141 1166 1178; x_wconf 89' lang='lat' dir='ltr'>in</span> <span class='ocrx_word' id='word_1_113' title='bbox 1194 1139 1396 1178; x_wconf 90' lang='lat' dir='ltr'>civitatem</span> <span class='ocrx_word' id='word_1_114' title='bbox 1429 1138 1645 1183; x_wconf 88' lang='lat' dir='ltr'>beneficiis,</span> <span class='ocrx_word' id='word_1_115' title='bbox 1676 1148 1721 1176; x_wconf 91' lang='lat' dir='ltr'>ut</span> <span class='ocrx_word' id='word_1_116' title='bbox 1752 1151 1876 1190; x_wconf 89' lang='lat' dir='ltr'>nego-</span> 
     </span>
     <span class='ocr_line' id='line_1_15' title="bbox 486 1203 1878 1258; baseline -0.006 -9"><span class='ocrx_word' id='word_1_117' title='bbox 486 1212 589 1249; x_wconf 89' lang='lat' dir='ltr'>tium</span> <span class='ocrx_word' id='word_1_118' title='bbox 611 1209 850 1248; x_wconf 89' lang='lat' dir='ltr'>conficerent</span> <span class='ocrx_word' id='word_1_119' title='bbox 868 1222 878 1246; x_wconf 84' lang='lat'>:</span> <span class='ocrx_word' id='word_1_120' title='bbox 909 1206 1080 1258; x_wconf 90' lang='lat' dir='ltr'>denique</span> <span class='ocrx_word' id='word_1_121' title='bbox 1100 1204 1183 1244; x_wconf 87' lang='lat' dir='ltr'>dixi</span> <span class='ocrx_word' id='word_1_122' title='bbox 1204 1218 1268 1243; x_wconf 91' lang='lat' dir='ltr'>me</span> <span class='ocrx_word' id='word_1_123' title='bbox 1288 1205 1529 1243; x_wconf 63' lang='lat' dir='ltr'>coacturum.</span> <span class='ocrx_word' id='word_1_124' title='bbox 1577 1203 1775 1242; x_wconf 89' lang='lat' dir='ltr'>Homines</span> <span class='ocrx_word' id='word_1_125' title='bbox 1797 1216 1878 1240; x_wconf 90' lang='lat' dir='ltr'>non</span> 
     </span>
     <span class='ocr_line' id='line_1_16' title="bbox 488 1268 1875 1317; baseline -0.007 -2"><span class='ocrx_word' id='word_1_126' title='bbox 488 1275 609 1315; x_wconf 90' lang='lat' dir='ltr'>modo</span> <span class='ocrx_word' id='word_1_127' title='bbox 640 1287 720 1313; x_wconf 88' lang='lat' dir='ltr'>non</span> <span class='ocrx_word' id='word_1_128' title='bbox 751 1272 938 1317; x_wconf 88' lang='lat' dir='ltr'>recusare,</span> <span class='ocrx_word' id='word_1_129' title='bbox 970 1271 1033 1309; x_wconf 88' lang='lat' dir='ltr'>sed</span> <span class='ocrx_word' id='word_1_130' title='bbox 1058 1270 1177 1308; x_wconf 87' lang='lat' dir='ltr'>etiam</span> <span class='ocrx_word' id='word_1_131' title='bbox 1205 1268 1283 1308; x_wconf 91' lang='lat' dir='ltr'>hoc</span> <span class='ocrx_word' id='word_1_132' title='bbox 1317 1269 1459 1314; x_wconf 87' lang='lat' dir='ltr'>dicere,</span> <span class='ocrx_word' id='word_1_133' title='bbox 1491 1269 1527 1307; x_wconf 92' lang='lat' dir='ltr'>se</span> <span class='ocrx_word' id='word_1_134' title='bbox 1557 1282 1578 1306; x_wconf 87' lang='lat' dir='ltr'>a</span> <span class='ocrx_word' id='word_1_135' title='bbox 1607 1282 1672 1306; x_wconf 91' lang='lat' dir='ltr'>me</span> <span class='ocrx_word' id='word_1_136' title='bbox 1701 1268 1875 1306; x_wconf 87' lang='lat' dir='ltr'>solvere:</span> 
     </span>
     <span class='ocr_line' id='line_1_17' title="bbox 487 1333 1877 1394; baseline -0.006 -15"><span class='ocrx_word' id='word_1_137' title='bbox 487 1340 597 1394; x_wconf 92' lang='lat' dir='ltr'>quod</span> <span class='ocrx_word' id='word_1_138' title='bbox 617 1340 724 1378; x_wconf 90' lang='lat' dir='ltr'>enim</span> <span class='ocrx_word' id='word_1_139' title='bbox 745 1337 908 1377; x_wconf 85' lang='lat' dir='ltr'>Praetori</span> <span class='ocrx_word' id='word_1_140' title='bbox 926 1336 1015 1375; x_wconf 85' lang='lat' dir='ltr'>dare</span> <span class='ocrx_word' id='word_1_141' title='bbox 1035 1333 1290 1379; x_wconf 83' lang='lat' dir='ltr'>consuessent,</span> <span class='ocrx_word' id='word_1_142' title='bbox 1313 1335 1502 1387; x_wconf 90' lang='lat' dir='ltr'>quoniam</span> <span class='ocrx_word' id='word_1_143' title='bbox 1521 1347 1595 1386; x_wconf 90' lang='lat' dir='ltr'>ego</span> <span class='ocrx_word' id='word_1_144' title='bbox 1616 1347 1694 1372; x_wconf 89' lang='lat' dir='ltr'>non</span> <span class='ocrx_word' id='word_1_145' title='bbox 1715 1346 1877 1386; x_wconf 88' lang='lat' dir='ltr'>accepe-</span> 
     </span>
     <span class='ocr_line' id='line_1_18' title="bbox 489 1398 1876 1456; baseline -0.006 -11"><span class='ocrx_word' id='word_1_146' title='bbox 489 1419 588 1451; x_wconf 87' lang='lat' dir='ltr'>ram,</span> <span class='ocrx_word' id='word_1_147' title='bbox 619 1405 656 1443; x_wconf 90' lang='lat' dir='ltr'>se</span> <span class='ocrx_word' id='word_1_148' title='bbox 675 1419 697 1443; x_wconf 92' lang='lat' dir='ltr'>a</span> <span class='ocrx_word' id='word_1_149' title='bbox 715 1417 779 1443; x_wconf 89' lang='lat' dir='ltr'>me</span> <span class='ocrx_word' id='word_1_150' title='bbox 798 1403 972 1456; x_wconf 90' lang='lat' dir='ltr'>quodam</span> <span class='ocrx_word' id='word_1_151' title='bbox 990 1400 1111 1440; x_wconf 91' lang='lat' dir='ltr'>modo</span> <span class='ocrx_word' id='word_1_152' title='bbox 1131 1400 1219 1439; x_wconf 87' lang='lat' dir='ltr'>dare</span> <span class='ocrx_word' id='word_1_153' title='bbox 1235 1419 1247 1445; x_wconf 66' lang='grc' dir='ltr'><strong><em>ς</em></strong></span> <span class='ocrx_word' id='word_1_154' title='bbox 1279 1409 1397 1452; x_wconf 89' lang='lat' dir='ltr'>atque</span> <span class='ocrx_word' id='word_1_155' title='bbox 1417 1400 1535 1438; x_wconf 89' lang='lat' dir='ltr'>etiam</span> <span class='ocrx_word' id='word_1_156' title='bbox 1556 1398 1689 1438; x_wconf 89' lang='lat' dir='ltr'>minus</span> <span class='ocrx_word' id='word_1_157' title='bbox 1709 1398 1782 1436; x_wconf 78' lang='lat' dir='ltr'>esse</span> <span class='ocrx_word' id='word_1_158' title='bbox 1802 1398 1876 1436; x_wconf 83' lang='lat' dir='ltr'>ali-</span> 
     </span>
     <span class='ocr_line' id='line_1_19' title="bbox 489 1464 1879 1526; baseline -0.007 -15"><span class='ocrx_word' id='word_1_159' title='bbox 489 1480 639 1526; x_wconf 89' lang='lat' dir='ltr'>quanto</span> <span class='ocrx_word' id='word_1_160' title='bbox 658 1472 700 1509; x_wconf 92' lang='lat' dir='ltr'>in</span> <span class='ocrx_word' id='word_1_161' title='bbox 722 1470 868 1522; x_wconf 89' lang='lat' dir='ltr'>Scaptii</span> <span class='ocrx_word' id='word_1_162' title='bbox 888 1468 1064 1513; x_wconf 89' lang='lat' dir='ltr'>nomine,</span> <span class='ocrx_word' id='word_1_163' title='bbox 1080 1480 1199 1519; x_wconf 92' lang='lat' dir='ltr'>quam</span> <span class='ocrx_word' id='word_1_164' title='bbox 1220 1466 1261 1504; x_wconf 92' lang='lat' dir='ltr'>in</span> <span class='ocrx_word' id='word_1_165' title='bbox 1278 1465 1457 1518; x_wconf 61' lang='lat' dir='ltr'>vedtigali</span> <span class='ocrx_word' id='word_1_166' title='bbox 1479 1465 1679 1504; x_wconf 83' lang='lat' dir='ltr'>Praetorio.</span> <span class='ocrx_word' id='word_1_167' title='bbox 1713 1464 1879 1503; x_wconf 86' lang='lat' dir='ltr'>Collau-</span> 
     </span>
     <span class='ocr_line' id='line_1_20' title="bbox 489 1530 1878 1586; baseline -0.007 -9"><span class='ocrx_word' id='word_1_168' title='bbox 489 1538 579 1576; x_wconf 82' lang='lat' dir='ltr'>davi</span> <span class='ocrx_word' id='word_1_169' title='bbox 598 1537 795 1576; x_wconf 90' lang='lat' dir='ltr'>homines.</span> <span class='ocrx_word' id='word_1_170' title='bbox 841 1536 977 1584; x_wconf 77' lang='lat' dir='ltr'>Recte,</span> <span class='ocrx_word' id='word_1_171' title='bbox 1009 1534 1142 1586; x_wconf 91' lang='lat' dir='ltr'>inquit</span> <span class='ocrx_word' id='word_1_172' title='bbox 1162 1532 1340 1584; x_wconf 88' lang='lat' dir='ltr'>Scaptius</span> <span class='ocrx_word' id='word_1_173' title='bbox 1359 1546 1368 1569; x_wconf 92' lang='lat'><strong>:</strong></span> <span class='ocrx_word' id='word_1_174' title='bbox 1401 1530 1465 1569; x_wconf 90' lang='lat' dir='ltr'>sed</span> <span class='ocrx_word' id='word_1_175' title='bbox 1485 1530 1748 1569; x_wconf 87' lang='lat' dir='ltr'>subducamus</span> <span class='ocrx_word' id='word_1_176' title='bbox 1769 1530 1878 1568; x_wconf 88' lang='lat' dir='ltr'>sum-</span> 
     </span>
     <span class='ocr_line' id='line_1_21' title="bbox 490 1596 1881 1652; baseline -0.008 -8"><span class='ocrx_word' id='word_1_177' title='bbox 490 1617 612 1644; x_wconf 85' lang='lat' dir='ltr'>mam.</span> <span class='ocrx_word' id='word_1_178' title='bbox 661 1603 826 1642; x_wconf 90' lang='lat' dir='ltr'>Interim</span> <span class='ocrx_word' id='word_1_179' title='bbox 861 1614 954 1639; x_wconf 92' lang='lat' dir='ltr'>cum</span> <span class='ocrx_word' id='word_1_180' title='bbox 988 1613 1061 1652; x_wconf 89' lang='lat' dir='ltr'>ego</span> <span class='ocrx_word' id='word_1_181' title='bbox 1095 1599 1137 1637; x_wconf 89' lang='lat' dir='ltr'>in</span> <span class='ocrx_word' id='word_1_182' title='bbox 1170 1598 1298 1636; x_wconf 67' lang='lat' dir='ltr'>edicto</span> <span class='ocrx_word' id='word_1_183' title='bbox 1333 1597 1522 1636; x_wconf 89' lang='lat' dir='ltr'>tralatitio</span> <span class='ocrx_word' id='word_1_184' title='bbox 1555 1596 1782 1635; x_wconf 78' lang='lat' dir='ltr'>centesimas</span> <span class='ocrx_word' id='word_1_185' title='bbox 1815 1609 1881 1634; x_wconf 91' lang='lat' dir='ltr'>me</span> 
     </span>
     <span class='ocr_line' id='line_1_22' title="bbox 490 1662 1881 1710; baseline -0.007 -1"><span class='ocrx_word' id='word_1_186' title='bbox 490 1670 787 1709; x_wconf 86' lang='lat' dir='ltr'>observaturum</span> <span class='ocrx_word' id='word_1_187' title='bbox 817 1666 1018 1710; x_wconf 88' lang='lat' dir='ltr'>haberem,</span> <span class='ocrx_word' id='word_1_188' title='bbox 1049 1677 1143 1703; x_wconf 90' lang='lat' dir='ltr'>cum</span> <span class='ocrx_word' id='word_1_189' title='bbox 1169 1662 1398 1701; x_wconf 83' lang='lat' dir='ltr'>anatocismi</span> <span class='ocrx_word' id='word_1_190' title='bbox 1429 1662 1702 1707; x_wconf 87' lang='lat' dir='ltr'>anniversario,</span> <span class='ocrx_word' id='word_1_191' title='bbox 1733 1662 1801 1700; x_wconf 91' lang='lat' dir='ltr'>ille</span> <span class='ocrx_word' id='word_1_192' title='bbox 1832 1675 1881 1700; x_wconf 87' lang='lat' dir='ltr'>ex</span> 
     </span>
     <span class='ocr_line' id='line_1_23' title="bbox 493 1727 1882 1788; baseline -0.007 -14"><span class='ocrx_word' id='word_1_193' title='bbox 493 1733 710 1788; x_wconf 88' lang='lat' dir='ltr'>syngrapha</span> <span class='ocrx_word' id='word_1_194' title='bbox 729 1732 948 1786; x_wconf 88' lang='lat' dir='ltr'>postulabat</span> <span class='ocrx_word' id='word_1_195' title='bbox 967 1739 1187 1784; x_wconf 87' lang='lat' dir='ltr'>quaternas.</span> <span class='ocrx_word' id='word_1_196' title='bbox 1220 1728 1331 1781; x_wconf 86' lang='lat' dir='ltr'>Qid</span> <span class='ocrx_word' id='word_1_197' title='bbox 1351 1728 1405 1766; x_wconf 90' lang='lat' dir='ltr'>ais</span> <span class='ocrx_word' id='word_1_198' title='bbox 1425 1729 1438 1766; x_wconf 74' lang='grc' dir='ltr'><strong><em>ἓ</em></strong></span> <span class='ocrx_word' id='word_1_199' title='bbox 1470 1729 1654 1780; x_wconf 89' lang='lat' dir='ltr'>inquam:</span> <span class='ocrx_word' id='word_1_200' title='bbox 1678 1727 1882 1780; x_wconf 79' lang='lat' dir='ltr'>possumne</span> 
     </span>
     <span class='ocr_line' id='line_1_24' title="bbox 493 1793 1881 1848; baseline -0.007 -8"><span class='ocrx_word' id='word_1_201' title='bbox 493 1811 630 1840; x_wconf 92' lang='lat' dir='ltr'>contra</span> <span class='ocrx_word' id='word_1_202' title='bbox 649 1813 784 1838; x_wconf 90' lang='lat' dir='ltr'>meum</span> <span class='ocrx_word' id='word_1_203' title='bbox 798 1797 998 1836; x_wconf 73' lang='lat' dir='ltr'>edictum?</span> <span class='ocrx_word' id='word_1_204' title='bbox 1021 1797 1078 1834; x_wconf 94' lang='lat' dir='ltr'>At</span> <span class='ocrx_word' id='word_1_205' title='bbox 1098 1795 1165 1834; x_wconf 89' lang='lat' dir='ltr'>ille</span> <span class='ocrx_word' id='word_1_206' title='bbox 1181 1793 1331 1848; x_wconf 89' lang='lat' dir='ltr'>profert</span> <span class='ocrx_word' id='word_1_207' title='bbox 1351 1793 1755 1832; x_wconf 84' lang='lat' dir='ltr'>senatus-consultum</span> <span class='ocrx_word' id='word_1_208' title='bbox 1772 1793 1881 1831; x_wconf 91' lang='lat' dir='ltr'>Len-</span> 
     </span>
     <span class='ocr_line' id='line_1_25' title="bbox 495 1858 1884 1917; baseline -0.006 -13"><span class='ocrx_word' id='word_1_209' title='bbox 495 1866 581 1904; x_wconf 91' lang='lat' dir='ltr'>tulo</span> <span class='ocrx_word' id='word_1_210' title='bbox 603 1864 870 1917; x_wconf 88' lang='lat' dir='ltr'>Philippoque</span> <span class='ocrx_word' id='word_1_211' title='bbox 891 1861 996 1900; x_wconf 76' lang='lat' dir='ltr'>Coss‘.</span> <span class='ocrx_word' id='word_1_212' title='bbox 1019 1870 1078 1906; x_wconf 90' lang='lat' dir='ltr'>ut,</span> <span class='ocrx_word' id='word_1_213' title='bbox 1108 1861 1178 1913; x_wconf 89' lang='lat' dir='ltr'>qui</span> <span class='ocrx_word' id='word_1_214' title='bbox 1200 1859 1387 1898; x_wconf 90' lang='lat' dir='ltr'>Ciliciam</span> <span class='ocrx_word' id='word_1_215' title='bbox 1415 1859 1626 1903; x_wconf 90' lang='lat' dir='ltr'>obtineret,</span> <span class='ocrx_word' id='word_1_216' title='bbox 1653 1859 1718 1910; x_wconf 88' lang='lat' dir='ltr'>jus</span> <span class='ocrx_word' id='word_1_217' title='bbox 1746 1871 1792 1896; x_wconf 80' lang='lat' dir='ltr'>ex</span> <span class='ocrx_word' id='word_1_218' title='bbox 1815 1858 1884 1895; x_wconf 79' lang='lat' dir='ltr'>illa</span> 
     </span>
     <span class='ocr_line' id='line_1_26' title="bbox 496 1923 1881 1983; baseline -0.007 -13"><span class='ocrx_word' id='word_1_219' title='bbox 496 1929 713 1983; x_wconf 85' lang='lat' dir='ltr'>syngrapha</span> <span class='ocrx_word' id='word_1_220' title='bbox 733 1929 893 1966; x_wconf 86' lang='lat' dir='ltr'>diceret.</span> <span class='ocrx_word' id='word_1_221' title='bbox 940 1924 1138 1964; x_wconf 77' lang='lat' dir='ltr'>Cohorrui</span> <span class='ocrx_word' id='word_1_222' title='bbox 1159 1925 1289 1978; x_wconf 90' lang='lat' dir='ltr'>primo</span> <span class='ocrx_word' id='word_1_223' title='bbox 1307 1940 1316 1963; x_wconf 89' lang='lat'>:</span> <span class='ocrx_word' id='word_1_224' title='bbox 1349 1933 1428 1962; x_wconf 86' lang='lat' dir='ltr'>erat</span> <span class='ocrx_word' id='word_1_225' title='bbox 1449 1925 1555 1962; x_wconf 89' lang='lat' dir='ltr'>enim</span> <span class='ocrx_word' id='word_1_226' title='bbox 1578 1924 1759 1962; x_wconf 88' lang='lat' dir='ltr'>interitus</span> <span class='ocrx_word' id='word_1_227' title='bbox 1780 1923 1881 1961; x_wconf 87' lang='lat' dir='ltr'>civi-</span> 
     </span>
     <span class='ocr_line' id='line_1_27' title="bbox 496 1989 1882 2047; baseline -0.006 -11"><span class='ocrx_word' id='word_1_228' title='bbox 496 1998 601 2036; x_wconf 88' lang='lat' dir='ltr'>tatis.</span> <span class='ocrx_word' id='word_1_229' title='bbox 644 1995 814 2047; x_wconf 88' lang='lat' dir='ltr'>Reperio</span> <span class='ocrx_word' id='word_1_230' title='bbox 834 1994 912 2031; x_wconf 92' lang='lat' dir='ltr'>duo</span> <span class='ocrx_word' id='word_1_231' title='bbox 939 1991 1294 2031; x_wconf 85' lang='lat' dir='ltr'>senatus-consulta</span> <span class='ocrx_word' id='word_1_232' title='bbox 1323 1990 1459 2029; x_wconf 83' lang='lat' dir='ltr'>iisdem</span> <span class='ocrx_word' id='word_1_233' title='bbox 1488 1989 1729 2029; x_wconf 84' lang='lat' dir='ltr'>Consulibus</span> <span class='ocrx_word' id='word_1_234' title='bbox 1750 1989 1798 2028; x_wconf 88' lang='lat' dir='ltr'>de</span> <span class='ocrx_word' id='word_1_235' title='bbox 1816 2002 1882 2028; x_wconf 85' lang='lat' dir='ltr'>ea-</span> 
     </span>
     <span class='ocr_line' id='line_1_28' title="bbox 494 2055 1881 2113; baseline -0.006 -12"><span class='ocrx_word' id='word_1_236' title='bbox 494 2063 586 2101; x_wconf 89' lang='lat' dir='ltr'>dem</span> <span class='ocrx_word' id='word_1_237' title='bbox 606 2059 837 2113; x_wconf 84' lang='lat' dir='ltr'>syngrapha.</span> <span class='ocrx_word' id='word_1_238' title='bbox 870 2058 1071 2096; x_wconf 88' lang='lat' dir='ltr'>Salaminii</span> <span class='ocrx_word' id='word_1_239' title='bbox 1091 2071 1183 2096; x_wconf 89' lang='lat' dir='ltr'>cum</span> <span class='ocrx_word' id='word_1_240' title='bbox 1206 2058 1343 2095; x_wconf 82' lang='lat' dir='ltr'>Romae</span> <span class='ocrx_word' id='word_1_241' title='bbox 1360 2056 1553 2094; x_wconf 80' lang='lat' dir='ltr'>versuram</span> <span class='ocrx_word' id='word_1_242' title='bbox 1574 2055 1699 2094; x_wconf 86' lang='lat' dir='ltr'>facere</span> <span class='ocrx_word' id='word_1_243' title='bbox 1719 2055 1881 2099; x_wconf 85' lang='lat' dir='ltr'>vellent,</span> 
     </span>
     <span class='ocr_line' id='line_1_29' title="bbox 496 2120 1881 2180; baseline -0.007 -13"><span class='ocrx_word' id='word_1_244' title='bbox 496 2142 575 2167; x_wconf 87' lang='lat' dir='ltr'>non</span> <span class='ocrx_word' id='word_1_245' title='bbox 598 2135 804 2180; x_wconf 75' lang='lat' dir='ltr'>poterant3</span> <span class='ocrx_word' id='word_1_246' title='bbox 827 2124 934 2177; x_wconf 91' lang='lat' dir='ltr'>quod</span> <span class='ocrx_word' id='word_1_247' title='bbox 955 2124 1017 2161; x_wconf 86' lang='lat' dir='ltr'>lex</span> <span class='ocrx_word' id='word_1_248' title='bbox 1040 2123 1211 2161; x_wconf 81' lang='lat' dir='ltr'>Gabinia</span> <span class='ocrx_word' id='word_1_249' title='bbox 1231 2123 1397 2161; x_wconf 71' lang='lat' dir='ltr'>vetabat.</span> <span class='ocrx_word' id='word_1_250' title='bbox 1431 2123 1541 2160; x_wconf 88' lang='lat' dir='ltr'>Tum</span> <span class='ocrx_word' id='word_1_251' title='bbox 1564 2122 1606 2165; x_wconf 88' lang='lat' dir='ltr'>ii,</span> <span class='ocrx_word' id='word_1_252' title='bbox 1631 2121 1742 2159; x_wconf 84' lang='lat' dir='ltr'>Bruti</span> <span class='ocrx_word' id='word_1_253' title='bbox 1764 2120 1881 2158; x_wconf 82' lang='lat' dir='ltr'>fami-</span> 
     </span>
     <span class='ocr_line' id='line_1_30' title="bbox 497 2185 1882 2242; baseline -0.006 -11"><span class='ocrx_word' id='word_1_254' title='bbox 497 2193 625 2237; x_wconf 85' lang='lat' dir='ltr'>liares,</span> <span class='ocrx_word' id='word_1_255' title='bbox 657 2190 747 2229; x_wconf 87' lang='lat' dir='ltr'>freti</span> <span class='ocrx_word' id='word_1_256' title='bbox 767 2190 891 2242; x_wconf 83' lang='lat' dir='ltr'>gratia</span> <span class='ocrx_word' id='word_1_257' title='bbox 911 2189 1038 2233; x_wconf 88' lang='lat' dir='ltr'>Bruti,</span> <span class='ocrx_word' id='word_1_258' title='bbox 1069 2188 1157 2225; x_wconf 80' lang='lat' dir='ltr'>dare</span> <span class='ocrx_word' id='word_1_259' title='bbox 1177 2188 1361 2225; x_wconf 81' lang='lat' dir='ltr'>volebant</span> <span class='ocrx_word' id='word_1_260' title='bbox 1386 2200 1445 2231; x_wconf 81' lang='grc' dir='ltr'>ιν,</span> <span class='ocrx_word' id='word_1_261' title='bbox 1469 2187 1492 2224; x_wconf 76' lang='lat' dir='ltr'>sn</span> <span class='ocrx_word' id='word_1_262' title='bbox 1516 2186 1584 2224; x_wconf 80' lang='lat' dir='ltr'>fibi</span> <span class='ocrx_word' id='word_1_263' title='bbox 1607 2185 1882 2223; x_wconf 78' lang='lat' dir='ltr'>senatus-con-</span> 
     </span>
     <span class='ocr_line' id='line_1_31' title="bbox 499 2251 1886 2307; baseline -0.006 -10"><span class='ocrx_word' id='word_1_264' title='bbox 499 2259 601 2297; x_wconf 91' lang='lat' dir='ltr'>sulto</span> <span class='ocrx_word' id='word_1_265' title='bbox 621 2265 833 2295; x_wconf 85' lang='lat' dir='ltr'>caveretur.</span> <span class='ocrx_word' id='word_1_266' title='bbox 874 2255 939 2293; x_wconf 84' lang='lat' dir='ltr'>Fit</span> <span class='ocrx_word' id='word_1_267' title='bbox 959 2254 1082 2307; x_wconf 75' lang='lat' dir='ltr'>gratia</span> <span class='ocrx_word' id='word_1_268' title='bbox 1103 2254 1214 2292; x_wconf 82' lang='lat' dir='ltr'>Bruti</span> <span class='ocrx_word' id='word_1_269' title='bbox 1238 2251 1666 2291; x_wconf 81' lang='lat' dir='ltr'>senatus-consultum:</span> <span class='ocrx_word' id='word_1_270' title='bbox 1701 2252 1750 2290; x_wconf 66' lang='lat' dir='ltr'>U,</span> <span class='ocrx_word' id='word_1_271' title='bbox 1775 2265 1886 2289; x_wconf 74' lang='lat' dir='ltr'>nc-vc</span> 
     </span>
     <span class='ocr_line' id='line_1_32' title="bbox 500 2316 1884 2373; baseline -0.006 -11"><span class='ocrx_word' id='word_1_272' title='bbox 500 2321 717 2367; x_wconf 84' lang='lat' dir='ltr'>Salaminiis,</span> <span class='ocrx_word' id='word_1_273' title='bbox 748 2334 859 2359; x_wconf 83' lang='lat' dir='ltr'>ne—ve</span> <span class='ocrx_word' id='word_1_274' title='bbox 879 2320 942 2373; x_wconf 84' lang='lat' dir='ltr'>qui</span> <span class='ocrx_word' id='word_1_275' title='bbox 957 2319 1003 2358; x_wconf 84' lang='lat' dir='ltr'>cis</span> <span class='ocrx_word' id='word_1_276' title='bbox 1029 2317 1181 2371; x_wconf 65' lang='lat' dir='ltr'>dedfſjkl,</span> <span class='ocrx_word' id='word_1_277' title='bbox 1200 2317 1342 2369; x_wconf 62' lang='lat' dir='ltr'>⁸fraudi</span> <span class='ocrx_word' id='word_1_278' title='bbox 1357 2316 1448 2369; x_wconf 57' lang='lat' dir='ltr'>effer.</span> <span class='ocrx_word' id='word_1_279' title='bbox 1498 2317 1707 2356; x_wconf 70' lang='lat' dir='ltr'>Pecuniam</span> <span class='ocrx_word' id='word_1_280' title='bbox 1742 2330 1884 2354; x_wconf 82' lang='lat' dir='ltr'>nume-</span> 
     </span>
     <span class='ocr_line' id='line_1_33' title="bbox 500 2381 1884 2440; baseline -0.007 -13"><span class='ocrx_word' id='word_1_281' title='bbox 500 2398 633 2427; x_wconf 81' lang='lat' dir='ltr'>rarunt</span> <span class='ocrx_word' id='word_1_282' title='bbox 653 2403 660 2425; x_wconf 92' lang='lat'>:</span> <span class='ocrx_word' id='word_1_283' title='bbox 693 2397 731 2425; x_wconf 84' lang='lat' dir='ltr'>et</span> <span class='ocrx_word' id='word_1_284' title='bbox 751 2387 879 2440; x_wconf 83' lang='lat' dir='ltr'>postea</span> <span class='ocrx_word' id='word_1_285' title='bbox 901 2386 1005 2424; x_wconf 88' lang='lat' dir='ltr'>venit</span> <span class='ocrx_word' id='word_1_286' title='bbox 1027 2385 1066 2423; x_wconf 87' lang='lat' dir='ltr'>in</span> <span class='ocrx_word' id='word_1_287' title='bbox 1089 2394 1262 2422; x_wconf 86' lang='lat' dir='ltr'>mentem</span> <span class='ocrx_word' id='word_1_288' title='bbox 1284 2382 1600 2426; x_wconf 75' lang='lat' dir='ltr'>foencr.1toribus‚</span> <span class='ocrx_word' id='word_1_289' title='bbox 1634 2381 1741 2422; x_wconf 74' lang='lat' dir='ltr'>nihi).</span> <span class='ocrx_word' id='word_1_290' title='bbox 1766 2382 1799 2420; x_wconf 84' lang='lat' dir='ltr'>sc</span> <span class='ocrx_word' id='word_1_291' title='bbox 1815 2383 1884 2432; x_wconf 85' lang='lat' dir='ltr'>ju·</span> 
     </span>
     <span class='ocr_line' id='line_1_34' title="bbox 500 2447 1884 2502; baseline -0.006 -9"><span class='ocrx_word' id='word_1_292' title='bbox 500 2467 587 2493; x_wconf 86' lang='lat' dir='ltr'>vare</span> <span class='ocrx_word' id='word_1_293' title='bbox 615 2452 716 2492; x_wconf 86' lang='lat' dir='ltr'>illud</span> <span class='ocrx_word' id='word_1_294' title='bbox 746 2451 1166 2495; x_wconf 78' lang='lat' dir='ltr'>senatus-consultum,</span> <span class='ocrx_word' id='word_1_295' title='bbox 1198 2449 1305 2502; x_wconf 86' lang='lat' dir='ltr'>quod</span> <span class='ocrx_word' id='word_1_296' title='bbox 1325 2463 1371 2488; x_wconf 86' lang='lat' dir='ltr'>cx</span> <span class='ocrx_word' id='word_1_297' title='bbox 1396 2447 1690 2500; x_wconf 54' lang='lat' dir='ltr'>lyngraphajus</span> <span class='ocrx_word' id='word_1_298' title='bbox 1712 2447 1791 2485; x_wconf 70' lang='lat' dir='ltr'>dici</span> <span class='ocrx_word' id='word_1_299' title='bbox 1824 2447 1884 2485; x_wconf 87' lang='lat' dir='ltr'>lex</span> 
     </span>
    </p>
   </div>
  </div>
 </body>
</html>
