2243 3008
562 361 638 413 356
908 359 1594 400 EPISTOLARUM

897 595 1138 632 CICERO
1180 593 1436 630 ATT1co
1481 592 1611 631 SAL.

568 721 763 761 XLVIII.
788 720 866 792 D
884 720 1017 758 ΟΜῙ
1049 728 1086 758 te
1114 719 1285 757 libenter
1313 718 1400 764 esse,
1432 717 1547 757 facile
1573 718 1716 758 credo:
1749 719 1813 758 sed
1833 721 1954 760 velim
1980 752 1983 754 .

881 785 991 830 scire,
1009 783 1106 836 quid
1127 784 1201 822 tibi
1221 783 1348 829 restet,
1365 792 1432 821 aut
1446 783 1581 835 jamne
1601 782 1834 822 confeceris.
1865 786 1955 838 Ego

568 860 608 889 te
628 851 668 888 ln
690 849 918 888 Tusculano
937 850 1115 900 expecto,
1146 861 1272 900 eoque
1292 848 1433 900 magis,
1465 847 1573 900 quod
1593 848 1736 887 Tironi
1756 847 1887 887 statim
1917 859 1956 888 te

569 925 779 954 venturum
800 913 995 967 scripfisti‚
1013 922 1051 951 et
1071 912 1266 958 addidisti,
1284 922 1322 951 te
1341 922 1477 966 putare
1496 926 1595 966 opus
1615 913 1701 952 effe.
1735 913 1956 953 Sentiebam

570 981 750 1026 omnino,
780 989 975 1032 quantum
1004 977 1106 1016 mihi
1136 978 1300 1031 praesens
1330 977 1520 1030 prodesses
1537 996 1549 1024 ς
1582 978 1645 1016 sed
1674 979 1804 1017 multo
1830 980 1957 1032 magis

571 1045 655 1098 post
675 1045 879 1084 discessum
902 1054 1015 1082 tuum
1038 1042 1175 1082 sentio.
1208 1043 1495 1095 anobrem,
1512 1052 1557 1082 ut
1577 1053 1666 1082 ante
1684 1044 1732 1082 ad
1753 1053 1790 1084 te
1811 1043 1957 1099 scripfi,

573 1121 639 1150 aut
658 1125 731 1164 ego
751 1111 798 1150 ad
819 1120 855 1150 te
878 1119 998 1154 totus,
1029 1117 1095 1148 aut
1117 1118 1160 1147 tu
1180 1109 1227 1148 ad
1246 1123 1310 1149 me
1325 1127 1339 1155 5
1370 1108 1477 1162 quod
1497 1108 1650 1149 licebit.

911 1314 1152 1351 Cxceno
1192 1311 1449 1350 ATT1co
1492 1311 1623 1350 SAL.

577 1439 731 1478 XLIX.
756 1438 885 1512 HE
903 1439 972 1478 RI
1003 1451 1083 1478 non
1112 1439 1244 1478 multo
1275 1438 1359 1491 post
1390 1452 1508 1491 quam
1536 1447 1579 1476 tu
1606 1451 1626 1475 a
1655 1450 1718 1476 me
1749 1437 1961 1483 disceffisti,

865 1514 978 1556 puto,
1004 1503 1164 1556 quidam
1187 1503 1341 1548 urbani,
1364 1513 1408 1541 ut
1428 1502 1676 1547 videbantur,
1696 1502 1743 1540 ad
1764 1516 1826 1541 me
1847 1517 1961 1541 man-

577 1569 665 1607 data
683 1578 722 1607 et
742 1569 870 1607 literas
891 1568 1108 1607 attulerunt
1128 1582 1149 1605 a
1170 1569 1219 1606 C.
1243 1567 1375 1606 Mario
1396 1568 1445 1605 C.
1469 1568 1517 1606 F.
1541 1568 1591 1606 C.
1616 1568 1672 1606 N.
1705 1568 1851 1606 Multis
1873 1582 1961 1607 ver-

578 1634 638 1672 bis
659 1647 768 1686 agere
789 1646 945 1672 mecum
966 1647 1034 1686 per
1054 1633 1346 1686 cognationem,
1377 1645 1464 1685 quae
1484 1631 1586 1670 mihi
1607 1631 1738 1671 secum
1758 1632 1863 1678 esset,
1894 1646 1963 1685 per

577 1713 669 1738 eum
701 1700 894 1744 Marium,
925 1712 1045 1752 quem
1077 1698 1318 1752 scripfiffem,
1349 1711 1418 1751 per
1448 1697 1715 1751 eloquentiam
1746 1699 1796 1737 L.
1827 1697 1964 1743 Craffi,

578 1766 638 1803 avi
670 1765 742 1811 sui,
775 1774 818 1803 ut
849 1765 886 1803 se
918 1763 1196 1809 defenderem;
1227 1763 1459 1816 causamque
1476 1763 1586 1802 suam
1607 1763 1707 1802 mihi
1729 1763 1963 1816 perscripfit.

578 1831 770 1883 Rescripfi
803 1839 967 1883 patrono
998 1830 1059 1868 illi
1090 1829 1192 1869 nihil
1217 1843 1315 1882 opus
1336 1829 1422 1875 effe,
1454 1829 1642 1881 quoniam
1664 1829 1839 1874 Caesaris‚
1869 1843 1964 1882 pro-

579 1897 720 1948 pinqui
741 1897 839 1947 ejus,
870 1895 1000 1934 omnis
1022 1895 1186 1947 potestas
1207 1895 1312 1939 esset,
1342 1894 1416 1933 viri
1447 1894 1607 1947 optimi,
1636 1903 1675 1932 et
1706 1892 1880 1932 hominis
1911 1894 1965 1931 li-

582 1960 830 1999 beraliffimi:
864 1973 927 1998 me
957 1969 1086 1998 tamen
1113 1961 1149 1998 ei
1178 1959 1396 1998 fauturum.
1443 1960 1482 1997 O
1508 1958 1709 2011 tempora!
1742 1957 1840 2004 fore,
1871 1972 1965 1997 cum

580 2027 736 2065 dubitet
761 2026 924 2080 Curtius
956 2023 1216 2064 Consulatum
1247 2025 1407 2076 petere?
1439 2023 1513 2062 Sed
1541 2023 1624 2063 haec
1654 2023 1855 2062 hastenus.
1902 2025 1966 2063 De

581 2093 746 2137 Tirone,
777 2091 879 2130 mihi
899 2105 1000 2130 curae
1020 2090 1073 2129 est
1091 2106 1100 2130 ε
1134 2090 1195 2129 sed
1225 2092 1306 2144 jam
1327 2090 1458 2135 sciam,
1489 2090 1585 2142 quid
1606 2100 1692 2143 agat
1711 2105 1720 2129 ι
1752 2089 1838 2129 heri
1856 2090 1966 2129 enim

581 2157 682 2202 miti,
713 2157 783 2209 qui
812 2155 987 2202 videret;
1019 2156 1083 2194 cui
1110 2156 1228 2194 etiam
1249 2155 1295 2193 ad
1323 2164 1360 2193 te
1381 2155 1510 2193 literas
1529 2154 1634 2194 dedi.
1681 2153 1897 2207 Epistolam
1917 2154 1967 2193 ad

581 2223 771 2262 Caesarem
793 2222 868 2260 tibi
888 2222 989 2262 misi.
1029 2221 1151 2262 Horti
1172 2235 1290 2275 quam
1309 2221 1353 2261 in
1372 2220 1476 2260 diem
1497 2220 1706 2275 proscripti
1725 2219 1814 2266 sint.
1844 2219 1968 2259 velim

580 2288 627 2327 ad
648 2301 710 2327 me
730 2287 887 2328 scribas.
