2243 3008
490 232 596 270 AD
654 227 1084 269 ATTICUM
1154 229 1463 271 LIB.X111.
1593 247 1667 288 375

289 332 347 369 At
368 339 410 369 tu
430 339 468 369 et
500 329 561 368 illi
581 338 619 366 et
640 328 749 366 Piliae
769 326 982 380 plurimam
1000 344 1011 371 ς
1044 339 1115 364 nec
1137 341 1199 365 me
1221 337 1349 367 tamen
1381 332 1490 370 irasci
1519 333 1669 373 indica-

288 397 356 435 ris.
389 394 607 448 Epistolam
628 392 786 431 Caesaris
808 391 908 436 mifi,
941 391 966 429 fi
987 392 1118 429 minus
1139 392 1305 445 legiffeS.

628 595 868 632 Cxcnno
909 595 1164 632 ATT1co
1206 594 1334 634 SAL.

287 723 446 761 XXIII.
472 718 596 793 AN
612 723 650 759 T
666 722 698 759 E
714 722 763 759 M
777 723 811 760 E
826 722 862 759 R
878 723 895 760 Ι
911 723 948 760 D
962 723 980 761 1
992 723 1029 760 A
1042 722 1085 761 N
1100 723 1117 760 Ι
1132 723 1154 760 S
1187 724 1263 761 tuis
1293 723 1417 762 literis
1439 724 1522 763 heri
1544 725 1675 766 statim

591 787 789 839 rescripfi;
836 800 941 825 nunc
982 787 1194 840 respondeo
1234 788 1476 841 vespertinis.
1527 793 1671 831 Brutus

288 853 448 890 mallem
470 866 533 890 me
553 851 776 897 arcefferet;
811 865 900 889 nam
920 861 959 890 et
979 853 1127 905 aequius
1149 862 1243 898 erat,
1265 867 1358 892 cum
1378 855 1439 892 illi
1461 856 1533 894 iter
1553 857 1671 895 insta-

288 928 345 955 ret
366 928 404 956 et
425 918 600 955 subitum
619 927 659 955 et
679 917 845 969 longum
864 931 873 954 :
906 926 944 954 et
965 916 1190 956 mehercule
1211 932 1332 964 nunc,
1363 933 1456 957 cum
1481 922 1534 958 ita
1554 922 1671 960 fimus

286 983 428 1028 affecti,
461 992 505 1021 ut
536 996 615 1020 non
645 983 830 1035 poffirnus
862 982 976 1034 plane
1007 982 1121 1021 fimul
1154 984 1294 1028 vivere,
1328 985 1537 1037 (intelligis
1564 987 1674 1026 enim

284 1047 476 1100 profesto,
508 1048 548 1086 in
579 1061 659 1100 quo
691 1048 862 1085 maxime
891 1047 1013 1099 posita
1042 1048 1088 1085 fit
1119 1046 1319 1098 συμξὶωσις)
1352 1049 1467 1088 facile
1498 1053 1675 1104 patiebar

286 1126 356 1151 nos
391 1115 523 1165 potius
558 1114 697 1151 Romae
732 1126 809 1150 una
839 1112 926 1157 effe,
957 1126 1076 1165 quam
1110 1113 1151 1151 in
1183 1113 1425 1154 Tusculano.
1477 1117 1590 1154 Libri
1624 1118 1672 1155 ad

286 1179 504 1217 Varronem
538 1192 618 1217 non
652 1178 918 1216 morabantur.
969 1179 1068 1216 Sunt
1101 1179 1208 1217 enim
1237 1179 1400 1226 detexti‚
1439 1190 1483 1219 ut
1511 1183 1671 1222 vidisti:

285 1253 442 1282 tanturn
462 1244 712 1282 librariorum
732 1243 875 1282 menda
894 1243 1115 1282 tolluntur:
1148 1244 1194 1282 de
1214 1245 1359 1297 quibus
1381 1246 1492 1285 libris
1515 1247 1586 1286 scis
1608 1262 1673 1286 me

286 1309 502 1347 dubitaffe:
535 1309 597 1347 sed
619 1318 662 1347 tu
683 1309 838 1347 videris.
872 1310 989 1354 Item,
1012 1323 1111 1361 quos
1134 1311 1255 1348 Bruto
1276 1311 1490 1357 mittimus,
1523 1314 1563 1351 in
1585 1328 1670 1352 ma-

285 1375 402 1414 nibus
422 1374 570 1413 habent
590 1375 754 1413 librarii.
787 1375 881 1412 Mea
900 1374 1094 1420 mandata,
1114 1384 1157 1413 ut
1178 1375 1328 1420 scribis,
1345 1377 1519 1429 explica3
1543 1392 1672 1431 quan-

284 1454 405 1493 quam
424 1440 492 1479 ista
518 1441 736 1479 retentione
763 1453 899 1478 omnes
931 1441 984 1479 ait
1016 1441 1075 1479 uti
1105 1441 1345 1480 Trebatius:
1378 1443 1475 1494 quid
1506 1453 1548 1482 tu
1580 1445 1670 1483 istos

285 1515 397 1558 putas
417 1507 430 1543 ?
462 1505 561 1543 nosti
582 1505 746 1543 domum
764 1520 774 1543 :
807 1518 925 1557 quare
944 1505 1096 1542 confice
1114 1504 1303 1552 εὐαγώγους.
1344 1508 1580 1547 Incredibile
1600 1510 1669 1555 est,

286 1583 406 1623 quam
433 1583 505 1622 ego
535 1569 603 1606 ista
631 1582 710 1607 non
741 1583 891 1607 curem.
939 1569 1065 1607 Omni
1097 1569 1171 1607 tibi
1200 1569 1468 1610 asseveratione
1501 1574 1668 1620 affirmo,

285 1635 393 1687 quod
428 1634 529 1672 mihi
563 1634 692 1672 credas
725 1634 860 1679 velim,
891 1633 993 1672 mihi
1028 1634 1165 1687 majori
1197 1634 1400 1674 offensioni
1433 1637 1519 1683 effe,
1551 1653 1671 1691 quam

285 1701 547 1746 delectationi,
578 1700 890 1753 poffeffiunculas
910 1714 1013 1739 meas
1032 1716 1041 1739 ε
1076 1701 1199 1753 magis
1218 1703 1325 1739 enim
1347 1703 1474 1748 doleo,
1507 1718 1569 1742 me
1590 1719 1670 1744 non

285 1766 426 1805 habere
446 1766 511 1804 cui
532 1765 695 1810 tradam,
727 1779 847 1818 quam
867 1765 1007 1804 habere
1027 1766 1097 1819 qui
1130 1776 1228 1804 utar.
1274 1768 1408 1820 Atque
1438 1769 1537 1806 illud
1565 1772 1668 1809 Tre-

287 1833 413 1870 batius
434 1831 470 1869 se
492 1831 567 1869 tibi
586 1831 723 1869 dixiffe
743 1832 947 1877 narrabat;
981 1842 1023 1870 tu
1043 1841 1175 1870 autem
1196 1833 1340 1870 veritus
1361 1847 1400 1871 es
1422 1833 1587 1879 fortasse,
1621 1850 1674 1874 ne

285 1911 358 1950 ego
377 1899 524 1936 invitus
545 1898 735 1936 audirem.
782 1898 877 1936 Fuit
897 1897 937 1935 id
958 1898 1120 1950 quidem
1141 1897 1397 1937 humanitatis
1416 1915 1425 1937 :
1458 1900 1534 1945 sed,
1567 1901 1669 1940 mihi

285 1963 411 2008 crede,
437 1964 522 2015 jam
541 1963 610 2001 ista
629 1976 708 2000 non
729 1975 838 2000 curo.
885 1964 1016 2013 Qare
1048 1963 1096 2001 da
1127 1972 1164 2001 te
1195 1964 1235 2000 in
1257 1963 1489 2010 sermonem,
1520 1975 1558 2003 et
1579 1981 1668 2019 per-

286 2029 380 2074 seca,
411 2039 450 2066 et
483 2028 648 2073 confice,
688 2029 828 2073 excita,
867 2028 1075 2080 compella,
1115 2029 1290 2081 loquere,
1322 2039 1366 2068 ut
1401 2040 1437 2068 te
1471 2045 1563 2069 cum
1598 2033 1677 2071 illo

286 2096 413 2131 Scaeva
431 2094 540 2145 loqui
562 2103 689 2146 putes.
722 2094 787 2131 Ne
807 2093 1002 2132 existimes
1022 2107 1102 2139 eos,
1120 2095 1190 2146 qui
1210 2108 1289 2132 non
1311 2095 1441 2133 debita
1460 2098 1668 2135 consectari

284 2159 444 2204 soleant,
476 2159 582 2211 quod
603 2159 801 2205 debeatur,
833 2159 1066 2199 remiffuros.
1113 2161 1176 2199 De
1196 2160 1258 2198 die
1280 2170 1432 2199 tantum
1453 2161 1597 2207 videto,
1629 2172 1673 2200 etr

286 2224 325 2261 id
346 2224 474 2276 ipsum
496 2224 600 2263 bono
620 2223 753 2264 modo.
