2243 3008
541 281 645 318 AD
704 275 1132 320 ATTICUM
1200 277 1443 315 LIB.V.
1608 291 1681 332 125·

634 515 875 554 C1cERo
918 514 1173 550 ATT1co
1216 513 1345 551 SAL.

301 643 394 681 VII.
420 641 494 730 Q
511 642 549 680 U
566 642 602 679 O
618 644 655 681 T
671 643 688 680 1
704 643 742 680 D
758 643 775 680 1
791 643 840 686 E,
872 641 932 679 vel
954 640 1085 693 potius
1106 640 1146 678 in
1169 639 1250 679 dies
1272 641 1458 694 fingulos,
1490 643 1684 683 breviores

517 708 645 746 literas
666 707 713 744 ad
735 717 772 744 te
793 707 935 745 mitto:
969 706 1146 758 quotidie
1172 706 1279 744 enirn
1310 708 1434 760 magis
1456 708 1627 761 suspicor
1648 721 1685 748 te

250 803 254 806 ·
301 775 340 812 in
364 775 531 827 Epirum
547 775 631 826 jam
651 772 886 826 profectum.
935 772 1006 809 Sed
1035 782 1164 810 tamen
1192 781 1236 812 ut
1256 773 1486 812 mandatum
1507 775 1600 813 scias
1621 789 1686 813 me

301 839 471 885 curass⁴e5
504 849 602 891 quot
633 848 735 883 ante,
767 839 820 875 ait
852 837 888 875 se
912 837 1124 890 Pompeius
1146 838 1287 889 quinos
1308 838 1509 891 praefeftos
1530 840 1685 879 delatu-

302 919 389 944 rum
412 918 548 950 novos,
566 905 798 948 vacationes,
816 903 1066 955 judiciariam
1087 903 1252 942 causam.
1286 905 1374 956 Ego
1394 919 1486 944 cum
1509 907 1685 944 triduum

300 984 394 1009 cum
416 970 606 1022 Pompeio
626 979 664 1007 et
683 968 786 1021 apud
807 968 1043 1020 Pompeium
1062 967 1231 1014 fuissem,
1262 969 1534 1021 proficiscebar
1555 972 1684 1010 Brun-

301 1035 455 1073 duflum
486 1048 519 1073 a.
553 1034 592 1073 d.
629 1047 717 1072 X111
751 1033 841 1071 Kal.
873 1033 1037 1084 Junias:
1079 1033 1205 1071 civem
1238 1034 1355 1072 illum
1386 1036 1588 1087 egregium
1623 1051 1684 1074 re·-

302 1100 547 1152 linquebam,
578 1108 617 1138 et
645 1098 693 1136 ad
721 1097 820 1142 haec,
851 1111 938 1150 quae
970 1098 1175 1143 timentur,
1206 1099 1465 1151 propulsanda
1496 1101 1685 1153 paratiffi-

301 1178 429 1202 mum.
475 1166 582 1202 Tuas
603 1164 732 1202 literas
753 1162 981 1215 expectabo,
1014 1175 1107 1201 cum
1129 1172 1171 1201 ut
1193 1164 1289 1215 quid
1310 1177 1412 1216 agas,
1445 1175 1530 1204 tum
1552 1176 1595 1205 ut
1616 1168 1687 1206 ubi

303 1231 364 1276 fis,
396 1229 528 1269 sciam.

639 1433 881 1471 CICERO
921 1433 1176 1470 ATT1co
1218 1431 1347 1472 SAL.

305 1561 422 1600 VIII.
447 1560 538 1633 M
552 1561 586 1599 E
616 1569 655 1599 et
674 1561 926 1599 incommoda
945 1560 1142 1605 valetudo,
1159 1574 1235 1613 qua
1249 1562 1333 1613 jam
1354 1561 1594 1608 emerseram,
1620 1574 1686 1602 ut-

570 1635 662 1678 pote
681 1640 774 1664 cum
794 1627 871 1664 fine
891 1625 990 1664 febri
1013 1626 1251 1671 laboraffem,
1285 1637 1323 1664 et
1345 1627 1522 1666 Pontinii
1542 1642 1684 1681 expec-

306 1693 416 1737 tatio,
448 1692 494 1730 de
515 1705 594 1744 quo
614 1691 742 1730 adhuc
763 1706 811 1730 ne
832 1706 966 1730 rumor
985 1692 1145 1743 quidem
1165 1701 1334 1737 venerat,
1361 1694 1517 1732 tenebat
1537 1695 1687 1733 duode-

306 1759 456 1796 cimum
472 1759 555 1809 jam
576 1757 681 1795 diem
703 1757 934 1796 Brundufii:
967 1757 1029 1795 sed
1050 1757 1205 1795 cursum
1227 1759 1539 1810 expectabamus.
1573 1762 1638 1798 Tu
1660 1761 1688 1799 fi

305 1823 424 1862 modo
445 1836 483 1861 es
506 1824 659 1868 Romae,
694 1824 776 1875 (vix
798 1824 905 1861 enim
925 1822 1041 1875 puto)
1065 1823 1118 1860 fin
1140 1836 1194 1867 σε,
1225 1822 1303 1861 hoc
1323 1823 1573 1863 vehementer
1601 1827 1686 1864 ani-

306 1889 520 1928 madvertas
555 1888 688 1926 velim.
736 1889 865 1926 Roma
893 1901 1115 1940 acceperam
1144 1888 1290 1933 literas,
1321 1888 1521 1927 Milonem
1553 1904 1688 1929 meum

305 1955 416 2008 queri
438 1969 504 2008 per
524 1955 652 1992 literas
673 1955 858 2006 injuriam
878 1967 1021 1999 meam,
1052 1953 1158 2006 quod
1179 1953 1421 1993 Philotimus
1446 1955 1572 1994 socius
1598 1957 1688 1995 effet

307 2022 349 2058 in
370 2021 483 2059 bonis
505 2020 596 2059 suis.
644 2020 688 2058 Id
719 2034 791 2073 ego
821 2021 875 2058 ita
903 2019 986 2058 fieri
1007 2019 1115 2058 volui
1136 2019 1182 2057 de
1204 2020 1252 2058 C.
1277 2020 1449 2058 Duronii
1470 2022 1685 2068 sententia;

305 2100 425 2139 quem
454 2096 492 2125 et
522 2086 798 2124 amicissimum
829 2085 979 2124 Miloni
1008 2085 1290 2138 perspexeram,
1321 2096 1359 2123 et
1395 2087 1511 2125 talem
1542 2088 1685 2133 virum,

306 2152 463 2204 qualem
485 2161 526 2190 tu
542 2151 711 2204 judicas,
743 2165 968 2204 cognoram.
1015 2152 1112 2203 Ejus
1142 2160 1273 2189 autem
1301 2152 1507 2190 confilium
1529 2166 1686 2190 meum-

307 2232 383 2270 que
402 2218 478 2257 hoc
508 2217 662 2263 fuerat;
695 2219 870 2271 primum
901 2227 944 2256 ut
974 2218 1014 2256 in
1044 2217 1230 2270 potestate
1260 2218 1385 2255 nostra
1415 2218 1505 2256 effet
1535 2232 1607 2263 res,
1639 2233 1686 2257 ne

311 2283 426 2320 illum
446 2283 572 2321 malus
593 2292 747 2336 emptor
767 2293 805 2321 et
825 2283 973 2321 alienus
994 2283 1218 2334 mancipiis,
1236 2296 1321 2334 quae
1341 2283 1536 2335 permulta
1556 2283 1686 2322 secum

308 2347 440 2392 habet,
463 2349 664 2400 spoliaret;
687 2349 826 2388 deinde
848 2358 890 2387 ut
912 2348 1073 2394 Faustae,
1095 2349 1160 2387 cui
1180 2358 1340 2387 cautum
1360 2349 1428 2386 ille
1447 2349 1518 2387 effe
1539 2350 1684 2388 voluis-

310 2412 378 2456 set,
410 2422 536 2450 ratum
565 2413 668 2452 effet.
716 2416 810 2453 Erat
830 2415 948 2453 etiam
968 2414 1084 2459 illud,
1115 2423 1158 2453 ut
1179 2414 1247 2466 ipfi
1269 2428 1354 2459 nos,
1387 2415 1412 2452 fi
1433 2414 1528 2467 quid
1550 2415 1686 2453 servari

310 2475 444 2530 polset,
475 2489 592 2528 quam
621 2477 810 2517 facillime
840 2479 1087 2517 servaremus,
1133 2479 1256 2518 Nunc
1283 2493 1365 2517 rem
1395 2489 1516 2518 totam
1538 2480 1685 2531 perspi-

311 2544 387 2581 cias
409 2542 554 2581 velim:
588 2543 700 2581 nobis
732 2545 839 2582 enim
870 2544 1093 2583 scribuntur
1124 2545 1220 2597 saepe
1252 2546 1410 2597 majora.
1458 2544 1529 2582 Sed
1562 2544 1586 2582 fi
1619 2544 1686 2582 ille
