2243 3008
573 255 1168 296 AD‘ATTICUM
1236 257 1523 299 L113.V11.
1669 274 1742 314 195

353 356 534 410 profectae
555 356 658 400 sunt,
690 355 792 394 nihil
813 355 867 394 est
887 368 967 409 quo
987 355 1023 394 se
1043 364 1254 402 moveant;
1287 357 1416 409 quoad
1445 358 1737 411 perspiciamus,

352 435 433 475 quo
452 422 531 461 loci
552 421 597 461 fit
618 433 691 460 res.

689 623 931 662 CICERO
972 622 1227 661 Arrrco
1269 623 1398 661 SAL.

348 750 485 790 XVII.
509 747 708 824 TUAE
739 751 860 789 literae
880 749 982 788 mihi
1002 757 1119 802 gratae
1134 749 1400 803 jucundaeque
1422 750 1525 789 sunt.
1558 751 1620 788 De
1635 763 1732 803 pue-

610 817 662 855 ris
684 816 725 854 in
742 816 938 854 Graeciam
958 814 1263 867 transportandis
1285 824 1371 854 tum
1387 816 1625 869 cogitabam,
1642 829 1735 854 cum

348 880 443 934 fuga
461 895 509 921 ex
531 882 643 921 Italia
672 883 794 935 quaeri
814 881 1045 919 videbatur:
1079 893 1149 919 nos
1180 881 1289 919 enim
1317 881 1551 935 Hispaniam
1581 891 1734 934 petere-

348 960 458 992 mus3
481 947 562 986 illis
583 946 659 985 hoc
680 961 788 1000 aeque
807 946 1066 985 commodum
1088 959 1167 983 non
1187 955 1282 985 erat.
1315 948 1382 985 Tu
1403 947 1483 1000 ipse
1502 961 1596 985 cum
1618 948 1735 986 Sexto

348 1012 467 1050 etiam
488 1027 594 1051 nunc
615 1011 717 1050 mihi
736 1012 878 1050 videris
900 1013 1039 1050 Romae
1059 1013 1159 1049 reete
1179 1011 1251 1049 effe
1270 1011 1374 1064 poffe
1392 1027 1401 1050 :
1433 1013 1580 1051 etenim
1610 1013 1733 1051 mini-

347 1091 412 1116 me
431 1079 549 1116 amici
582 1078 773 1130 Pompeio
799 1077 929 1115 nostro
958 1076 1031 1115 effe
1059 1077 1237 1115 debetis:
1271 1091 1389 1115 nemo
1419 1078 1526 1116 enim
1558 1091 1733 1131 unquam

345 1151 501 1181 tanturn
522 1143 569 1180 de
588 1142 748 1180 urbanis
767 1142 952 1194 praefidiis
973 1141 1155 1180 detraxit.
1179 1141 1348 1180 Videsne
1367 1156 1430 1181 me
1450 1144 1568 1181 etiam
1583 1145 1734 1196 jocari?

347 1208 452 1245 Scire
466 1209 551 1260 jam
572 1216 610 1245 te
629 1215 799 1259 oportet,
821 1207 871 1245 L.
889 1206 1015 1244 Caesar
1035 1219 1120 1258 quae
1142 1205 1318 1259 responsa
1337 1206 1476 1245 referat
1492 1221 1513 1245 a
1529 1208 1732 1261 Pompeio,

346 1287 441 1326 quas
463 1274 510 1311 ab
531 1273 669 1311 eodem
689 1273 736 1310 ad
757 1272 948 1311 Caesarem
967 1271 1066 1310 ferat
1086 1272 1231 1310 literas.
1271 1272 1431 1325 Scriptae
1452 1274 1559 1311 enim
1579 1283 1618 1312 et
1638 1274 1734 1313 datae

344 1340 399 1377 ita
419 1340 522 1385 sunt,
545 1348 590 1377 ut
609 1349 922 1392 proponerentur
941 1338 982 1376 in
1003 1337 1167 1391 publico
1186 1352 1195 1376 ε
1219 1338 1260 1375 in
1281 1351 1361 1390 quo
1381 1338 1556 1376 accusavi
1576 1353 1733 1379 mecum

345 1405 426 1458 ipse
447 1405 699 1458 Pompeium,
731 1404 816 1458 qui,
838 1418 932 1442 curn
951 1404 1118 1456 scriptor
1137 1403 1364 1442 luculentus
1385 1403 1490 1449 esset,
1514 1413 1636 1443 tantas
1659 1418 1732 1449 res,

345 1482 463 1525 atque
482 1485 559 1516 eas,
590 1485 676 1523 quae
696 1471 738 1509 in
759 1471 941 1509 omnium
962 1483 1100 1508 manus
1121 1479 1293 1508 venturae
1314 1469 1447 1515 essent,
1480 1470 1612 1508 Sextio
1641 1471 1732 1510 nos-

347 1546 409 1576 tro
442 1536 661 1575 scribendas
697 1535 859 1574 dederit.
912 1536 1050 1587 Itaque
1083 1533 1186 1573 nihil
1221 1548 1397 1587 unquam
1431 1535 1510 1588 legi
1543 1535 1735 1589 scriptum

345 1596 556 1655 οη-τιωὸέςςςον.
592 1600 763 1652 Perspici
785 1610 914 1638 tamen
936 1614 983 1638 ex
1005 1599 1128 1638 literis
1150 1599 1331 1652 Pompeii
1350 1600 1489 1652 potest,
1521 1599 1623 1639 nihil
1645 1602 1735 1640 Cae-

346 1667 417 1705 sari
437 1666 584 1718 negari,
616 1666 827 1718 omniaque
847 1674 886 1703 et
915 1664 1130 1709 cumulate,
1162 1677 1248 1716 quae
1273 1665 1457 1716 postulet,
1487 1665 1598 1711 dari;
1631 1680 1732 1718 quae,

345 1733 414 1771 ille
434 1731 716 1770 amentissimus
737 1730 879 1775 fuerit,
905 1730 973 1768 nisi
995 1730 1202 1782 acceperit,
1234 1730 1446 1783 praesertim
1475 1744 1567 1768 cum
1597 1731 1733 1783 impu-

345 1797 565 1836 dentiffime
597 1796 863 1850 postulaverit.
910 1796 1012 1847 Qis
1046 1797 1153 1833 enim
1189 1805 1231 1834 tu
1265 1809 1320 1840 es,
1363 1796 1432 1848 qui
1467 1796 1588 1842 dicas,
1620 1797 1659 1834 Si
1692 1797 1734 1834 in

345 1862 580 1916 Hispaniam
601 1860 798 1915 profectus
820 1861 908 1905 erit,
931 1861 956 1899 fi
978 1860 1150 1913 praefidia
1167 1860 1360 1898 dimiserit
1378 1861 1392 1897 ?
1414 1862 1568 1899 Tamen
1589 1874 1734 1899 conce-

345 1929 480 1974 ditur3
513 1929 645 1966 minus
677 1926 836 1966 honeste
858 1940 963 1965 nunc
985 1926 1162 1979 quidem,
1193 1925 1336 1964 violata
1355 1927 1439 1978 jam
1471 1926 1519 1964 ab
1550 1926 1621 1964 illo
1651 1927 1734 1964 Re-

346 1995 521 2048 publica,
563 1994 754 2046 illatoque
788 1993 908 2038 bello,
951 2006 1070 2044 quarn
1104 1992 1131 2030 fi
1165 1992 1264 2030 olim
1298 1991 1346 2029 de
1376 1992 1525 2030 ratione
1558 1991 1736 2031 habenda

347 2059 581 2114 impetrass‘et
599 2075 608 2098 ι
641 2069 679 2097 et
700 2068 830 2097 tamen
852 2071 999 2103 vereor,
1031 2066 1075 2096 ut
1095 2056 1157 2096 his
1179 2057 1268 2110 ipfis
1289 2066 1500 2095 contentus
1521 2057 1581 2096 s1t.
1627 2057 1735 2096 Nam

347 2140 440 2165 cum
460 2125 529 2164 ista
548 2125 729 2164 mandata
755 2124 915 2163 dediffet
944 2124 994 2162 L.
1019 2123 1173 2169 Caesari,
1204 2123 1342 2161 debuit
1371 2122 1443 2161 effe
1471 2123 1590 2175 paulo
1618 2124 1733 2175 quie-

349 2192 439 2238 tior,
470 2191 567 2230 dum
588 2190 765 2243 responsa
785 2189 1034 2228 referrentur.
1075 2189 1236 2228 Dicitur
1256 2198 1386 2226 autem
1408 2201 1514 2226 nunc
1534 2187 1605 2225 effe
1625 2201 1734 2226 acer-

349 2258 486 2296 rimus.
519 2256 731 2295 Trebatius
752 2255 915 2308 quidem
936 2255 1086 2300 scribit,
1118 2255 1154 2292 se
1174 2255 1221 2292 ab
1244 2254 1314 2292 illo
1337 2267 1382 2291 lx
1406 2253 1496 2291 Kal.
1520 2253 1637 2291 Febr.
1667 2267 1732 2292 ro-

349 2330 485 2374 gatum
502 2322 591 2367 effe,
624 2331 667 2360 ut
688 2321 871 2360 scriberet
891 2320 938 2358 ad
969 2334 1046 2365 me,
1079 2329 1123 2357 ut
1149 2319 1263 2357 effem
1290 2319 1336 2356 ad
1367 2318 1534 2363 urbem;
1567 2318 1668 2356 nihil
1699 2320 1734 2356 ei

350 2399 414 2424 me
434 2386 579 2438 gratius
600 2385 725 2424 facere
745 2385 871 2439 posse:
895 2384 978 2423 haec
998 2385 1125 2422 verbis
1147 2384 1345 2437 plurimis.
1378 2383 1562 2421 Intellexi
1583 2397 1629 2421 ex
1651 2383 1734 2421 die-

351 2464 439 2489 rum
460 2451 622 2494 ratione,
652 2459 697 2488 ut
719 2451 894 2502 primum
914 2450 961 2488 de
982 2449 1141 2487 disceffu
1163 2448 1292 2487 nostro
1321 2447 1446 2486 Caesar
1472 2447 1645 2491 audisset,
1678 2448 1734 2484 la-

352 2517 484 2556 borare
505 2529 595 2554 eum
616 2515 786 2567 coepiffe,
819 2530 865 2554 ne
886 2529 1022 2554 omnes
1048 2515 1275 2555 abessemus.
1324 2515 1461 2565 Itaque
1491 2527 1567 2552 non
1596 2512 1736 2551 dubito

1299 2580 1328 2617 B
1361 2579 1384 2616 b
1416 2591 1440 2617 2
