2243 3008
599 267 707 305 AD
769 264 1199 304 ATT1cuM
1266 266 1407 306 L1B.
1459 269 1513 306 11.
1705 282 1752 320 57

698 498 939 536 C'1CERO
981 499 1235 536 ATTico
1277 499 1406 536 SAL.

362 625 520 664 XVIII.
545 623 672 696 AC
688 625 721 662 C
736 625 769 662 E
787 626 815 663 P
830 626 849 663 1
878 625 1031 677 aliquot
1059 624 1237 677 epistolas
1261 633 1361 670 tuas,
1392 639 1440 663 ex
1461 625 1606 678 quibus
1628 627 1745 664 intel-

656 689 749 735 lexi,
781 703 901 743 quam
921 689 1100 742 suspenso
1129 690 1262 727 animo
1288 700 1327 728 et
1352 689 1522 728 sollicito
1543 691 1637 729 scire
1658 706 1745 729 ave—

360 768 434 799 res,
457 755 552 807 quid
573 755 663 794 esset
684 757 790 793 novi.
823 757 1026 794 Tenemur
1046 755 1243 807 undique:
1268 769 1394 808 neque
1410 757 1493 807 jam
1514 770 1594 808 quo
1615 758 1746 795 minus

359 820 584 866 serviamus,
607 820 856 866 recusamus;
888 821 952 858 sed
980 830 1148 858 mortem
1178 830 1217 858 et
1245 822 1491 872 ejectionem,
1524 823 1628 874 quasi
1661 836 1745 860 ma-

353 886 455 937 jora,
477 886 663 924 timemus
681 905 692 931 3
716 899 802 937 qua:
822 886 952 923 multo
972 885 1061 923 sunt
1082 887 1248 924 minora.
1280 887 1414 938 Atque
1434 886 1501 924 hic
1522 887 1654 931 status,
1678 889 1746 939 qui

358 964 436 988 una
455 965 549 989 voce
569 951 751 989 omnium
771 951 958 1002 gemitur,
976 964 1102 1002 neque
1117 951 1236 989 verbo
1257 951 1488 1004 cujusquam
1508 951 1743 990 sublevatur.

357 1012 487 1053 Σκοπὶς
506 1016 573 1061 est,
597 1025 640 1054 ut
661 1015 846 1068 suspicor,
869 1015 964 1059 illis,
983 1015 1052 1067 qui
1074 1024 1222 1059 tenent,
1246 1016 1397 1053 nullam
1419 1017 1603 1068 cuiquam
1625 1017 1744 1068 largi-

358 1080 508 1118 tionem
530 1081 764 1133 relinquere.
797 1082 912 1118 Unus
933 1081 1127 1132 loquitur,
1149 1090 1187 1118 et
1207 1081 1336 1133 palam
1356 1080 1575 1119 adversatur
1594 1081 1743 1120 adoles-

358 1141 621 1184 cens'Curio.
668 1145 779 1184 Huic
807 1145 962 1197 plausus
983 1146 1162 1189 maximi,
1194 1146 1452 1184 consalutatio
1473 1146 1633 1185 forenfis
1654 1161 1744 1199 pcr-

355 1209 588 1256 honorifica,
620 1211 726 1263 figna
754 1219 935 1263 praeterea
966 1210 1246 1248 benevolentiae
1272 1212 1468 1263 permulta
1488 1225 1509 1248 a
1529 1211 1642 1249 bonis
1664 1213 1743 1250 im-

357 1277 607 1328 pertiuntur:
632 1276 794 1315 Fufium
815 1276 1070 1320 clamoribus,
1087 1285 1125 1313 et
1146 1276 1351 1321 conviciis,
1369 1286 1408 1314 et
1429 1276 1566 1321 fibilis,
1583 1277 1742 1315 consec-

356 1350 503 1381 tantur.
537 1343 615 1381 His
631 1356 679 1381 ex
696 1342 810 1380 rebus
828 1355 906 1379 non
925 1341 1025 1394 spes,
1044 1340 1107 1378 sed
1124 1341 1249 1385 dolor,
1267 1340 1320 1379 est
1336 1343 1482 1394 major;
1506 1355 1598 1379 cum
1615 1342 1742 1380 videas

356 1406 527 1445 civitatis
549 1408 793 1445 voluntatem
814 1406 996 1451 solutam,
1026 1406 1216 1444 virtutem
1236 1406 1449 1458 alligatam.
1493 1408 1554 1444 Ac
1575 1420 1623 1444 ne
1643 1406 1744 1446 forte

356 1485 502 1523 quaeras
523 1468 617 1508 καιτᾶ
635 1467 741 1508 mam
760 1471 806 1509 de
823 1472 985 1524 fingulis
1006 1471 1136 1516 rebus,
1155 1471 1331 1509 universa
1351 1484 1408 1509 res
1429 1484 1474 1509 eo
1491 1471 1543 1509 est
1564 1471 1741 1517 deducta,

356 1537 440 1588 spes
462 1546 506 1574 ut
527 1535 636 1574 nulla
656 1535 715 1580 s1t,
747 1536 958 1589 aliquando
988 1549 1068 1574 non
1098 1536 1218 1574 modo
1239 1537 1424 1588 privatos,
1455 1549 1592 1574 verum
1623 1538 1743 1575 etiam

357 1601 618 1653 magistratus,
650 1601 793 1639 liberos
814 1601 913 1639 fore.
946 1601 1035 1639 Hac
1056 1610 1186 1639 tamen
1207 1602 1248 1638 in
1269 1601 1525 1654 oppreffione‚
1557 1602 1680 1640 sermo
1701 1603 1742 1640 in

356 1666 516 1704 circulis
537 1665 724 1704 duntaxat
743 1676 782 1704 et
802 1667 1008 1711 conviviis,
1030 1666 1083 1703 est
1103 1666 1278 1711 liberior,
1307 1679 1426 1719 quam
1448 1665 1540 1704 fuit.
1573 1667 1743 1705 Vincere

355 1732 498 1784 incipit
519 1732 704 1769 timorem
725 1731 850 1777 dolor,
883 1732 945 1770 sed
976 1732 1043 1776 ita,
1075 1741 1119 1770 ut
1148 1732 1282 1770 omnia
1311 1733 1384 1770 fint
1416 1732 1634 1783 pleniffima
1654 1732 1739 1770 des-

353 1797 580 1851 perationis.
625 1796 760 1834 Habet
789 1797 907 1834 etiam
939 1798 1140 1849 Campana
1168 1797 1232 1834 lex
1261 1797 1546 1834 execrationem
1568 1797 1609 1835 in
1641 1811 1740 1835 con-

353 1863 467 1900 cione
500 1861 813 1906 candidatorum,
845 1861 871 1899 fi
904 1862 1150 1899 mentionem
1184 1860 1365 1906 fecerint,
1397 1875 1477 1913 quo
1506 1861 1618 1900 aliter
1651 1875 1741 1913 ager

351 1927 599 1980 poffideatur,
630 1936 747 1978 atque
774 1935 818 1964 ut
844 1940 891 1965 ex
922 1926 1075 1978 legibus
1097 1926 1231 1977 Juliis.
1278 1927 1374 1965 Non
1405 1926 1587 1964 dubitant
1609 1928 1740 1978 jurare

352 1993 496 2030 caeteri.
547 1991 763 2029 Laterenfis
797 1991 1040 2030 existimatur
1073 2001 1185 2029 caute
1218 1990 1363 2036 feciffe,
1396 1990 1504 2042 quod
1536 1992 1738 2029 Tribuna-

352 2067 439 2095 tum
460 2056 587 2109 plebis
608 2066 738 2109 petere
757 2056 919 2101 destitit,
951 2070 1000 2094 ne
1020 2057 1183 2108 juraret.
1230 2055 1303 2093 Sed
1333 2056 1379 2093 de
1409 2055 1632 2108 Republica
1658 2070 1737 2094 non

350 2122 450 2160 libet
469 2123 582 2175 plura
611 2121 790 2160 scribere.
837 2122 1040 2174 Displiceo
1068 2120 1185 2166 mihi,
1217 2134 1289 2159 nec
1320 2121 1397 2159 fine
1427 2120 1582 2158 summo
1612 2121 1739 2159 scribo

351 2188 509 2226 dolore:
543 2201 606 2226 me
627 2197 752 2233 tueor,
784 2197 828 2226 ut
849 2187 1032 2240 oppreffis
1053 2187 1255 2231 omnibus,
1277 2200 1356 2225 non
1378 2186 1560 2231 demiss'e3
1585 2195 1628 2223 ut
1650 2195 1736 2225 tan-

349 2253 401 2291 tis
422 2253 536 2292 rebus
556 2253 687 2306 gestis,
718 2267 856 2306 parum
875 2252 1045 2291 fortiter.
1082 2254 1122 2290 A
1142 2251 1288 2290 Caesare
1308 2251 1419 2289 valde
1439 2251 1652 2289 liberaliter
1672 2252 1736 2290 in-

350 2318 454 2355 vitor
480 2319 521 2356 in
552 2319 790 2370 legationem
823 2318 948 2363 illam,
979 2318 1050 2356 fibi
1080 2326 1125 2355 ut
1156 2318 1226 2355 sim
1256 2317 1434 2368 legatus;
1467 2325 1584 2368 atque
1617 2317 1737 2355 etiam

351 2382 474 2420 libera
491 2383 634 2434 legatio
654 2384 736 2422 voti
757 2384 868 2422 causa
887 2384 1014 2422 datur.
1062 2382 1134 2421 Sed
1161 2381 1243 2420 haec
1273 2392 1313 2420 et
1338 2381 1503 2435 praefidii
1530 2382 1632 2434 apud
1659 2397 1735 2434 pu-

353 2446 487 2484 dorem
508 2446 707 2486 Pulchelli
728 2463 806 2487 non
827 2448 946 2488 habet
971 2449 1074 2493 satis,
1106 2458 1145 2486 et
1172 2462 1193 2485 a
1218 2447 1348 2486 fratris
1378 2447 1545 2485 adventu
1574 2461 1636 2484 me
1666 2448 1735 2484 ab-

351 2512 455 2564 legat
474 2526 482 2548 :
515 2511 583 2548 illa
603 2521 640 2548 et
661 2514 854 2553 munitior
873 2514 940 2560 est,
971 2523 1010 2553 et
1030 2528 1111 2553 non
1131 2513 1314 2567 impedit,
1347 2526 1426 2565 quo
1448 2513 1579 2550 minus
1601 2511 1733 2557 adfim,

436 2578 572 2615 ToM.
606 2577 722 2616 VIII.
1396 2577 1438 2613 H
