<?xml version="1.0" encoding="UTF-8"?>
<!DOCTYPE html PUBLIC "-//W3C//DTD XHTML 1.0 Transitional//EN"
    "http://www.w3.org/TR/xhtml1/DTD/xhtml1-transitional.dtd">
<html xmlns="http://www.w3.org/1999/xhtml" xml:lang="en" lang="en">
 <head>
  <title>
</title>
<meta http-equiv="Content-Type" content="text/html;charset=utf-8" />
  <meta name='ocr-system' content='tesseract 3.04.00' />
  <meta name='ocr-capabilities' content='ocr_page ocr_carea ocr_par ocr_line ocrx_word'/>
</head>
<body>
  <div class='ocr_page' id='page_1' title='image "./operacumindicibu08ciceuoft_0447.png"; bbox 0 0 2243 3008; ppageno 0'>
   <div class='ocr_carea' id='block_1_1' title="bbox 574 312 1743 374">
    <p class='ocr_par' dir='ltr' id='par_1_1' title="bbox 574 312 1743 374">
     <span class='ocr_line' id='line_1_1' title="bbox 574 312 1743 374; baseline 0.008 -23"><span class='ocrx_word' id='word_1_1' title='bbox 574 314 681 352; x_wconf 93' lang='lat' dir='ltr'>AD</span> <span class='ocrx_word' id='word_1_2' title='bbox 739 312 1169 353; x_wconf 89' lang='lat' dir='ltr'>ATTICUM</span> <span class='ocrx_word' id='word_1_3' title='bbox 1237 315 1379 356; x_wconf 87' lang='lat' dir='ltr'><strong>LIB.</strong></span> <span class='ocrx_word' id='word_1_4' title='bbox 1430 319 1523 358; x_wconf 88' lang='lat' dir='ltr'>XV.</span> <span class='ocrx_word' id='word_1_5' title='bbox 1663 334 1743 374; x_wconf 83' lang='lat'>439</span> 
     </span>
    </p>
   </div>
   <div class='ocr_carea' id='block_1_2' title="bbox 359 405 1750 1695">
    <p class='ocr_par' dir='ltr' id='par_1_2' title="bbox 359 405 1747 1505">
     <span class='ocr_line' id='line_1_2' title="bbox 359 405 1745 468; baseline 0.005 -20"><span class='ocrx_word' id='word_1_6' title='bbox 359 409 464 448; x_wconf 85' lang='lat' dir='ltr'>nihil</span> <span class='ocrx_word' id='word_1_7' title='bbox 497 417 535 447; x_wconf 88' lang='lat' dir='ltr'>te</span> <span class='ocrx_word' id='word_1_8' title='bbox 557 407 660 446; x_wconf 86' lang='lat' dir='ltr'>mihi</span> <span class='ocrx_word' id='word_1_9' title='bbox 690 407 838 459; x_wconf 88' lang='lat' dir='ltr'>gratius</span> <span class='ocrx_word' id='word_1_10' title='bbox 870 405 996 445; x_wconf 84' lang='lat' dir='ltr'>facere</span> <span class='ocrx_word' id='word_1_11' title='bbox 1027 408 1204 460; x_wconf 85' lang='lat' dir='ltr'>potuisse.</span> <span class='ocrx_word' id='word_1_12' title='bbox 1250 410 1384 448; x_wconf 90' lang='lat' dir='ltr'>Postea</span> <span class='ocrx_word' id='word_1_13' title='bbox 1401 426 1491 451; x_wconf 91' lang='lat' dir='ltr'>vero</span> <span class='ocrx_word' id='word_1_14' title='bbox 1518 427 1636 466; x_wconf 89' lang='lat' dir='ltr'>quam</span> <span class='ocrx_word' id='word_1_15' title='bbox 1664 416 1745 468; x_wconf 89' lang='lat' dir='ltr'>ipse</span> 
     </span>
     <span class='ocr_line' id='line_1_3' title="bbox 361 472 1744 526; baseline 0.005 -14"><span class='ocrx_word' id='word_1_16' title='bbox 361 475 522 512; x_wconf 88' lang='lat' dir='ltr'>Atticus</span> <span class='ocrx_word' id='word_1_17' title='bbox 543 473 589 510; x_wconf 90' lang='lat' dir='ltr'>ad</span> <span class='ocrx_word' id='word_1_18' title='bbox 610 485 673 510; x_wconf 89' lang='lat' dir='ltr'>me</span> <span class='ocrx_word' id='word_1_19' title='bbox 693 473 799 510; x_wconf 89' lang='lat' dir='ltr'>venit</span> <span class='ocrx_word' id='word_1_20' title='bbox 819 472 859 510; x_wconf 92' lang='lat' dir='ltr'>in</span> <span class='ocrx_word' id='word_1_21' title='bbox 881 472 1156 512; x_wconf 85' lang='lat' dir='ltr'>Tusculanum</span> <span class='ocrx_word' id='word_1_22' title='bbox 1175 472 1294 526; x_wconf 90' lang='lat' dir='ltr'>hujus</span> <span class='ocrx_word' id='word_1_23' title='bbox 1316 475 1431 513; x_wconf 88' lang='lat' dir='ltr'>unius</span> <span class='ocrx_word' id='word_1_24' title='bbox 1453 478 1507 515; x_wconf 93' lang='lat' dir='ltr'>rei</span> <span class='ocrx_word' id='word_1_25' title='bbox 1527 479 1650 524; x_wconf 85' lang='lat' dir='ltr'>causa,</span> <span class='ocrx_word' id='word_1_26' title='bbox 1669 481 1744 519; x_wconf 85' lang='lat' dir='ltr'>tibi</span> 
     </span>
     <span class='ocr_line' id='line_1_4' title="bbox 360 538 1744 592; baseline 0.004 -16"><span class='ocrx_word' id='word_1_27' title='bbox 360 548 406 577; x_wconf 86' lang='lat' dir='ltr'>ut</span> <span class='ocrx_word' id='word_1_28' title='bbox 425 538 528 591; x_wconf 91' lang='lat' dir='ltr'>apud</span> <span class='ocrx_word' id='word_1_29' title='bbox 548 552 612 576; x_wconf 90' lang='lat' dir='ltr'>me</span> <span class='ocrx_word' id='word_1_30' title='bbox 631 538 771 590; x_wconf 86' lang='lat' dir='ltr'>gratias</span> <span class='ocrx_word' id='word_1_31' title='bbox 792 546 935 589; x_wconf 85' lang='lat' dir='ltr'>ageret,</span> <span class='ocrx_word' id='word_1_32' title='bbox 966 547 1010 576; x_wconf 90' lang='lat' dir='ltr'>ut</span> <span class='ocrx_word' id='word_1_33' title='bbox 1031 547 1139 576; x_wconf 85' lang='lat' dir='ltr'>tuam</span> <span class='ocrx_word' id='word_1_34' title='bbox 1168 540 1354 578; x_wconf 87' lang='lat' dir='ltr'>eximiam</span> <span class='ocrx_word' id='word_1_35' title='bbox 1379 542 1573 592; x_wconf 80' lang='lat' dir='ltr'>quandam</span> <span class='ocrx_word' id='word_1_36' title='bbox 1605 554 1643 582; x_wconf 93' lang='lat' dir='ltr'>et</span> <span class='ocrx_word' id='word_1_37' title='bbox 1674 545 1744 582; x_wconf 89' lang='lat' dir='ltr'>ad-</span> 
     </span>
     <span class='ocr_line' id='line_1_5' title="bbox 362 601 1747 660; baseline 0.004 -19"><span class='ocrx_word' id='word_1_38' title='bbox 362 604 586 642; x_wconf 84' lang='lat' dir='ltr'>mirabilem</span> <span class='ocrx_word' id='word_1_39' title='bbox 615 604 657 640; x_wconf 89' lang='lat' dir='ltr'>in</span> <span class='ocrx_word' id='word_1_40' title='bbox 677 603 788 640; x_wconf 81' lang='lat' dir='ltr'>causa</span> <span class='ocrx_word' id='word_1_41' title='bbox 814 601 1023 640; x_wconf 88' lang='lat' dir='ltr'>Buthrotia</span> <span class='ocrx_word' id='word_1_42' title='bbox 1041 603 1299 649; x_wconf 85' lang='lat' dir='ltr'>voluntatem,</span> <span class='ocrx_word' id='word_1_43' title='bbox 1330 614 1369 642; x_wconf 90' lang='lat' dir='ltr'>et</span> <span class='ocrx_word' id='word_1_44' title='bbox 1397 605 1630 658; x_wconf 67' lang='lat' dir='ltr'>singularem</span> <span class='ocrx_word' id='word_1_45' title='bbox 1657 622 1747 660; x_wconf 83' lang='lat' dir='ltr'>erga</span> 
     </span>
     <span class='ocr_line' id='line_1_6' title="bbox 362 667 1746 725; baseline 0.003 -18"><span class='ocrx_word' id='word_1_46' title='bbox 362 669 400 707; x_wconf 87' lang='lat' dir='ltr'>se</span> <span class='ocrx_word' id='word_1_47' title='bbox 433 682 621 713; x_wconf 89' lang='lat' dir='ltr'>amorem,</span> <span class='ocrx_word' id='word_1_48' title='bbox 653 667 927 720; x_wconf 82' lang='lat' dir='ltr'>perspexiffet;</span> <span class='ocrx_word' id='word_1_49' title='bbox 968 669 1092 706; x_wconf 86' lang='lat' dir='ltr'>teneri</span> <span class='ocrx_word' id='word_1_50' title='bbox 1122 682 1202 707; x_wconf 87' lang='lat' dir='ltr'>non</span> <span class='ocrx_word' id='word_1_51' title='bbox 1234 670 1361 722; x_wconf 91' lang='lat' dir='ltr'>potui,</span> <span class='ocrx_word' id='word_1_52' title='bbox 1394 672 1491 722; x_wconf 90' lang='lat' dir='ltr'>quin</span> <span class='ocrx_word' id='word_1_53' title='bbox 1525 672 1600 710; x_wconf 90' lang='lat' dir='ltr'>tibi</span> <span class='ocrx_word' id='word_1_54' title='bbox 1633 686 1746 725; x_wconf 88' lang='lat' dir='ltr'>aper-</span> 
     </span>
     <span class='ocr_line' id='line_1_7' title="bbox 363 732 1747 784; baseline 0.003 -11"><span class='ocrx_word' id='word_1_55' title='bbox 363 735 443 773; x_wconf 89' lang='lat' dir='ltr'>tius</span> <span class='ocrx_word' id='word_1_56' title='bbox 463 735 565 773; x_wconf 91' lang='lat' dir='ltr'>illud</span> <span class='ocrx_word' id='word_1_57' title='bbox 585 734 690 772; x_wconf 88' lang='lat' dir='ltr'>idem</span> <span class='ocrx_word' id='word_1_58' title='bbox 710 732 773 771; x_wconf 85' lang='lat' dir='ltr'>his</span> <span class='ocrx_word' id='word_1_59' title='bbox 794 734 917 771; x_wconf 89' lang='lat' dir='ltr'>literis</span> <span class='ocrx_word' id='word_1_60' title='bbox 937 733 1186 774; x_wconf 85' lang='lat' dir='ltr'>declararem.</span> <span class='ocrx_word' id='word_1_61' title='bbox 1232 736 1296 773; x_wconf 82' lang='lat' dir='ltr'>Ex</span> <span class='ocrx_word' id='word_1_62' title='bbox 1324 737 1511 775; x_wconf 89' lang='lat' dir='ltr'>omnibus</span> <span class='ocrx_word' id='word_1_63' title='bbox 1535 738 1658 784; x_wconf 90' lang='lat' dir='ltr'>enim,</span> <span class='ocrx_word' id='word_1_64' title='bbox 1689 740 1747 777; x_wconf 90' lang='lat' dir='ltr'>mi</span> 
     </span>
     <span class='ocr_line' id='line_1_8' title="bbox 364 799 1747 852; baseline 0.003 -14"><span class='ocrx_word' id='word_1_65' title='bbox 364 801 587 845; x_wconf 86' lang='lat' dir='ltr'>Dolabella,</span> <span class='ocrx_word' id='word_1_66' title='bbox 613 799 747 838; x_wconf 89' lang='lat' dir='ltr'>studiis</span> <span class='ocrx_word' id='word_1_67' title='bbox 768 799 810 837; x_wconf 89' lang='lat' dir='ltr'>in</span> <span class='ocrx_word' id='word_1_68' title='bbox 830 812 894 836; x_wconf 90' lang='lat' dir='ltr'>me</span> <span class='ocrx_word' id='word_1_69' title='bbox 913 808 951 837; x_wconf 92' lang='lat' dir='ltr'>et</span> <span class='ocrx_word' id='word_1_70' title='bbox 971 799 1127 845; x_wconf 90' lang='lat' dir='ltr'>officiis,</span> <span class='ocrx_word' id='word_1_71' title='bbox 1149 814 1234 852; x_wconf 87' lang='lat' dir='ltr'>quae</span> <span class='ocrx_word' id='word_1_72' title='bbox 1255 801 1406 839; x_wconf 90' lang='lat' dir='ltr'>summa</span> <span class='ocrx_word' id='word_1_73' title='bbox 1426 801 1529 847; x_wconf 89' lang='lat' dir='ltr'>sunt,</span> <span class='ocrx_word' id='word_1_74' title='bbox 1551 802 1628 842; x_wconf 91' lang='lat' dir='ltr'>hoc</span> <span class='ocrx_word' id='word_1_75' title='bbox 1650 804 1747 842; x_wconf 89' lang='lat' dir='ltr'>scito</span> 
     </span>
     <span class='ocr_line' id='line_1_9' title="bbox 364 863 1746 921; baseline 0.003 -18"><span class='ocrx_word' id='word_1_76' title='bbox 364 865 466 903; x_wconf 88' lang='lat' dir='ltr'>mihi</span> <span class='ocrx_word' id='word_1_77' title='bbox 487 874 525 903; x_wconf 92' lang='lat' dir='ltr'>et</span> <span class='ocrx_word' id='word_1_78' title='bbox 545 864 824 921; x_wconf 83' lang='lat' dir='ltr'>ampliffimum</span> <span class='ocrx_word' id='word_1_79' title='bbox 844 863 981 909; x_wconf 81' lang='lat' dir='ltr'>videri,</span> <span class='ocrx_word' id='word_1_80' title='bbox 1011 873 1050 903; x_wconf 91' lang='lat' dir='ltr'>et</span> <span class='ocrx_word' id='word_1_81' title='bbox 1080 866 1340 917; x_wconf 86' lang='lat' dir='ltr'>gratiffimum</span> <span class='ocrx_word' id='word_1_82' title='bbox 1360 866 1446 912; x_wconf 86' lang='lat' dir='ltr'>effe,</span> <span class='ocrx_word' id='word_1_83' title='bbox 1478 868 1583 919; x_wconf 87' lang='lat' dir='ltr'>quod</span> <span class='ocrx_word' id='word_1_84' title='bbox 1614 868 1746 920; x_wconf 90' lang='lat' dir='ltr'>perfe-</span> 
     </span>
     <span class='ocr_line' id='line_1_10' title="bbox 361 929 1746 983; baseline 0.003 -15"><span class='ocrx_word' id='word_1_85' title='bbox 361 931 477 975; x_wconf 88' lang='lat' dir='ltr'>ceris,</span> <span class='ocrx_word' id='word_1_86' title='bbox 509 939 552 968; x_wconf 92' lang='lat' dir='ltr'>ut</span> <span class='ocrx_word' id='word_1_87' title='bbox 584 930 743 967; x_wconf 90' lang='lat' dir='ltr'>Atticus</span> <span class='ocrx_word' id='word_1_88' title='bbox 775 929 1027 981; x_wconf 88' lang='lat' dir='ltr'>intelligeret,</span> <span class='ocrx_word' id='word_1_89' title='bbox 1058 939 1253 982; x_wconf 90' lang='lat' dir='ltr'>quantum</span> <span class='ocrx_word' id='word_1_90' title='bbox 1284 944 1357 983; x_wconf 89' lang='lat' dir='ltr'>ego</span> <span class='ocrx_word' id='word_1_91' title='bbox 1389 940 1440 976; x_wconf 90' lang='lat' dir='ltr'>te,</span> <span class='ocrx_word' id='word_1_92' title='bbox 1472 945 1590 983; x_wconf 86' lang='lat' dir='ltr'>quam</span> <span class='ocrx_word' id='word_1_93' title='bbox 1619 943 1660 971; x_wconf 93' lang='lat' dir='ltr'>tu</span> <span class='ocrx_word' id='word_1_94' title='bbox 1682 948 1746 973; x_wconf 89' lang='lat' dir='ltr'>me</span> 
     </span>
     <span class='ocr_line' id='line_1_11' title="bbox 363 993 1745 1046; baseline 0.003 -14"><span class='ocrx_word' id='word_1_95' title='bbox 363 1008 523 1033; x_wconf 86' lang='lat' dir='ltr'>amares.</span> <span class='ocrx_word' id='word_1_96' title='bbox 612 994 688 1031; x_wconf 92' lang='lat' dir='ltr'>uod</span> <span class='ocrx_word' id='word_1_97' title='bbox 717 994 915 1046; x_wconf 90' lang='lat' dir='ltr'>reliquum</span> <span class='ocrx_word' id='word_1_98' title='bbox 945 993 1013 1039; x_wconf 87' lang='lat' dir='ltr'>est,</span> <span class='ocrx_word' id='word_1_99' title='bbox 1043 994 1294 1032; x_wconf 89' lang='lat' dir='ltr'>Buthrotiam</span> <span class='ocrx_word' id='word_1_100' title='bbox 1315 1004 1353 1032; x_wconf 92' lang='lat' dir='ltr'>et</span> <span class='ocrx_word' id='word_1_101' title='bbox 1372 996 1525 1034; x_wconf 85' lang='lat' dir='ltr'>causam</span> <span class='ocrx_word' id='word_1_102' title='bbox 1545 1006 1584 1034; x_wconf 93' lang='lat' dir='ltr'>et</span> <span class='ocrx_word' id='word_1_103' title='bbox 1604 999 1745 1036; x_wconf 91' lang='lat' dir='ltr'>civita-</span> 
     </span>
     <span class='ocr_line' id='line_1_12' title="bbox 363 1057 1747 1111; baseline 0.003 -14"><span class='ocrx_word' id='word_1_104' title='bbox 363 1069 459 1104; x_wconf 82' lang='lat' dir='ltr'>tem,</span> <span class='ocrx_word' id='word_1_105' title='bbox 478 1072 704 1111; x_wconf 87' lang='lat' dir='ltr'>quanquam</span> <span class='ocrx_word' id='word_1_106' title='bbox 723 1072 744 1095; x_wconf 92' lang='lat' dir='ltr'>a</span> <span class='ocrx_word' id='word_1_107' title='bbox 764 1067 801 1095; x_wconf 91' lang='lat' dir='ltr'>te</span> <span class='ocrx_word' id='word_1_108' title='bbox 821 1057 1032 1095; x_wconf 88' lang='lat' dir='ltr'>constituta</span> <span class='ocrx_word' id='word_1_109' title='bbox 1050 1058 1103 1096; x_wconf 91' lang='lat' dir='ltr'>est</span> <span class='ocrx_word' id='word_1_110' title='bbox 1122 1059 1330 1111; x_wconf 88' lang='lat' dir='ltr'>(beneficia</span> <span class='ocrx_word' id='word_1_111' title='bbox 1348 1069 1480 1097; x_wconf 92' lang='lat' dir='ltr'>autem</span> <span class='ocrx_word' id='word_1_112' title='bbox 1499 1061 1625 1099; x_wconf 89' lang='lat' dir='ltr'>nostra</span> <span class='ocrx_word' id='word_1_113' title='bbox 1646 1063 1747 1101; x_wconf 85' lang='lat' dir='ltr'>tueri</span> 
     </span>
     <span class='ocr_line' id='line_1_13' title="bbox 364 1122 1747 1178; baseline 0.003 -17"><span class='ocrx_word' id='word_1_114' title='bbox 364 1123 551 1173; x_wconf 83' lang='lat' dir='ltr'>solemus)</span> <span class='ocrx_word' id='word_1_115' title='bbox 587 1132 716 1160; x_wconf 87' lang='lat' dir='ltr'>tamen</span> <span class='ocrx_word' id='word_1_116' title='bbox 751 1122 885 1166; x_wconf 88' lang='lat' dir='ltr'>velim,</span> <span class='ocrx_word' id='word_1_117' title='bbox 927 1131 1121 1175; x_wconf 88' lang='lat' dir='ltr'>receptam</span> <span class='ocrx_word' id='word_1_118' title='bbox 1155 1124 1196 1160; x_wconf 92' lang='lat' dir='ltr'>in</span> <span class='ocrx_word' id='word_1_119' title='bbox 1231 1123 1349 1161; x_wconf 88' lang='lat' dir='ltr'>fidem</span> <span class='ocrx_word' id='word_1_120' title='bbox 1385 1133 1508 1169; x_wconf 87' lang='lat' dir='ltr'>tuam,</span> <span class='ocrx_word' id='word_1_121' title='bbox 1550 1138 1570 1162; x_wconf 88' lang='lat' dir='ltr'>a</span> <span class='ocrx_word' id='word_1_122' title='bbox 1604 1139 1747 1178; x_wconf 83' lang='lat' dir='ltr'>meque</span> 
     </span>
     <span class='ocr_line' id='line_1_14' title="bbox 363 1187 1747 1240; baseline 0.001 -13"><span class='ocrx_word' id='word_1_123' title='bbox 363 1189 482 1229; x_wconf 86' lang='lat' dir='ltr'>etiam</span> <span class='ocrx_word' id='word_1_124' title='bbox 515 1197 632 1240; x_wconf 89' lang='lat' dir='ltr'>atque</span> <span class='ocrx_word' id='word_1_125' title='bbox 663 1188 781 1225; x_wconf 83' lang='lat' dir='ltr'>etiam</span> <span class='ocrx_word' id='word_1_126' title='bbox 812 1187 886 1224; x_wconf 93' lang='lat' dir='ltr'>tibi</span> <span class='ocrx_word' id='word_1_127' title='bbox 915 1188 1246 1233; x_wconf 87' lang='lat' dir='ltr'>commendatam,</span> <span class='ocrx_word' id='word_1_128' title='bbox 1276 1189 1502 1228; x_wconf 65' lang='lat' dir='ltr'>auctoritate</span> <span class='ocrx_word' id='word_1_129' title='bbox 1531 1199 1569 1227; x_wconf 90' lang='lat' dir='ltr'>et</span> <span class='ocrx_word' id='word_1_130' title='bbox 1598 1191 1747 1229; x_wconf 88' lang='lat' dir='ltr'>auxilio</span> 
     </span>
     <span class='ocr_line' id='line_1_15' title="bbox 364 1252 1746 1307; baseline 0.001 -15"><span class='ocrx_word' id='word_1_131' title='bbox 364 1263 434 1292; x_wconf 87' lang='lat' dir='ltr'>tuo</span> <span class='ocrx_word' id='word_1_132' title='bbox 455 1256 595 1292; x_wconf 66' lang='lat' dir='ltr'>tectam</span> <span class='ocrx_word' id='word_1_133' title='bbox 615 1253 710 1291; x_wconf 91' lang='lat' dir='ltr'>velis</span> <span class='ocrx_word' id='word_1_134' title='bbox 731 1252 825 1291; x_wconf 85' lang='lat' dir='ltr'>effe:</span> <span class='ocrx_word' id='word_1_135' title='bbox 857 1252 945 1290; x_wconf 86' lang='lat' dir='ltr'>satis</span> <span class='ocrx_word' id='word_1_136' title='bbox 966 1254 1039 1291; x_wconf 91' lang='lat' dir='ltr'>erit</span> <span class='ocrx_word' id='word_1_137' title='bbox 1059 1254 1100 1292; x_wconf 90' lang='lat' dir='ltr'>in</span> <span class='ocrx_word' id='word_1_138' title='bbox 1121 1263 1356 1306; x_wconf 89' lang='lat' dir='ltr'>perpetuum</span> <span class='ocrx_word' id='word_1_139' title='bbox 1377 1253 1596 1292; x_wconf 89' lang='lat' dir='ltr'>Buthrotiis</span> <span class='ocrx_word' id='word_1_140' title='bbox 1616 1256 1746 1307; x_wconf 88' lang='lat' dir='ltr'>praefi-</span> 
     </span>
     <span class='ocr_line' id='line_1_16' title="bbox 363 1319 1747 1372; baseline 0.002 -15"><span class='ocrx_word' id='word_1_141' title='bbox 363 1319 435 1364; x_wconf 90' lang='lat' dir='ltr'>dii,</span> <span class='ocrx_word' id='word_1_142' title='bbox 466 1332 685 1372; x_wconf 89' lang='lat' dir='ltr'>magnaque</span> <span class='ocrx_word' id='word_1_143' title='bbox 705 1331 796 1357; x_wconf 88' lang='lat' dir='ltr'>cura</span> <span class='ocrx_word' id='word_1_144' title='bbox 815 1327 854 1356; x_wconf 90' lang='lat' dir='ltr'>et</span> <span class='ocrx_word' id='word_1_145' title='bbox 875 1319 1140 1359; x_wconf 90' lang='lat' dir='ltr'>sollicitudine</span> <span class='ocrx_word' id='word_1_146' title='bbox 1161 1320 1344 1358; x_wconf 90' lang='lat' dir='ltr'>Atticum</span> <span class='ocrx_word' id='word_1_147' title='bbox 1363 1329 1402 1358; x_wconf 89' lang='lat' dir='ltr'>et</span> <span class='ocrx_word' id='word_1_148' title='bbox 1423 1334 1486 1358; x_wconf 90' lang='lat' dir='ltr'>me</span> <span class='ocrx_word' id='word_1_149' title='bbox 1506 1321 1696 1366; x_wconf 89' lang='lat' dir='ltr'>liberaris,</span> <span class='ocrx_word' id='word_1_150' title='bbox 1720 1323 1747 1360; x_wconf 86' lang='lat' dir='ltr'>fi</span> 
     </span>
     <span class='ocr_line' id='line_1_17' title="bbox 362 1382 1747 1436; baseline 0.001 -14"><span class='ocrx_word' id='word_1_151' title='bbox 362 1383 441 1422; x_wconf 93' lang='lat' dir='ltr'>hoc</span> <span class='ocrx_word' id='word_1_152' title='bbox 462 1383 622 1422; x_wconf 90' lang='lat' dir='ltr'>honoris</span> <span class='ocrx_word' id='word_1_153' title='bbox 643 1383 722 1421; x_wconf 90' lang='lat' dir='ltr'>mei</span> <span class='ocrx_word' id='word_1_154' title='bbox 742 1382 852 1421; x_wconf 86' lang='lat' dir='ltr'>causa</span> <span class='ocrx_word' id='word_1_155' title='bbox 872 1382 1096 1434; x_wconf 87' lang='lat' dir='ltr'>susceperis,</span> <span class='ocrx_word' id='word_1_156' title='bbox 1128 1394 1171 1422; x_wconf 86' lang='lat' dir='ltr'>ut</span> <span class='ocrx_word' id='word_1_157' title='bbox 1200 1398 1264 1422; x_wconf 86' lang='lat' dir='ltr'>eos</span> <span class='ocrx_word' id='word_1_158' title='bbox 1295 1384 1445 1436; x_wconf 87' lang='lat' dir='ltr'>semper</span> <span class='ocrx_word' id='word_1_159' title='bbox 1472 1398 1492 1421; x_wconf 86' lang='lat' dir='ltr'>a</span> <span class='ocrx_word' id='word_1_160' title='bbox 1513 1394 1550 1422; x_wconf 89' lang='lat' dir='ltr'>te</span> <span class='ocrx_word' id='word_1_161' title='bbox 1571 1385 1747 1424; x_wconf 85' lang='lat' dir='ltr'>defensos</span> 
     </span>
     <span class='ocr_line' id='line_1_18' title="bbox 365 1447 1732 1505; baseline 0.001 -18"><span class='ocrx_word' id='word_1_162' title='bbox 365 1449 475 1488; x_wconf 90' lang='lat' dir='ltr'>velis.</span> <span class='ocrx_word' id='word_1_163' title='bbox 508 1448 629 1505; x_wconf 83' lang='lat' dir='ltr'>Qod</span> <span class='ocrx_word' id='word_1_164' title='bbox 650 1457 693 1486; x_wconf 91' lang='lat' dir='ltr'>ut</span> <span class='ocrx_word' id='word_1_165' title='bbox 713 1447 846 1493; x_wconf 84' lang='lat' dir='ltr'>facias,</span> <span class='ocrx_word' id='word_1_166' title='bbox 879 1456 916 1485; x_wconf 88' lang='lat' dir='ltr'>te</span> <span class='ocrx_word' id='word_1_167' title='bbox 937 1447 1188 1487; x_wconf 86' lang='lat' dir='ltr'>vehementer</span> <span class='ocrx_word' id='word_1_168' title='bbox 1207 1449 1325 1486; x_wconf 88' lang='lat' dir='ltr'>etiam</span> <span class='ocrx_word' id='word_1_169' title='bbox 1346 1458 1463 1501; x_wconf 88' lang='lat' dir='ltr'>atque</span> <span class='ocrx_word' id='word_1_170' title='bbox 1483 1450 1601 1487; x_wconf 85' lang='lat' dir='ltr'>etiam</span> <span class='ocrx_word' id='word_1_171' title='bbox 1622 1464 1732 1502; x_wconf 87' lang='lat' dir='ltr'>rogo.</span> 
     </span>
    </p>

    <p class='ocr_par' dir='ltr' id='par_1_3' title="bbox 364 1510 1750 1695">
     <span class='ocr_line' id='line_1_19' title="bbox 421 1510 1747 1566; baseline -0.005 -14"><span class='ocrx_word' id='word_1_172' title='bbox 421 1515 499 1552; x_wconf 87' lang='lat' dir='ltr'>His</span> <span class='ocrx_word' id='word_1_173' title='bbox 520 1514 643 1552; x_wconf 88' lang='lat' dir='ltr'>literis</span> <span class='ocrx_word' id='word_1_174' title='bbox 665 1513 833 1564; x_wconf 90' lang='lat' dir='ltr'>scriptis,</span> <span class='ocrx_word' id='word_1_175' title='bbox 864 1525 928 1550; x_wconf 89' lang='lat' dir='ltr'>me</span> <span class='ocrx_word' id='word_1_176' title='bbox 957 1513 1004 1550; x_wconf 90' lang='lat' dir='ltr'>ad</span> <span class='ocrx_word' id='word_1_177' title='bbox 1029 1510 1191 1560; x_wconf 65' lang='grc' dir='ltr'><em>συντάξεις</em></span> <span class='ocrx_word' id='word_1_178' title='bbox 1216 1513 1333 1551; x_wconf 88' lang='lat' dir='ltr'>dedi:</span> <span class='ocrx_word' id='word_1_179' title='bbox 1365 1527 1452 1565; x_wconf 83' lang='lat' dir='ltr'>quae</span> <span class='ocrx_word' id='word_1_180' title='bbox 1472 1515 1648 1566; x_wconf 83' lang='lat' dir='ltr'>quidem,</span> <span class='ocrx_word' id='word_1_181' title='bbox 1680 1529 1747 1553; x_wconf 78' lang='lat' dir='ltr'>ve-</span> 
     </span>
     <span class='ocr_line' id='line_1_20' title="bbox 365 1576 1750 1628; baseline 0.002 -12"><span class='ocrx_word' id='word_1_182' title='bbox 365 1591 465 1623; x_wconf 89' lang='lat' dir='ltr'>reor,</span> <span class='ocrx_word' id='word_1_183' title='bbox 498 1592 546 1616; x_wconf 88' lang='lat' dir='ltr'>ne</span> <span class='ocrx_word' id='word_1_184' title='bbox 577 1577 740 1616; x_wconf 87' lang='lat' dir='ltr'>miniata</span> <span class='ocrx_word' id='word_1_185' title='bbox 770 1576 900 1614; x_wconf 88' lang='lat' dir='ltr'>cerula</span> <span class='ocrx_word' id='word_1_186' title='bbox 931 1585 997 1614; x_wconf 86' lang='lat' dir='ltr'>tua</span> <span class='ocrx_word' id='word_1_187' title='bbox 1027 1576 1206 1628; x_wconf 90' lang='lat' dir='ltr'>pluribus</span> <span class='ocrx_word' id='word_1_188' title='bbox 1238 1577 1336 1615; x_wconf 90' lang='lat' dir='ltr'>locis</span> <span class='ocrx_word' id='word_1_189' title='bbox 1364 1578 1542 1616; x_wconf 86' lang='lat' dir='ltr'>notandae</span> <span class='ocrx_word' id='word_1_190' title='bbox 1562 1579 1663 1623; x_wconf 78' lang='lat' dir='ltr'>sint;</span> <span class='ocrx_word' id='word_1_191' title='bbox 1695 1581 1750 1619; x_wconf 82' lang='lat' dir='ltr'>ita</span> 
     </span>
     <span class='ocr_line' id='line_1_21' title="bbox 364 1640 1454 1695; baseline -0.001 -13"><span class='ocrx_word' id='word_1_192' title='bbox 364 1643 452 1683; x_wconf 74' lang='lat' dir='ltr'>sum</span> <span class='ocrx_word' id='word_1_193' title='bbox 470 1640 635 1693; x_wconf 71' lang='grc' dir='ltr'><em>μετέωρος,</em></span> <span class='ocrx_word' id='word_1_194' title='bbox 666 1651 704 1680; x_wconf 90' lang='lat' dir='ltr'>et</span> <span class='ocrx_word' id='word_1_195' title='bbox 724 1641 877 1693; x_wconf 87' lang='lat' dir='ltr'>magnis</span> <span class='ocrx_word' id='word_1_196' title='bbox 898 1641 1204 1694; x_wconf 87' lang='lat' dir='ltr'>cogitationibus</span> <span class='ocrx_word' id='word_1_197' title='bbox 1225 1641 1454 1695; x_wconf 81' lang='lat' dir='ltr'>impeditus,</span> 
     </span>
    </p>
   </div>
   <div class='ocr_carea' id='block_1_3' title="bbox 702 1844 1409 1882">
    <p class='ocr_par' dir='ltr' id='par_1_4' title="bbox 702 1844 1409 1882">
     <span class='ocr_line' id='line_1_22' title="bbox 702 1844 1409 1882; baseline 0 0"><span class='ocrx_word' id='word_1_198' title='bbox 702 1844 943 1882; x_wconf 84' lang='lat' dir='ltr'><strong>CICERO</strong></span> <span class='ocrx_word' id='word_1_199' title='bbox 984 1844 1238 1882; x_wconf 79' lang='lat' dir='ltr'>ATT1co</span> <span class='ocrx_word' id='word_1_200' title='bbox 1281 1845 1409 1882; x_wconf 84' lang='lat' dir='ltr'><strong>SAL.</strong></span> 
     </span>
    </p>
   </div>
   <div class='ocr_carea' id='block_1_4' title="bbox 366 1969 1750 2609">
    <p class='ocr_par' dir='ltr' id='par_1_5' title="bbox 366 1969 1749 2043">
     <span class='ocr_line' id='line_1_23' title="bbox 366 1969 1749 2043; baseline -0.001 -33"><span class='ocrx_word' id='word_1_201' title='bbox 366 1972 459 2010; x_wconf 83' lang='lat' dir='ltr'>XV.</span> <span class='ocrx_word' id='word_1_202' title='bbox 485 1970 595 2043; x_wconf 88' lang='lat' dir='ltr'>LU</span> <span class='ocrx_word' id='word_1_203' title='bbox 609 1971 721 2009; x_wconf 89' lang='lat' dir='ltr'>CIO</span> <span class='ocrx_word' id='word_1_204' title='bbox 752 1971 931 2010; x_wconf 91' lang='lat' dir='ltr'>Antonio</span> <span class='ocrx_word' id='word_1_205' title='bbox 950 1971 1051 2009; x_wconf 87' lang='lat' dir='ltr'>male</span> <span class='ocrx_word' id='word_1_206' title='bbox 1071 1971 1130 2015; x_wconf 87' lang='lat' dir='ltr'>fit,</span> <span class='ocrx_word' id='word_1_207' title='bbox 1153 1971 1344 2022; x_wconf 91' lang='lat' dir='ltr'>fiquidem</span> <span class='ocrx_word' id='word_1_208' title='bbox 1365 1969 1584 2009; x_wconf 88' lang='lat' dir='ltr'>Buthrotiis</span> <span class='ocrx_word' id='word_1_209' title='bbox 1606 1970 1749 2008; x_wconf 87' lang='lat' dir='ltr'>moles-</span> 
     </span>
    </p>

    <p class='ocr_par' dir='ltr' id='par_1_6' title="bbox 366 2034 1750 2609">
     <span class='ocr_line' id='line_1_24' title="bbox 583 2034 1748 2087; baseline -0.002 -13"><span class='ocrx_word' id='word_1_210' title='bbox 583 2046 645 2074; x_wconf 93' lang='lat' dir='ltr'>tus</span> <span class='ocrx_word' id='word_1_211' title='bbox 667 2035 732 2081; x_wconf 83' lang='lat' dir='ltr'>est.</span> <span class='ocrx_word' id='word_1_212' title='bbox 767 2037 855 2087; x_wconf 85' lang='lat' dir='ltr'>Ego</span> <span class='ocrx_word' id='word_1_213' title='bbox 876 2034 1145 2072; x_wconf 89' lang='lat' dir='ltr'>testimonium</span> <span class='ocrx_word' id='word_1_214' title='bbox 1165 2035 1383 2087; x_wconf 88' lang='lat' dir='ltr'>composui,</span> <span class='ocrx_word' id='word_1_215' title='bbox 1415 2035 1535 2087; x_wconf 89' lang='lat' dir='ltr'>quod,</span> <span class='ocrx_word' id='word_1_216' title='bbox 1565 2048 1654 2072; x_wconf 90' lang='lat' dir='ltr'>curn</span> <span class='ocrx_word' id='word_1_217' title='bbox 1678 2049 1748 2072; x_wconf 87' lang='lat' dir='ltr'>vo-</span> 
     </span>
     <span class='ocr_line' id='line_1_25' title="bbox 369 2097 1748 2152; baseline -0.001 -13"><span class='ocrx_word' id='word_1_218' title='bbox 369 2102 440 2146; x_wconf 89' lang='lat' dir='ltr'>les,</span> <span class='ocrx_word' id='word_1_219' title='bbox 471 2097 707 2152; x_wconf 71' lang='lat' dir='ltr'>obfignahis.</span> <span class='ocrx_word' id='word_1_220' title='bbox 740 2102 806 2138; x_wconf 90' lang='lat' dir='ltr'>Tu</span> <span class='ocrx_word' id='word_1_221' title='bbox 828 2113 1012 2138; x_wconf 89' lang='lat' dir='ltr'>nummos</span> <span class='ocrx_word' id='word_1_222' title='bbox 1034 2100 1287 2152; x_wconf 89' lang='lat' dir='ltr'>Arpinatum‚</span> <span class='ocrx_word' id='word_1_223' title='bbox 1319 2100 1344 2138; x_wconf 92' lang='lat' dir='ltr'>fi</span> <span class='ocrx_word' id='word_1_224' title='bbox 1367 2101 1415 2137; x_wconf 94' lang='lat' dir='ltr'>L.</span> <span class='ocrx_word' id='word_1_225' title='bbox 1441 2100 1582 2137; x_wconf 88' lang='lat' dir='ltr'>Fadius</span> <span class='ocrx_word' id='word_1_226' title='bbox 1605 2100 1748 2137; x_wconf 79' lang='lat' dir='ltr'>AEdilis</span> 
     </span>
     <span class='ocr_line' id='line_1_26' title="bbox 369 2164 1748 2219; baseline -0.003 -14"><span class='ocrx_word' id='word_1_227' title='bbox 369 2177 488 2219; x_wconf 86' lang='lat' dir='ltr'>petet,</span> <span class='ocrx_word' id='word_1_228' title='bbox 507 2167 567 2204; x_wconf 92' lang='lat' dir='ltr'>vel</span> <span class='ocrx_word' id='word_1_229' title='bbox 588 2179 723 2204; x_wconf 81' lang='lat' dir='ltr'>omnes</span> <span class='ocrx_word' id='word_1_230' title='bbox 745 2165 911 2203; x_wconf 88' lang='lat' dir='ltr'>reddito.</span> <span class='ocrx_word' id='word_1_231' title='bbox 945 2167 1033 2217; x_wconf 88' lang='lat' dir='ltr'>Ego</span> <span class='ocrx_word' id='word_1_232' title='bbox 1053 2165 1100 2203; x_wconf 88' lang='lat' dir='ltr'>ad</span> <span class='ocrx_word' id='word_1_233' title='bbox 1120 2176 1157 2203; x_wconf 90' lang='lat' dir='ltr'>te</span> <span class='ocrx_word' id='word_1_234' title='bbox 1172 2166 1244 2203; x_wconf 90' lang='lat' dir='ltr'>alia</span> <span class='ocrx_word' id='word_1_235' title='bbox 1264 2165 1424 2217; x_wconf 89' lang='lat' dir='ltr'>epistola</span> <span class='ocrx_word' id='word_1_236' title='bbox 1443 2165 1570 2215; x_wconf 72' lang='lat' dir='ltr'>scripsi</span> <span class='ocrx_word' id='word_1_237' title='bbox 1593 2164 1638 2201; x_wconf 90' lang='lat' dir='ltr'>de</span> <span class='ocrx_word' id='word_1_238' title='bbox 1656 2165 1748 2202; x_wconf 92' lang='lat' dir='ltr'>H-S</span> 
     </span>
     <span class='ocr_line' id='line_1_27' title="bbox 372 2229 1746 2285; baseline -0.001 -16"><span class='ocrx_word' id='word_1_239' title='bbox 372 2245 443 2278; x_wconf 86' lang='lat' dir='ltr'>cx,</span> <span class='ocrx_word' id='word_1_240' title='bbox 461 2247 546 2285; x_wconf 83' lang='lat' dir='ltr'>quae</span> <span class='ocrx_word' id='word_1_241' title='bbox 569 2232 691 2269; x_wconf 88' lang='lat' dir='ltr'>Statio</span> <span class='ocrx_word' id='word_1_242' title='bbox 711 2240 952 2268; x_wconf 88' lang='lat' dir='ltr'>curarentur.</span> <span class='ocrx_word' id='word_1_243' title='bbox 985 2231 1024 2268; x_wconf 91' lang='lat' dir='ltr'>Si</span> <span class='ocrx_word' id='word_1_244' title='bbox 1044 2245 1137 2283; x_wconf 88' lang='lat' dir='ltr'>ergo</span> <span class='ocrx_word' id='word_1_245' title='bbox 1157 2240 1262 2283; x_wconf 89' lang='lat' dir='ltr'>petet</span> <span class='ocrx_word' id='word_1_246' title='bbox 1280 2230 1437 2273; x_wconf 88' lang='lat' dir='ltr'>Fadius,</span> <span class='ocrx_word' id='word_1_247' title='bbox 1454 2230 1488 2266; x_wconf 91' lang='lat' dir='ltr'>ei</span> <span class='ocrx_word' id='word_1_248' title='bbox 1511 2229 1599 2266; x_wconf 79' lang='lat' dir='ltr'>volo</span> <span class='ocrx_word' id='word_1_249' title='bbox 1615 2230 1746 2273; x_wconf 83' lang='lat' dir='ltr'>reddi;</span> 
     </span>
     <span class='ocr_line' id='line_1_28' title="bbox 370 2294 1747 2349; baseline -0.002 -14"><span class='ocrx_word' id='word_1_250' title='bbox 370 2307 507 2349; x_wconf 79' lang='lat' dir='ltr'>praeter</span> <span class='ocrx_word' id='word_1_251' title='bbox 532 2296 714 2340; x_wconf 84' lang='lat' dir='ltr'>Fadium,</span> <span class='ocrx_word' id='word_1_252' title='bbox 745 2297 911 2334; x_wconf 87' lang='lat' dir='ltr'>nemini.</span> <span class='ocrx_word' id='word_1_253' title='bbox 957 2296 1076 2348; x_wconf 90' lang='lat' dir='ltr'>Apud</span> <span class='ocrx_word' id='word_1_254' title='bbox 1098 2309 1161 2334; x_wconf 88' lang='lat' dir='ltr'>me</span> <span class='ocrx_word' id='word_1_255' title='bbox 1181 2296 1275 2333; x_wconf 90' lang='lat' dir='ltr'>item</span> <span class='ocrx_word' id='word_1_256' title='bbox 1299 2303 1394 2346; x_wconf 89' lang='lat' dir='ltr'>puto</span> <span class='ocrx_word' id='word_1_257' title='bbox 1415 2294 1631 2346; x_wconf 75' lang='lat' dir='ltr'>depositum</span> <span class='ocrx_word' id='word_1_258' title='bbox 1651 2309 1660 2332; x_wconf 87' lang='lat'>:</span> <span class='ocrx_word' id='word_1_259' title='bbox 1693 2295 1747 2339; x_wconf 87' lang='lat' dir='ltr'>id,</span> 
     </span>
     <span class='ocr_line' id='line_1_29' title="bbox 371 2358 1750 2414; baseline -0.002 -15"><span class='ocrx_word' id='word_1_260' title='bbox 371 2362 498 2414; x_wconf 84' lang='lat' dir='ltr'>scripsi</span> <span class='ocrx_word' id='word_1_261' title='bbox 519 2361 566 2398; x_wconf 87' lang='lat' dir='ltr'>ad</span> <span class='ocrx_word' id='word_1_262' title='bbox 587 2363 764 2406; x_wconf 88' lang='lat' dir='ltr'>Erotem,</span> <span class='ocrx_word' id='word_1_263' title='bbox 796 2371 840 2399; x_wconf 89' lang='lat' dir='ltr'>ut</span> <span class='ocrx_word' id='word_1_264' title='bbox 864 2361 1052 2399; x_wconf 89' lang='lat' dir='ltr'>redderet.</span> <span class='ocrx_word' id='word_1_265' title='bbox 1099 2361 1292 2412; x_wconf 88' lang='lat' dir='ltr'>Reginam</span> <span class='ocrx_word' id='word_1_266' title='bbox 1313 2359 1378 2397; x_wconf 88' lang='lat' dir='ltr'>odi</span> <span class='ocrx_word' id='word_1_267' title='bbox 1397 2374 1406 2397; x_wconf 86' lang='lat'>:</span> <span class='ocrx_word' id='word_1_268' title='bbox 1438 2372 1501 2397; x_wconf 89' lang='lat' dir='ltr'>me</span> <span class='ocrx_word' id='word_1_269' title='bbox 1516 2360 1604 2410; x_wconf 88' lang='lat' dir='ltr'>jure</span> <span class='ocrx_word' id='word_1_270' title='bbox 1625 2358 1750 2396; x_wconf 85' lang='lat' dir='ltr'>facere</span> 
     </span>
     <span class='ocr_line' id='line_1_30' title="bbox 371 2423 1750 2479; baseline -0.003 -14"><span class='ocrx_word' id='word_1_271' title='bbox 371 2427 441 2465; x_wconf 86' lang='lat' dir='ltr'>scit</span> <span class='ocrx_word' id='word_1_272' title='bbox 462 2426 619 2479; x_wconf 89' lang='lat' dir='ltr'>sponsor</span> <span class='ocrx_word' id='word_1_273' title='bbox 638 2426 912 2477; x_wconf 85' lang='lat' dir='ltr'>promifforum</span> <span class='ocrx_word' id='word_1_274' title='bbox 933 2428 1014 2478; x_wconf 88' lang='lat' dir='ltr'>ejus</span> <span class='ocrx_word' id='word_1_275' title='bbox 1037 2425 1275 2463; x_wconf 87' lang='lat' dir='ltr'>Ammonius</span> <span class='ocrx_word' id='word_1_276' title='bbox 1293 2443 1304 2469; x_wconf 67' lang='grc' dir='ltr'>ς</span> <span class='ocrx_word' id='word_1_277' title='bbox 1337 2438 1421 2476; x_wconf 88' lang='lat' dir='ltr'>quae</span> <span class='ocrx_word' id='word_1_278' title='bbox 1452 2423 1612 2476; x_wconf 89' lang='lat' dir='ltr'>quidem</span> <span class='ocrx_word' id='word_1_279' title='bbox 1642 2434 1750 2461; x_wconf 83' lang='lat' dir='ltr'>erant</span> 
     </span>
     <span class='ocr_line' id='line_1_31' title="bbox 371 2489 1746 2542; baseline 0 -16"><span class='ocrx_word' id='word_1_280' title='bbox 371 2489 557 2537; x_wconf 67' lang='grc' dir='ltr'><em>φιλόλογα,</em></span> <span class='ocrx_word' id='word_1_281' title='bbox 575 2499 613 2528; x_wconf 92' lang='lat' dir='ltr'>et</span> <span class='ocrx_word' id='word_1_282' title='bbox 633 2490 835 2542; x_wconf 87' lang='lat' dir='ltr'>dignitatis</span> <span class='ocrx_word' id='word_1_283' title='bbox 857 2504 970 2536; x_wconf 74' lang='lat' dir='ltr'>meae5</span> <span class='ocrx_word' id='word_1_284' title='bbox 995 2500 1037 2528; x_wconf 92' lang='lat' dir='ltr'>ut</span> <span class='ocrx_word' id='word_1_285' title='bbox 1058 2491 1118 2529; x_wconf 92' lang='lat' dir='ltr'>vel</span> <span class='ocrx_word' id='word_1_286' title='bbox 1138 2492 1179 2528; x_wconf 89' lang='lat' dir='ltr'>in</span> <span class='ocrx_word' id='word_1_287' title='bbox 1196 2490 1385 2528; x_wconf 92' lang='lat' dir='ltr'>concione</span> <span class='ocrx_word' id='word_1_288' title='bbox 1406 2489 1532 2526; x_wconf 88' lang='lat' dir='ltr'>dicere</span> <span class='ocrx_word' id='word_1_289' title='bbox 1553 2489 1746 2526; x_wconf 89' lang='lat' dir='ltr'>auderem.</span> 
     </span>
     <span class='ocr_line' id='line_1_32' title="bbox 366 2554 1747 2609; baseline -0.003 -13"><span class='ocrx_word' id='word_1_290' title='bbox 366 2557 502 2596; x_wconf 66' lang='lat' dir='ltr'>§aram</span> <span class='ocrx_word' id='word_1_291' title='bbox 532 2565 663 2595; x_wconf 88' lang='lat' dir='ltr'>autem</span> <span class='ocrx_word' id='word_1_292' title='bbox 691 2565 949 2609; x_wconf 86' lang='lat' dir='ltr'>praeterquam</span> <span class='ocrx_word' id='word_1_293' title='bbox 976 2556 1082 2608; x_wconf 90' lang='lat' dir='ltr'>quod</span> <span class='ocrx_word' id='word_1_294' title='bbox 1111 2555 1304 2595; x_wconf 85' lang='lat' dir='ltr'>nefarium</span> <span class='ocrx_word' id='word_1_295' title='bbox 1335 2554 1539 2593; x_wconf 88' lang='lat' dir='ltr'>hominem</span> <span class='ocrx_word' id='word_1_296' title='bbox 1566 2554 1747 2605; x_wconf 88' lang='lat' dir='ltr'>cognovi,</span> 
     </span>
    </p>
   </div>
  </div>
 </body>
</html>
