2243 3008
564 257 644 296 410
913 240 1606 280 EPISTOLARUM

567 340 689 380 ullam
718 339 1015 378 contentionem
1045 338 1302 383 extimescat;
1335 338 1399 376 sed
1429 348 1474 376 ut
1504 338 1728 392 nosmetipfi
1759 339 1862 378 inter
1891 352 1962 378 nos

568 406 858 460 conjunctiores
893 405 1027 450 simus,
1072 418 1191 456 quam
1226 403 1354 442 adhuc
1389 403 1569 443 fuimus:
1617 405 1963 459 interpellantibus

568 474 677 511 enim
708 471 770 510 his
802 471 1042 515 inimicitiis,
1073 470 1228 507 animus
1260 479 1350 508 tuus
1381 469 1484 508 mihi
1513 473 1639 523 magis
1669 472 1812 524 patuit,
1844 484 1964 524 quam

570 539 727 577 domus.
751 537 824 575 Sed
844 536 927 575 haec
949 536 1150 574 haetenus.
1186 535 1292 573 Illud
1313 545 1558 581 extremum,
1581 551 1669 589 ego,
1686 551 1773 589 quae
1794 547 1832 576 te
1847 536 1963 581 velle,

570 617 735 656 quaeque
755 603 802 640 ad
823 611 861 640 te
880 602 1088 654 pertinere,
1121 599 1353 645 arbitrabor,
1376 599 1527 652 semper
1546 602 1625 640 fine
1644 602 1726 641 ulla
1745 601 1964 641 dubitatio-

572 683 619 713 ne
642 669 795 707 summo
815 667 943 706 studio
962 666 1120 705 faciam.
1154 666 1247 704 Hoc
1269 666 1389 704 velim
1411 665 1487 703 tibi
1508 667 1665 718 penitus
1685 667 1926 720 persuadeas.

914 869 1157 907 C1cnno
1197 868 1456 906 ATTICO
1497 868 1629 906 SAL.

573 997 687 1036 XIV.
713 996 800 1069 IT
815 998 849 1037 E
865 997 951 1036 RA
964 997 1002 1036 D
1018 997 1057 1035 U
1070 996 1119 1035 M
1149 996 1284 1036 eadem
1304 996 1375 1039 ista
1393 994 1510 1035 mihi.
1545 997 1767 1035 Coronatus
1788 997 1968 1049 Qintus

786 1063 912 1101 noster
934 1062 1130 1101 Parilibus
1150 1063 1164 1100 ?
1196 1062 1392 1101 Parilibus
1410 1063 1423 1101 ?
1455 1061 1636 1100 solusne?
1668 1062 1736 1100 etfi
1757 1062 1865 1102 addis
1886 1065 1967 1104 La-

572 1129 723 1175 miam3
756 1129 863 1182 quod
883 1129 1056 1167 demiror
1075 1128 1289 1182 equidem:
1321 1128 1386 1167 sed
1415 1128 1511 1168 scire
1539 1129 1674 1182 cupi0‚
1706 1129 1776 1182 qui
1805 1128 1970 1170 fuerunt

572 1195 666 1234 alii:
699 1209 928 1249 quanquam
949 1195 1037 1234 satis
1058 1195 1152 1240 scio,
1183 1195 1255 1234 nifi
1275 1195 1521 1248 improbum,
1553 1195 1771 1234 neminem.
1814 1196 1968 1249 Expla-

574 1261 684 1300 nabis
705 1262 828 1315 igitur
848 1259 925 1299 hoc
946 1260 1194 1314 diligentius.
1228 1261 1318 1314 Ego
1338 1270 1471 1300 autem
1491 1260 1579 1299 casu
1600 1274 1694 1300 cum
1715 1260 1900 1299 dediffem
1920 1262 1969 1300 ad

574 1337 612 1366 te
631 1327 761 1367 literas
784 1340 828 1366 v1
853 1326 1021 1366 Kalend.
1045 1326 1134 1365 satis
1155 1326 1295 1365 multis
1316 1326 1460 1371 verbis,
1492 1326 1618 1365 tribus
1645 1325 1726 1365 fere
1753 1325 1862 1365 horis
1883 1327 1969 1380 post

574 1393 706 1446 accepi
728 1402 828 1438 tuas,
859 1401 899 1431 et
919 1391 1053 1444 magni
1074 1391 1237 1444 quidem
1257 1391 1456 1444 ponderis.
1503 1392 1641 1443 Itaque
1655 1393 1747 1444 joca
1767 1401 1834 1431 tua
1853 1393 1971 1446 plena

573 1457 820 1503 facetiarum,
851 1457 899 1496 de
919 1457 1050 1496 haerefi
1071 1456 1312 1502 Vestoriana,
1343 1466 1382 1494 et
1413 1457 1460 1494 de
1481 1455 1734 1496 Phetriorum
1755 1471 1863 1496 more
1885 1459 1968 1497 Pu-

575 1523 745 1568 teolano,
777 1521 891 1561 risisse
913 1535 977 1560 me
997 1521 1100 1566 satis,
1133 1520 1235 1559 nihil
1265 1521 1318 1559 est
1340 1520 1486 1559 neceffe
1508 1521 1687 1560 scribere.
1734 1520 1972 1572 Πολιτικόν-φα.

574 1588 642 1627 illa
663 1588 879 1626 videamus.
926 1578 987 1625 Ita
1013 1587 1154 1625 Brutos
1183 1585 1438 1639 Caffiumque
1459 1585 1653 1631 defendis,
1685 1586 1790 1639 quafi
1811 1599 1876 1624 eos
1896 1600 1972 1639 ego

572 1654 869 1707 reprehendam,
902 1667 1001 1706 quos
1022 1653 1111 1692 satis
1132 1652 1287 1692 laudare
1307 1667 1386 1692 non
1408 1652 1576 1706 poffum.
1610 1654 1760 1692 Rerum
1781 1666 1855 1705 ego
1875 1653 1972 1693 vitia

574 1720 735 1773 collegi,
767 1733 844 1759 non
867 1719 1079 1758 hominum
1100 1734 1108 1758 :
1142 1719 1295 1757 sublato
1315 1720 1423 1758 enim
1446 1728 1626 1771 tyranno,
1658 1718 1863 1771 tyrannida
1883 1733 1969 1758 ma-

576 1801 664 1825 nere
686 1787 813 1825 video.
860 1786 968 1825 Nam
999 1799 1085 1838 quan
1116 1785 1183 1824 ille
1214 1784 1385 1824 facturus
1417 1799 1496 1824 non
1522 1785 1615 1829 fuit,
1646 1798 1690 1824 ea
1709 1784 1826 1830 fiunt,
1858 1795 1902 1823 ut
1922 1785 1972 1824 de

575 1853 748 1897 Clodio;
781 1852 828 1890 de
858 1866 937 1904 quo
967 1851 1069 1890 mihi
1099 1851 1349 1905 exploratum
1378 1852 1446 1897 est,
1478 1852 1595 1890 illum
1626 1865 1704 1890 non
1735 1850 1854 1890 modo
1889 1865 1971 1890 non

576 1918 788 1962 facturum,
832 1918 896 1956 sed
933 1919 1053 1956 etiam
1090 1932 1137 1956 ne
1171 1918 1368 1970 paffurum
1403 1919 1565 1970 quidem
1600 1917 1727 1957 suiffe.
1779 1919 1972 1970 Sequetur

579 1983 698 2023 Rufio
734 1983 1000 2028 Vestorianus,
1047 1984 1184 2022 vietor
1224 1997 1428 2036 nunquam
1462 1984 1645 2037 scriptus,
1690 1985 1835 2029 caeteri,
1881 1986 1971 2036 quis

578 2052 688 2089 non?
722 2050 800 2089 Cui
835 2050 974 2088 servire
1010 2049 1078 2102 ipsi
1115 2063 1193 2087 non
1228 2050 1447 2103 potuimus,
1478 2051 1561 2102 ejus
1593 2050 1741 2088 libellis
1772 2063 1969 2103 paremuS.

577 2117 684 2156 Nam
707 2115 957 2154 Liberalibus
977 2116 1066 2168 quis
1088 2116 1220 2168 potuit
1249 2116 1289 2153 in
1320 2117 1505 2154 Senatum
1534 2129 1611 2154 non
1635 2116 1797 2154 venire?
1831 2116 1908 2154 Fac
1930 2117 1971 2154 id

573 2181 741 2236 potuisse
776 2181 911 2234 aliquo
945 2181 1093 2227 modo;
1134 2195 1247 2226 num,
1287 2182 1405 2220 etiam
1440 2196 1534 2220 cum
1569 2182 1816 2226 veniss‘emus,
1848 2182 1972 2220 libere

577 2249 780 2302 potuimus
802 2247 1035 2286 sententiam
1055 2247 1182 2286 dicere
1203 2249 1214 2285 ?
1241 2261 1370 2286 nonne
1391 2249 1500 2286 omni
1524 2249 1671 2286 ratione
1692 2248 1876 2291 veterani,
1900 2248 1972 2300 qui.

575 2314 711 2352 armati
734 2314 906 2359 aderant,
938 2328 1031 2352 cum
1055 2313 1218 2367 praefidii
1241 2327 1309 2352 nos
1332 2313 1431 2352 nihil
1455 2313 1702 2357 haberemus,
1734 2312 1973 2351 defendendi

576 2381 768 2419 fuerunt?
802 2380 911 2418 illam
934 2379 1132 2418 seffioncm
1156 2380 1423 2433 Capitolinam
1448 2380 1547 2419 mihi
1583 2394 1660 2418 non
1696 2379 1892 2432 placuiss‘c,
1926 2388 1970 2417 tu

578 2445 680 2483 testis
702 2459 756 2483 es.
801 2444 911 2497 Qid
941 2447 1065 2497 ergo?
1099 2445 1167 2483 ista
1186 2445 1304 2498 culpa
1327 2447 1572 2484 Brutorum?
1606 2445 1772 2483 minime
1806 2444 1969 2482 illorum

575 2511 753 2563 quidem,
786 2511 848 2550 sed
880 2510 1048 2550 aliorum
1084 2511 1323 2559 brutorum,
1355 2513 1423 2565 qui
1463 2513 1496 2551 sc
1531 2521 1665 2550 cautos
1701 2525 1744 2549 ac
1782 2510 1970 2564 sapientes
