2243 3008
574 231 652 286 33⁶
900 226 1585 268 EPISTOLARUM

572 341 704 370 autem
724 330 790 369 hic
811 329 954 375 laudat,
972 329 1076 382 quod
1099 327 1313 372 retulerim,
1336 341 1413 365 non
1435 327 1540 380 quod
1561 325 1826 380 patefecerim,
1845 327 1952 380 quod

570 397 798 436 cohortatus
820 396 904 441 sun,
927 395 1033 449 quod
1054 395 1221 446 denique
1242 403 1343 438 ante,
1367 406 1485 445 quam
1506 393 1762 439 consulerem,
1788 394 1867 446 ipse
1882 395 1952 445 ju-

570 463 806 501 dicaverim:
830 476 916 514 quae
936 461 1082 504 omnia,
1098 459 1190 510 quia
1207 459 1305 496 Cato
1325 458 1506 496 laudibus
1527 459 1718 497 extulerat
1738 460 1778 497 in
1795 459 1951 505 caelum,

571 527 921 582 perscribendaque
941 526 1166 569 censuerat;
1199 523 1346 560 idcirco
1367 524 1407 560 in
1428 525 1510 575 ejus
1532 523 1762 562 sententiam
1783 525 1834 562 est
1855 524 1954 563 facta

572 593 758 632 disceffio.
792 593 874 630 Hic
894 601 1025 629 autem
1047 590 1082 628 se
1101 590 1218 628 etiam
1241 588 1410 626 tribuere
1431 589 1604 627 multum
1626 589 1682 628 mi
1702 599 1828 643 putat,
1846 589 1953 643 quod

573 659 780 713 scripserit,
796 656 964 710 optimum
983 655 1169 707 cotfielem:
1191 655 1280 707 quis
1300 654 1406 691 enim
1422 655 1598 705 jejunius
1618 654 1720 693 dixit
1739 656 1951 694 inimicus?

572 724 638 763 Ad
669 734 804 762 caetera
834 735 924 759 vero
955 721 1029 758 tibi
1061 719 1396 773 quemadmodum
1416 719 1637 771 rescripsit?
1670 728 1823 758 tantum
1843 729 1954 773 rogat

573 791 621 828 de
641 787 997 828 senatus-consulto
1018 795 1061 825 ut
1082 786 1250 838 corrigas
1269 799 1280 823 τ
1311 785 1387 823 hoc
1407 785 1569 838 quidem
1589 783 1736 823 feciffet
1756 786 1903 824 etiamst
1933 799 1954 825 a

573 855 702 893 Ranio
722 853 945 892 admonitus
966 851 1070 890 esset.
1114 850 1187 889 Sed
1208 850 1290 889 haec
1311 850 1454 888 iterum
1475 849 1554 902 ipse
1576 850 1731 889 viderit.
1776 850 1838 888 De
1858 849 1954 889 hor-

573 921 640 965 tis,
670 919 857 972 quoniam
887 917 1042 970 probas,
1072 916 1182 954 effice
1210 915 1388 967 aliquid:
1421 916 1587 954 rationes
1619 929 1722 954 meas
1755 915 1868 954 nosti.
1914 916 1954 955 Si

572 999 663 1023 vero
682 985 800 1022 etiam
820 997 840 1022 a
861 983 1026 1021 Faberio
1047 981 1207 1026 recedit,
1239 980 1341 1019 nihil
1362 981 1511 1033 negotii
1532 981 1584 1020 est
1602 996 1610 1020 ε
1644 981 1706 1020 sed
1738 982 1856 1020 etiam
1877 981 1955 1020 sme

572 1065 619 1089 eo
640 1050 742 1103 poss‘e
762 1049 894 1087 videor
913 1047 1161 1087 contendere.
1194 1047 1360 1086 Venales
1381 1057 1483 1086 certe
1504 1047 1592 1086 sunt
1613 1047 1770 1092 Drusae3
1802 1047 1956 1086 fortass‘e

571 1126 611 1155 et
643 1115 823 1154 Lamiani
844 1124 882 1153 et
903 1114 1096 1153 Caffiani:
1128 1113 1192 1151 sed
1212 1127 1357 1152 coram.
1402 1114 1466 1153 De
1487 1115 1674 1152 Terentia
1702 1127 1780 1152 non
1802 1113 1955 1166 poffum

571 1181 820 1221 commodius
842 1179 1022 1225 scribere,
1053 1192 1171 1233 quam
1193 1188 1235 1217 tu
1256 1175 1406 1218 scribis.
1454 1180 1648 1218 Officium
1668 1179 1714 1218 fit
1742 1179 1856 1218 nobis
1883 1192 1954 1218 an-

571 1247 862 1301 tiquiffimum:
906 1246 932 1284 fi
968 1245 1064 1298 quid
1099 1259 1168 1284 nos
1203 1244 1403 1291 fefellerit,
1434 1245 1543 1284 illius
1577 1246 1682 1284 malo
1715 1259 1794 1291 me,
1835 1259 1955 1298 quam

572 1315 666 1359 mei,
697 1313 901 1366 poenitere.
945 1313 1057 1350 Oviae
1079 1313 1128 1349 C.
1151 1312 1276 1350 Lollii
1296 1311 1464 1350 curanda
1493 1312 1581 1350 sunt
1611 1312 1704 1350 H-s
1737 1325 1776 1350 c.
1823 1312 1956 1363 Negat

573 1381 672 1419 Eros
694 1378 796 1431 poffe
816 1379 894 1416 fine
914 1391 1005 1422 me;
1037 1376 1167 1422 credo,
1189 1377 1295 1429 quod
1315 1377 1541 1431 accipienda
1560 1377 1689 1429 aliqua
1708 1377 1753 1416 fit
1773 1386 1811 1415 et
1831 1376 1956 1415 danda

572 1445 788 1485 aestimatio.
827 1443 985 1481 Vellem
1006 1443 1079 1481 tibi
1101 1443 1253 1481 dixisset
1272 1459 1281 1482 :
1314 1444 1340 1482 fi
1361 1444 1467 1482 enim
1489 1457 1546 1481 res
1567 1443 1634 1488 est,
1667 1452 1711 1481 ut
1732 1442 1831 1481 mihi
1859 1443 1954 1481 scri-

574 1513 647 1557 bit,
679 1519 821 1564 parata,
853 1523 924 1548 nec
945 1509 986 1546 in
1007 1523 1053 1546 eo
1073 1508 1157 1560 ipso
1177 1509 1383 1553 mentitur,
1414 1522 1482 1561 per
1503 1518 1540 1546 te
1560 1507 1703 1546 confici
1724 1509 1855 1560 potuit
1873 1523 1882 1546 ε
1915 1507 1956 1547 id

570 1575 796 1629 cognoscas,
827 1583 865 1612 et
892 1573 1076 1612 conficias
1098 1573 1232 1611 velim.
1276 1573 1397 1624 Qiod
1426 1587 1488 1611 me
1518 1573 1558 1610 in
1586 1572 1717 1611 forum
1738 1586 1879 1619 vocas3
1911 1586 1957 1612 eo

569 1655 699 1686 vocas,
733 1640 849 1685 unde,
880 1640 998 1677 etiam
1028 1639 1142 1677 bonis
1175 1639 1271 1677 meis
1303 1639 1432 1685 rebus,
1463 1638 1691 1692 fugiebam:
1724 1638 1820 1692 quid
1848 1639 1956 1677 enim

571 1706 674 1747 mihi
694 1719 786 1744 cum
815 1703 902 1743 foro
929 1705 1006 1743 fine
1026 1704 1206 1757 judiciis,
1237 1705 1315 1743 fine
1345 1705 1479 1750 Curia,
1510 1705 1551 1742 in
1583 1704 1718 1743 oculos
1749 1704 1954 1742 incurren-

571 1773 678 1811 tibus
710 1772 774 1816 iis,
805 1784 904 1823 quos
926 1784 1036 1822 aequo
1058 1771 1190 1808 animo
1211 1770 1338 1809 videre
1361 1785 1437 1809 non
1459 1769 1610 1823 poffum
1629 1771 1642 1807 ?
1674 1769 1794 1821 Qod
1823 1779 1954 1808 autem

570 1837 753 1877 homines
786 1850 807 1874 a
835 1849 898 1874 me
927 1835 1118 1888 postulare
1149 1835 1300 1881 scribis,
1333 1844 1377 1874 ut
1409 1836 1546 1874 Romae
1579 1835 1663 1880 fim,
1695 1848 1821 1887 neque
1851 1834 1954 1873 mihi

571 1913 618 1944 ut
645 1902 767 1941 abslm
796 1898 1033 1945 concedere,'
1061 1910 1127 1939 aut
1158 1910 1350 1953 quatenus
1379 1915 1443 1939 eos
1474 1899 1575 1939 mihi
1604 1900 1842 1946 concedere;
1870 1901 1954 1952 jam

571 1968 725 2023 pridem
755 1966 967 2022 scitoneffe,
998 1980 1091 2004 cum
1127 1980 1251 2004 unum
1283 1975 1320 2004 te
1354 1967 1492 2019 pluris,
1524 1979 1642 2019 quam
1676 1980 1811 2005 omnes
1846 1966 1953 2012 illos,

572 2044 738 2088 putem:
784 2045 833 2071 ne
867 2045 929 2070 me
963 2031 1124 2085 quidem
1159 2040 1399 2077 contemno;
1443 2045 1610 2084 meoque
1639 2032 1792 2084 judicio
1827 2033 1955 2070 multo

571 2100 666 2139 stare
686 2098 805 2143 malo,
836 2110 955 2150 quam
975 2097 1156 2136 omnium
1180 2097 1436 2149 reliquorum.
1482 2098 1622 2150 Neque
1643 2107 1771 2135 tamen
1795 2112 1954 2150 progre-

571 2166 659 2204 dior
678 2163 852 2217 longius,
882 2176 1000 2215 quam
1022 2162 1123 2201 mihi
1144 2162 1349 2201 doffiffimi
1372 2162 1551 2201 homines
1572 2163 1820 2208 concedunt;
1852 2178 1954 2216 quo-

574 2245 662 2270 rum
684 2230 825 2281 script-1
843 2229 990 2274 omnia,
1020 2242 1266 2281 quaecunque
1296 2229 1384 2267 sunt
1416 2229 1453 2265 in
1484 2242 1568 2266 eam
1599 2229 1843 2273 sententiam,
1877 2243 1953 2267 non

575 2297 653 2350 legi
682 2295 824 2340 solum,
856 2295 962 2348 quod
992 2294 1120 2347 ipsum
1149 2305 1227 2333 erat
1259 2293 1370 2333 fortis
1401 2295 1550 2347 aegroti,
1582 2295 1755 2348 accipere
1786 2294 1953 2333 medici-

575 2376 665 2403 nam
684 2381 695 2408 ;
727 2361 790 2400 scd
811 2362 851 2400 in
873 2374 958 2400 mea
977 2361 1094 2400 ctiam
1118 2361 1257 2414 scripta
1279 2361 1453 2400 transtuli
1472 2380 1482 2405 ;
1514 2361 1620 2413 quod
1640 2371 1743 2400 certe
1765 2360 1895 2400 afflicti
1916 2371 1955 2399 ct

575 2429 685 2467 fracti
707 2427 828 2466 animi
849 2441 927 2465 non
950 2425 1040 2465 fuit.
1087 2427 1152 2466 Ab
1182 2427 1243 2466 his
1273 2441 1335 2467 me
1363 2426 1541 2466 remediis
1565 2427 1646 2467 noli
1675 2428 1715 2467 in
1738 2427 1847 2467 istam
1869 2436 1952 2467 tur-

574 2495 666 2535 bam
687 2506 836 2539 vocare,
866 2506 915 2533 ne
936 2492 1119 2532 recidam.
