2243 3008
547 251 622 305 278
872 244 1558 287 EPISTOLARUM

546 365 621 397 τες,
652 364 738 403 quae
758 349 910 389 fortasse
931 362 1007 388 non
1028 347 1180 391 debuit,
1213 345 1274 383 sed
1295 344 1463 384 fefellit:
1495 358 1629 398 pacem
1652 345 1784 399 putavi
1811 344 1920 391 fore;

548 431 635 469 quae
666 417 692 455 fi
727 415 830 460 effet,
861 415 1003 452 iratum
1039 411 1140 450 mihi
1175 410 1363 448 Caesarem
1396 410 1482 455 effe,
1513 424 1605 448 cum
1639 411 1744 450 idem
1775 412 1923 450 amicus

547 481 638 520 effet
673 481 876 533 Pompeio,
919 477 1056 516 nolui:
1099 475 1285 513 senseram
1319 475 1440 519 enim,
1482 488 1598 527 quam
1634 475 1755 514 iidem
1788 476 1922 515 effent.

549 548 643 586 Hoc
663 559 796 585 verens
817 546 858 583 in
879 543 980 582 hanc
1001 540 1222 580 tarditatem
1242 539 1379 577 incidi.
1425 539 1498 577 Sed
1528 540 1701 593 assequor
1720 543 1867 587 omnia,
1898 541 1924 581 st

547 626 742 667 propero;
773 612 800 650 si
832 611 1007 653 cunitor,
1037 607 1191 645 amitto.
1238 606 1292 643 Et
1323 614 1468 649 tamen,
1499 605 1556 643 mi
1587 608 1736 652 Attice,
1767 608 1927 660 auguria

548 691 708 732 quoque
728 689 790 715 me
811 676 976 713 incitant
997 672 1164 725 quadam
1186 671 1249 724 spe
1278 683 1356 708 non
1386 670 1518 715 dubia,
1549 683 1627 709 non
1656 670 1739 710 haec
1768 673 1927 725 collegii

550 744 668 783 nostri
700 743 746 780 ab
779 741 926 793 Appio,
957 738 1020 777 sed
1051 738 1120 776 illa
1152 737 1325 775 Platonis
1357 735 1404 774 de
1431 736 1618 787 tyrannis.
1665 737 1793 776 Nullo
1820 739 1928 776 enim

549 809 669 849 modo
688 807 791 860 poss‘e
810 806 923 844 video
943 805 1037 843 stare
1057 804 1174 842 istum
1202 802 1366 848 diutius,
1397 802 1495 854 quin
1522 801 1602 854 ipse
1630 816 1698 855 per
1728 802 1779 847 se,
1809 803 1928 843 etiam

549 874 827 928 languentibus
848 872 977 917 nobis,
998 869 1205 915 concidat,
1228 869 1375 922 quippe
1394 868 1463 921 qui
1483 867 1770 907 florentiffimus
1791 881 1834 907 ac
1855 883 1930 908 no-

550 955 620 980 vus
641 941 719 985 sex,
750 939 896 992 septem
917 938 1054 976 diebus
1075 936 1144 989 ipsi
1176 935 1238 973 illi
1257 934 1389 987 egenti
1418 947 1461 972 ac
1490 933 1649 987 perditae
1678 935 1930 974 multitudini

550 1007 591 1046 in
613 1005 750 1044 odium
769 1003 1056 1042 acerbiffimum
1075 1000 1223 1039 venerit
1238 1018 1251 1045 ς
1283 1000 1353 1052 qui
1373 998 1538 1037 duarum
1562 1012 1691 1038 rerum
1711 999 1928 1039 simulatio-

550 1085 643 1111 nem
664 1081 744 1110 tam
764 1070 845 1109 cito
865 1068 1049 1113 amiserit,
1079 1064 1388 1105 mansuetudinis
1417 1065 1459 1103 in
1489 1065 1672 1111 Metello,
1704 1065 1930 1104 divitiarum

550 1138 592 1177 in
613 1126 758 1176 aerario.
788 1137 877 1188 Jam
897 1135 1041 1188 quibus
1062 1141 1194 1172 utatur
1212 1132 1273 1170 vel
1294 1131 1422 1176 sociis,
1439 1131 1500 1169 vel
1521 1130 1722 1176 ministris,
1741 1131 1766 1170 fi
1787 1132 1814 1170 ii
1836 1145 1928 1185 pro-

551 1204 713 1249 vincias,
743 1203 770 1241 fi
800 1200 1122 1255 Rempublicam‚
1153 1206 1302 1250 regent,
1332 1210 1502 1249 quorum
1524 1210 1640 1235 nemo
1659 1197 1756 1235 duos
1782 1197 1930 1237 menses

552 1269 683 1323 potuit
703 1267 986 1322 patrimonium
1008 1265 1119 1303 suum
1139 1263 1353 1316 gubernare
1372 1263 1385 1299 ?
1417 1262 1512 1301 Non
1542 1261 1631 1301 sunt
1654 1263 1787 1301 omnia
1812 1263 1930 1301 colli-

553 1335 677 1388 genda
692 1354 704 1381 ;
736 1348 822 1387 quae
852 1343 895 1372 tu
914 1331 1129 1370 acutiffime
1149 1328 1361 1382 perspicis:
1393 1327 1455 1365 sed
1486 1337 1615 1366 tamen
1642 1342 1684 1366 ea
1714 1342 1815 1382 pone
1843 1338 1931 1367 ante

552 1401 712 1445 ocu10s;
730 1401 813 1453 jam
834 1398 1030 1450 intelliges
1051 1396 1092 1435 id
1112 1408 1276 1448 regnum
1298 1394 1362 1432 vix
1384 1393 1558 1432 semestre
1578 1394 1649 1432 effe
1670 1394 1786 1447 posse.
1810 1394 1931 1446 Qiod

553 1467 579 1506 fi
601 1480 664 1506 me
683 1465 884 1510 fefellerit,
913 1463 1051 1508 feram,
1082 1462 1179 1500 ficut
1199 1460 1318 1499 multi
1337 1459 1532 1497 clariffimi
1553 1459 1749 1505 homines,
1780 1460 1820 1498 in
1848 1461 1931 1499 Re-

553 1532 714 1586 publica
732 1530 982 1581 excellentes,
1004 1527 1203 1566 tulerunt:
1226 1524 1297 1563 nifi
1317 1522 1418 1562 forte
1440 1538 1502 1562 me
1523 1524 1767 1578 Sardanapali
1787 1525 1870 1563 vice
1890 1525 1933 1563 in

554 1598 622 1637 suo
642 1597 786 1636 lectulo
806 1597 906 1634 mori
936 1593 1053 1633 malle
1081 1591 1289 1636 censueris,
1320 1603 1439 1643 quam
1468 1591 1588 1630 exilio
1608 1590 1931 1631 Themistocleo:

553 1665 629 1717 qui'
650 1677 743 1702 cum
769 1661 912 1707 fuisset,
945 1669 988 1699 ut
1017 1659 1070 1697 ait
1089 1655 1361 1709 Thucydides,
1391 1651 1451 1691 τῶν
1466 1649 1527 1704 μὶν
1543 1652 1695 1704 παρόντων
1714 1653 1756 1690 δι’
1772 1653 1933 1701 &axis-‚55

551 1727 657 1773 βελῆς
680 1726 832 1779 ›epulus-05
849 1725 988 1775 γνώμων,
1016 1721 1075 1761 τῶν
1092 1716 1125 1761 δῖ
1142 1720 1314 1773 μελλόντων
1333 1718 1385 1758 ἐπὶ
1405 1719 1537 1760 πλεῖς-ον
1555 1717 1598 1756 ri
1620 1717 1809 1770 γενησομὲνκ
1827 1719 1933 1770 ἔρις-ις

554 1791 699 1837 dms-315,
730 1802 858 1832 tamen
880 1791 1021 1830 incidit
1050 1791 1091 1829 in
1121 1802 1184 1828 eos
1206 1787 1328 1833 casus,
1359 1799 1458 1840 quos
1479 1786 1640 1831 vitaffet,
1672 1786 1697 1824 fi
1718 1799 1808 1824 eum
1831 1785 1932 1825 nihil

556 1858 765 1898 fefellisset.
799 1858 879 1897 Etsi
901 1858 933 1896 is
953 1866 1031 1895 erat
1055 1858 1118 1910 (ut
1146 1855 1199 1893 ait
1228 1853 1352 1905 idem)
1383 1853 1453 1905 qui
1483 1849 1518 1886 τὶ
1537 1850 1660 1900 ἄμεινον
1680 1865 1707 1905 ’57
1726 1850 1761 1886 τὶ
1783 1849 1880 1904 χεῖρον
1900 1853 1935 1888 ἐν

555 1921 602 1976 τῷ
619 1921 740 1971 &paug
759 1919 803 1958 ἔτι
821 1920 966 1973 πεφεώμι
984 1922 1150 1970 μέλις-εκ
1182 1930 1312 1959 tamen
1344 1933 1422 1957 non
1454 1917 1566 1963 vidit,
1600 1931 1669 1955 nec
1701 1930 1780 1969 quo
1814 1917 1934 1955 modo

556 1987 961 2031 Lacedaemoniorum,
993 1999 1063 2024 nec
1095 1998 1176 2037 quo
1207 1984 1326 2024 modo
1359 1984 1517 2022 suorum
1551 1983 1714 2027 civium,
1746 1982 1934 2021 invidiam

556 2053 760 2106 effugeret,
793 2065 862 2091 nec
883 2051 980 2105 quid
1001 2051 1207 2090 Artaxerxi
1229 2050 1492 2103 polliceretur.
1533 2049 1627 2088 Non
1655 2047 1782 2087 fuiffct
1803 2058 1840 2086 et
1869 2049 1936 2086 illa

559 2133 637 2159 nox
665 2129 743 2158 tam
772 2117 908 2157 acerba
936 2116 1138 2162 Africano,
1171 2116 1444 2170 sapientissimo
1476 2115 1573 2160 viro,
1606 2128 1681 2152 non
1717 2124 1795 2153 tam
1827 2114 1934 2153 dirus

558 2185 626 2223 ille
646 2184 727 2223 dies
755 2184 932 2236 Syllanus
959 2182 1207 2222 callidislimo
1227 2183 1310 2221 viro
1340 2183 1388 2221 C.
1412 2181 1557 2225 Mario,
1588 2180 1613 2218 fi
1647 2179 1747 2218 nihil
1778 2190 1933 2218 utrum-

558 2265 635 2304 que
653 2264 789 2289 eorum
810 2249 1019 2288 fefellisset.
1067 2249 1152 2289 Nos
1174 2258 1302 2288 tamen
1324 2247 1399 2287 hoc
1420 2246 1697 2285 confirmamus
1719 2247 1789 2284 illo
1809 2259 1934 2299 augu-

559 2317 631 2360 rio,
662 2329 742 2368 quo
762 2316 964 2362 diximus,
997 2327 1066 2354 nec
1089 2329 1158 2354 nos
1179 2313 1296 2360 fallit,
1329 2327 1398 2353 nec
1429 2313 1538 2351 aliter
1559 2311 1722 2351 accidet.
1769 2314 1936 2351 Corruat

560 2381 628 2420 istc
650 2380 792 2420 necess‘c
813 2381 880 2425 cst,
910 2390 976 2420 aut
1007 2394 1073 2433 per
1093 2380 1338 2426 adversarios,
1368 2389 1434 2418 aut
1464 2379 1541 2431 ipse
1569 2391 1634 2431 per
1664 2377 1713 2422 sc,
1744 2377 1814 2430 qui
1843 2378 1935 2430 qui-

560 2448 650 2486 dem
672 2447 741 2487 fibi
761 2447 814 2486 est
833 2446 1065 2486 adversarius
1088 2460 1187 2486 unus
1219 2446 1442 2486 acerrimus.
1490 2445 1534 2484 1d
1562 2444 1670 2497 spero
1696 2444 1793 2482 vivis
1823 2443 1935 2482 nobis

560 2512 658 2555 fore.
700 2513 940 2569 Qanquam
965 2522 1120 2568 tempus
1146 2512 1199 2554 est
1220 2527 1289 2553 nos
1311 2512 1357 2552 de
1377 2511 1444 2551 illa
1463 2520 1648 2565 perpetua
1662 2511 1760 2562 jam,
1792 2521 1869 2548 non
1889 2507 1937 2547 de
