2243 3008
572 195 654 234 280
918 193 1605 234 EPISTOLARUM

575 293 672 333 nobis
675 293 782 345 fias;
813 291 937 346 quibus
954 293 1146 333 mehercule
1164 293 1322 346 dignitas
1346 293 1604 346 amplitudoque
1632 301 1700 332 tua
1720 300 1811 347 pene
1835 291 1956 333 carior

576 359 636 412 est,
666 372 772 412 quam
801 359 871 398 tibi
894 359 969 413 ipst.
1015 359 1087 399 Sed
1112 368 1230 399 tamen
1259 373 1327 398 non
1331 361 1420 411 sum
1436 359 1643 398 arbitratus
1661 359 1721 412 effi
1738 359 1856 405 amici,
1884 373 1954 398 non

577 424 790 465 commoveri
803 425 909 464 etiam
927 424 1162 479 improborum
1166 427 1331 476 strmone
1347 442 1359 469 ;
1387 434 1496 479 atque
1515 425 1842 478 eofecistudiostus,
1868 423 1962 478 quod

566 491 774 546 judicabam
803 491 962 531 duriores
980 500 1110 546 partes
1134 491 1223 529 mihi
1245 491 1420 543 impositas
1452 491 1513 544 effi³
1543 491 1590 531 ab
1618 492 1797 546 fftfione
1823 491 1955 544 nostra.

579 570 660 612 quae*
678 557 789 610 magis
806 571 832 596 a
859 553 1039 608 ζηλοτυπίᾳ
1071 571 1161 602 mea,
1190 569 1295 609 quam
1328 555 1376 594 ab
1405 555 1540 607 injuria
1565 565 1646 603 tua,
1675 567 1766 596 nata
1793 557 1853 610 ell-
1898 556 1959 596 Sic

578 623 671 661 enim
688 622 766 660 volo
785 630 822 660 te
839 620 910 661 tibi
917 621 1144 674 persuadere,
1173 620 1264 660 mihi
1285 620 1452 660 neminem
1470 620 1531 673 ψ
1547 623 1721 661 cariorem
1739 631 1789 668 te,
1818 630 1960 675 excepto

580 688 724 740 casare
751 701 850 732 meo;
880 700 999 739 meque
1026 686 1118 726 illud
1137 700 1209 726 una
1225 685 1406 738 judicare,
1438 687 1614 740 Caesarem
1645 687 1793 727 masdme
1821 688 1859 726 in
1876 687 1962 740 suis

578 754 644 793 M.
666 753 866 792 Ciceronem
885 760 1065 805 reponere.
1108 754 1246 805 Quare,
1275 752 1326 791 mi
1349 752 1487 797 Cicero,
1516 761 1553 792 te
1571 766 1669 805 rogo,
1698 761 1741 791 ut
1760 751 1830 791 tibi
1845 752 1962 791 omnia

580 817 726 870 integra
729 819 862 870 serves
876 833 890 856 ,-
919 818 991 869 ejus
995 818 1108 870 fidem
1126 817 1311 871 improbes,
1341 818 1406 871 qui
1431 817 1511 863 tibi,
1542 827 1585 857 ut
1611 817 1811 869 beneficium
1839 816 1960 862 daret,

573 883 683 938 prius
715 882 884 936 injuriam
901 883 1002 934 fecit
1017 899 1031 921 :
1060 891 1189 922 contra
1207 897 1295 937 ‘eum
1320 897 1363 922 ne
1388 883 1594 938 profugias,
1624 883 1689 936 qui
1718 893 1768 929 te,
1798 882 1863 933 effi
1893 896 1963 921 non

579 947 729 993 amabit,
748 947 870 1004 (quod
882 947 1041 988 accidere
1058 963 1126 988 non
1136 946 1275 1002 potest)
1291 957 1409 988 tamen
1412 949 1565 1002 salvum
1583 949 1889 1003 ampliffimumque
1901 946 1964 1000 ff

580 1015 713 1068 cupiet.
759 1013 901 1054 Dedita
929 1023 1036 1068 opera
1069 1015 1122 1054 ad
1145 1025 1182 1055 te
1211 1015 1464 1070 Calpurnium,
1487 1015 1679 1069 familiari
1746 1029 1805 1055 um
1836 1028 1961 1058 meum,

580 1079 659 1132 mist
669 1098 682 1125 ς
712 1088 755 1118 ut
773 1079 863 1118 mihi
877 1093 1018 1134 magnae
1035 1095 1134 1121 curae
1152 1091 1254 1121 tuam
1272 1081 1390 1121 vitam
1406 1095 1452 1121 ac
1468 1081 1680 1136 dignitatem
1697 1080 1758 1135 ‘ff'
1763 1080 1895 1134 scires.

637 1145 792 1186 Eodem
810 1145 874 1185 die
894 1159 916 1185 a
929 1146 1077 1187 Caesare
1092 1147 1334 1188 Philotimus
1354 1148 1484 1188 literas
1505 1148 1655 1195 attulit,
1671 1147 1748 1187 hoc
1763 1145 1962 1200 exemplo.

780 1348 989 1387 CaesAR
1033 1347 1159 1388 IMP.
1202 1348 1507 1388 cmx-:nom
1551 1350 1677 1388 IMP.
1723 1349 1764 1387 S.

584 1476 659 1552 E
672 1473 745 1515 ‘I'S
759 1477 787 1515 I
808 1485 845 1515 te
862 1476 956 1515 nihil
968 1486 1111 1520 temere,
1141 1475 1236 1515 nibil
1249 1476 1508 1529 imprudenter,
1524 1476 1722 1528 saeflurum
1728 1474 1938 1527 judicaram
1955 1492 1967 1519 ς

688 1550 807 1581 tamen
829 1550 1011 1595 permotus
1041 1540 1218 1580 hominum
1232 1543 1360 1593 fama,
1376 1540 1606 1595 scribendum
1625 1540 1676 1580 ad
1698 1551 1736 1579 te
1753 1540 1967 1594 existimavi,

584 1617 622 1648 et
635 1617 705 1662 pro
724 1606 841 1658 nestra
859 1606 1101 1647 benevolentia
1113 1606 1318 1660 petendum,
1348 1621 1392 1645 ne
1409 1620 1476 1660 quo
1499 1606 1768 1660 progredereris
1779 1605 1969 1660 proclina-

585 1675 717 1727 tojam
735 1687 789 1719 re,
819 1687 891 1727 qua
922 1674 1067 1727 integra
1094 1672 1203 1712 etiam
1220 1672 1517 1727 progrediendum
1546 1673 1617 1712 tibi
1644 1687 1712 1712 non
1740 1670 1968 1724 exfiimqffes.

586 1741 754 1793 Namque
788 1748 825 1778 et
856 1739 1025 1778 amicitia»
1050 1739 1261 1792 graviorem
1290 1739 1459 1791 injuriam
1475 1738 1616 1790 ficet-is
1629 1756 1642 1782 ς
1686 1747 1721 1777 et
1756 1737 1828 1776 tibi
1855 1737 1971 1775 nunus

587 1805 755 1845 commode
787 1805 1010 1857 cotfiaelueris‚
1025 1806 1069 1855 si
1096 1819 1163 1843 non
1182 1805 1356 1856 fortuna
1387 1803 1565 1858 obstcutus
1595 1803 1785 1847 videbere;
1829 1802 1972 1857 (omnia

587 1872 678 1912 enim
696 1871 941 1924 stcundfffima
974 1870 1084 1916 nobis,
1124 1870 1358 1922 adverfffma
1390 1870 1458 1909 illis
1487 1869 1641 1923 accidiffe
1672 1869 1871 1922 videntur)
1908 1882 1971 1908 nec

588 1938 727 1989 causam
732 1937 880 1988 secutus
898 1953 909 1980 ς
941 1935 1083 1991 (eadem
1107 1936 1196 1974 enim
1226 1946 1302 1974 tum
1305 1936 1406 1988 fuit,
1437 1950 1515 1974 cum
1536 1934 1582 1974 ab
1601 1949 1718 1974 eorum
1738 1934 1882 1986 cotfiliis
1901 1933 1969 1972 ab·

589 2001 650 2056 ff
667 1999 863 2053 judicasti)
883 2000 957 2053 fid
985 2014 1096 2039 meum
1126 2000 1269 2054 aliquod
1279 2001 1431 2052 fabium
1463 1999 1763 2052 condemnavfffi;
1795 2013 1861 2052 quo
1887 1998 1977 2037 mihi

585 2067 744 2122 gravius
759 2065 822 2105 abs
842 2075 878 2105 te
896 2067 952 2105 nil
964 2066 1121 2106 accidere
1133 2066 1259 2120 potest.
1306 2065 1409 2118 Qtod
1433 2080 1475 2104 ne
1490 2066 1631 2117 jacias,
1657 2075 1727 2118 pro
1741 2065 1829 2117 jurc
1850 2064 1975 2116 nostrae

590 2133 760 2173 amicitiae
778 2147 802 2171 a
821 2141 856 2171 te
869 2141 967 2186 peto.
999 2132 1189 2185 Postremo,
1210 2132 1298 2187 quid
1312 2133 1394 2171 viro
1417 2132 1501 2171 bono
1521 2141 1556 2170 et
1576 2133 1706 2186 quieto,
1727 2141 1761 2170 et
1782 2131 1866 2169 bono
1885 2130 1973 2174 civi,

595 2199 708 2252 magis
725 2197 905 2243 convenit,
925 2211 1031 2252 quam
1050 2197 1157 2252 abqffi'
1174 2214 1198 2238 a
1215 2198 1379 2237 civilibus
1398 2197 1644 2250 controversiis
1661 2197 1681 2235 ἓ
1711 2195 1805 2249 quod
1819 2194 1979 2234 nonnulli

593 2279 672 2304 cum
686 2263 898 2318 probarent,
927 2263 1084 2317 periculi
1099 2264 1319 2317 cauſszstqui
1345 2278 1412 2303 non
1433 2271 1646 2317 potuerunt.
1694 2259 1764 2305 Tu,
1795 2260 1977 2313 explorato

595 2340 631 2371 et
650 2330 742 2370 vitae
760 2343 844 2369 meae
863 2329 1063 2383 testimonio,
1092 2338 1127 2369 et
1146 2329 1468 2382 amicitiaejudicio‚
1499 2343 1607 2382 neque
1625 2327 1754 2372 tutius,
1782 2340 1890 2380 neque
1909 2325 1975 2364 ho-

595 2396 734 2449 nestius,
763 2397 914 2449 reperies
934 2396 1136 2450 quidquam,
1166 2410 1271 2452 quam
1301 2396 1347 2437 ab
1365 2396 1459 2437 omni
1482 2394 1701 2435 contentione
1727 2391 1849 2446 abeffe.
1881 2391 1983 2432 XVI

596 2463 687 2505 Kal.
708 2462 807 2504 Mai.
828 2477 872 2503 ex
889 2462 1029 2503 itinere.
