2243 3008
501 215 609 254 AD
667 210 1096 252 ATTICUM
1164 212 1452 254 LIB.VII.
1598 228 1674 268 ¹73

286 327 405 360 meo;
442 326 536 353 cum
568 314 601 352 is
635 311 1068 351 honorificentiffimam
1102 311 1143 349 in
1180 325 1243 350 me
1284 312 1516 352 sententiam
1551 313 1675 352 dixis-

287 380 364 426 set;
388 392 459 417 nec
474 392 538 417 me
557 378 605 416 ad
625 377 661 416 se
677 377 777 415 ullas
797 376 929 414 literas
949 375 1102 421 mislffe,
1119 389 1213 414 cum
1233 377 1279 414 ad
1300 391 1435 416 omnes
1456 379 1673 418 mitterem.

286 445 438 483 Verum
457 444 613 482 dicebat
631 457 640 481 ε
672 442 719 481 ad
743 455 835 480 eum
855 442 963 480 enim
984 441 1127 487 solum,
1159 451 1197 480 et
1217 442 1264 480 ad
1286 443 1563 495 Craffipedem,
1595 457 1677 482 non

287 508 527 561 scripseram.
572 509 709 560 Atque
737 506 821 546 haee
856 507 904 545 de
938 506 1053 545 rebus
1087 506 1333 546 forenfibus:
1367 508 1566 546 redeamus
1601 509 1675 546 do-

285 587 415 613 mum.
462 575 682 627 Dijungere
702 587 767 612 me
786 573 834 612 ab
855 573 927 612 illo
947 573 1054 612 volo.
1098 573 1231 612 Mirus
1261 573 1315 613 est
1338 571 1492 623 φυράτης,
1520 586 1676 625 germa-

286 653 361 678 nus
383 640 599 686 Lartidius,

424 701 530 740 ’Λλλιὶ
546 701 591 740 rb.
607 695 667 752 μὶν
685 699 903 754 προπτύχθυᾳ
921 699 1059 752 ἐάσομεν,
1086 701 1259 752 ἀχνύμενοί
1271 717 1341 755 mg.

288 769 461 822 Reliqua
480 768 748 822 expediamus.
793 769 887 806 Hoc
916 768 1107 821 primum,
1138 781 1218 821 quo
1247 767 1400 806 acceffit
1431 781 1523 807 cura
1551 769 1681 808 dolori

288 849 392 880 meo,
423 835 487 873 sed
507 834 584 873 hoc
605 843 750 880 tamen,
781 833 978 887 quidquid
997 833 1065 880 est,
1096 834 1341 872 Praecianum
1369 846 1464 872 cum
1488 834 1536 873 iis
1556 836 1680 873 ratio-

290 900 423 945 nibus,
455 913 550 953 quas
571 899 638 938 ille
659 912 763 938 meas
784 899 937 944 tractat,
965 898 1170 937 admisceri
1190 898 1300 937 nolo..
1346 899 1486 951 Scripsi
1516 899 1563 937 ad
1593 901 1677 938 Te-

292 965 474 1010 rentiam,
505 964 634 1017 scripfi
665 965 784 1003 etiam
813 963 860 1002 ad
889 964 1033 1017 ipsum,
1064 978 1144 1010 me,
1173 963 1370 1016 quidquid
1389 964 1536 1016 pofl‘em
1557 978 1678 1017 num-

288 1044 463 1077 morum,
495 1031 542 1068 ad
561 1039 789 1083 apparatum
810 1029 948 1082 sperati
970 1029 1165 1082 triumphi
1185 1029 1233 1067 ad
1253 1038 1291 1068 te
1311 1029 1572 1069 redacturum.
1605 1030 1680 1069 Ista

289 1105 390 1149 puto
419 1090 581 1145 ἄμεμνὲἶω
611 1094 710 1134 fore.
754 1096 904 1134 Verum
925 1104 971 1134 ut
998 1096 1167 1134 lubebit.
1214 1095 1331 1133 Hanc
1351 1109 1510 1148 quoque
1530 1096 1682 1149 suscipe

291 1173 441 1205 curam,
472 1158 810 1212 quemadmodum
830 1160 1092 1212 experiamur.
1136 1160 1183 1198 Id
1214 1169 1253 1197 et
1283 1159 1481 1198 ostendisti
1513 1161 1681 1213 quibus-

291 1225 382 1264 dam
402 1224 542 1271 literis,
572 1237 621 1264 ex
648 1224 772 1278 Epiro
798 1237 847 1264 an
867 1223 1039 1264 Athenis
1071 1225 1186 1270 datis,
1217 1233 1256 1263 et
1287 1225 1328 1263 in
1359 1238 1405 1264 eo
1436 1238 1509 1278 ego
1541 1235 1579 1265 te
1609 1226 1683 1264 acl-

286 1289 452 1344 juvabo.

614 1495 648 1533 C
686 1505 875 1533 ICERO
917 1495 1172 1533 Ara-100
1213 1495 1346 1534 SAL.

294 1622 350 1661 Π.
374 1621 436 1695 Β
449 1621 487 1660 R
501 1621 539 1659 U
554 1622 596 1661 N
611 1622 649 1660 D
663 1622 701 1660 U
717 1622 739 1660 S
754 1623 772 1660 I
787 1623 826 1660 U
841 1622 890 1660 M
920 1622 1099 1661 venimus
1122 1636 1187 1661 v11
1212 1621 1379 1661 Kalend.
1407 1621 1603 1662 Decemb.
1625 1622 1685 1661 usi

468 1697 534 1725 tua
553 1686 743 1725 felicitate
764 1687 997 1740 navigandi;
1029 1689 1083 1726 ita
1104 1688 1205 1726 belle
1226 1688 1340 1726 nobis
1361 1686 1468 1726 flavit
1488 1687 1535 1725 ab
1557 1689 1685 1740 Epiro

293 1752 511 1792 leniffimus
547 1752 841 1792 Onchesmites.
892 1754 1016 1791 Hunc
1049 1746 1286 1804 πονὸαοίζεῦἶω,
1323 1753 1350 1791 fi
1382 1753 1448 1791 cui
1478 1753 1585 1791 voles
1623 1746 1684 1787 τῶν

295 1815 449 1868 νεωτέρων,
478 1831 550 1871 pro
570 1826 639 1856 tuo
659 1818 834 1856 vendito.
881 1817 1112 1856 Invaletudo
1143 1826 1208 1855 tua
1228 1831 1290 1856 me
1310 1817 1421 1856 valde
1441 1818 1651 1857 conturbat
1666 1836 1687 1863 3

295 1882 515 1936 significant
535 1883 642 1921 enirn
667 1892 742 1922 tuae
774 1884 894 1922 literae
927 1892 965 1921 te
995 1882 1150 1936 prorsus
1181 1882 1369 1922 laborare.
1415 1884 1504 1936 Ego
1534 1892 1688 1928 autem,.

296 1962 389 1987 cum
409 1948 528 1987 sciam
548 1962 667 2002 quam
688 1949 734 1988 fis
755 1948 884 1995 fortis,
901 1948 1172 1988 vehementius
1193 1948 1265 1987 effe
1286 1948 1475 2002 quiddam
1495 1948 1686 2002 suspicor,

296 2013 403 2067 quod
424 2023 462 2053 te
492 2023 606 2066 cogat
636 2015 785 2061 cedere,
816 2025 855 2053 et
877 2014 1165 2068 propemodum
1185 2013 1375 2067 infringat
1394 2029 1403 2053 :
1434 2014 1501 2052 etfi
1522 2014 1689 2053 alteram

297 2088 526 2133 quartanam
546 2079 779 2133 Pamphilus
802 2090 892 2118 tuus
914 2080 1016 2118 mihi
1037 2081 1138 2118 dixit
1159 2079 1365 2125 deceffiffe,
1384 2089 1423 2117 et
1442 2079 1602 2118 alteram
1623 2079 1682 2117 le-

295 2145 445 2184 viorem
465 2146 659 2184 accedere.
706 2147 894 2185 Terentia
913 2160 1020 2192 vero,
1050 2160 1136 2199 quae
1166 2146 1329 2199 quidem
1359 2145 1497 2184 eodem
1525 2154 1684 2197 tempo-

298 2223 337 2249 re
357 2211 404 2249 ad
423 2221 578 2264 portam
599 2212 887 2250 Brundusinam
916 2213 1038 2258 venit,
1071 2225 1151 2265 quo
1180 2226 1253 2264 ego
1282 2212 1326 2250 in
1350 2221 1526 2264 portum,
1557 2210 1683 2248 mihi-

300 2288 376 2326 que
395 2275 510 2314 obvia
529 2277 572 2314 in
591 2276 678 2315 foro
698 2277 791 2323 fuit,
823 2279 873 2316 L.
898 2277 1088 2316 Pontium
1117 2276 1189 2314 fibi
1218 2278 1259 2314 in
1289 2275 1518 2315 Trebulano
1547 2274 1683 2313 dixisse

302 2340 492 2386 narrabat,
522 2342 640 2380 etiam
660 2356 746 2382 eam
766 2342 970 2382 deceffiffe.
1002 2342 1123 2395 Qod
1144 2342 1170 2380 fi
1191 2343 1245 2380 ita
1263 2341 1331 2387 est,
1353 2340 1407 2379 est
1427 2341 1534 2394 quod
1555 2341 1684 2379 maxi-

301 2417 364 2442 me
383 2404 606 2445 mehercule
626 2417 721 2461 opto
737 2428 749 2455 ;
781 2409 902 2462 idque
931 2409 1040 2462 spero
1071 2417 1139 2448 tua
1165 2407 1374 2461 prudentia
1393 2416 1432 2446 et
1459 2417 1686 2460 temperan-

302 2470 355 2509 tia
376 2478 412 2510 te
432 2470 704 2513 consecutum..
732 2475 861 2515 Venio
881 2474 928 2515 ad
948 2474 1125 2529 epistolas
1148 2484 1247 2522 tuas,
1278 2485 1373 2529 quas
1394 2487 1466 2527 ego
1487 2472 1691 2512 sexcentas,
