2243 3008
503 208 580 260 384
847 200 1529 241 EPISTOLARUM

501 304 678 358 quadret,
701 302 740 340 in
762 300 968 355 praefectis,
985 315 1032 339 an
1052 301 1093 338 in
1113 299 1478 344 contubernalibus,
1495 298 1630 344 fuerit,
1651 298 1770 337 modo
1789 297 1878 337 fue-

502 371 552 409 rit
575 371 613 407 in
635 382 680 406 eo
701 368 820 406 bello.
854 368 916 406 De
933 367 1104 404 Varrone
1125 365 1409 417 loquebamur;
1432 365 1548 416 lupus
1570 365 1609 402 in
1632 363 1776 402 fabula.
1796 364 1877 402 Ve-

501 436 560 474 nit
581 435 687 473 enim
707 433 753 470 ad
774 446 851 477 me,
882 440 920 469 et
949 431 1109 484 quidem
1136 430 1175 467 id
1206 430 1409 480 temporis,
1442 439 1484 466 ut
1516 429 1740 467 retinendus
1772 429 1876 467 esset.

502 500 574 538 Sed
605 513 678 552 ego
710 499 764 536 ita
794 498 871 549 egi,
904 507 947 534 ut
979 509 1057 533 non
1089 494 1303 532 scinderem
1329 494 1544 545 penul-anu
1577 494 1743 532 memini
1771 494 1880 532 enim

502 574 644 603 tuum:
677 562 853 601 etmulti
885 570 1007 604 erant,
1040 558 1186 610 nosque
1216 557 1412 609 imparati.
1445 557 1553 608 Qid
1583 557 1730 596 refert?
1761 559 1879 610 paulo

499 630 584 683 post
606 630 654 668 C.
679 628 821 680 Capito
842 640 933 664 cum
954 627 1007 663 T.
1032 620 1253 662 Carrinate:
1276 621 1419 660 horum
1440 634 1513 673 ego
1534 621 1598 660 vix
1619 623 1730 674 attigi
1752 636 1877 674 penu-

500 695 606 740 lam3
640 704 769 732 tamen
800 690 1091 734 remanserunt3
1123 688 1344 739 ceciditque
1374 686 1490 725 belle.
1537 686 1609 724 Sed
1637 686 1724 724 casu
1757 687 1881 725 sermo

499 773 519 797 a
541 759 733 810 Capitone
754 756 799 794 de
821 756 916 802 urbe
936 753 1124 806 augenda,
1170 755 1206 790 A
1237 762 1356 804 ponte
1386 750 1546 789 Mulvio
1576 750 1758 789 Tiberim
1788 750 1881 794 duci

499 823 713 862 secundum
734 830 887 859 montes
910 820 1147 862 Vaticanos;
1179 830 1365 868 campum
1395 816 1590 853 Martium
1620 815 1878 859 coaedificari;

499 890 615 928 illum
632 897 762 925 autem
777 899 963 939 campum
977 885 1213 921 Vaticanum
1230 881 1327 926 fieri,
1345 881 1449 934 quafi
1467 882 1662 919 Martium
1677 894 1879 934 campum.

500 955 610 1006 Qid
634 954 720 991 ais?
753 953 943 1005 inquam;
975 960 1013 987 at
1044 963 1117 1002 ego
1145 948 1192 986 ad
1220 947 1409 992 tabulam,
1443 957 1500 992 ut,
1532 947 1557 985 fi
1588 948 1687 985 recte
1717 947 1878 999 pofl‘em,

500 1019 734 1072 Scapulanos
756 1017 905 1055 hortos.
946 1017 1049 1054 Cave
1070 1014 1202 1072 facias,
1234 1013 1394 1066 inquit;
1427 1026 1517 1050 nam
1538 1012 1606 1050 ista
1625 1012 1688 1050 lex
1709 1011 1880 1064 perfere-

499 1097 562 1125 tur
580 1101 590 1124 :
614 1085 699 1124 vult
718 1084 825 1122 enim
846 1082 984 1121 Caesar.
1030 1080 1179 1119 Audire
1199 1093 1263 1117 me
1281 1078 1398 1117 facile
1418 1078 1541 1132 paffus
1562 1078 1675 1123 sum5
1708 1078 1791 1116 fieri
1810 1091 1881 1116 au-

498 1162 579 1190 tem
610 1149 771 1188 moleste
801 1147 898 1186 fero.
945 1147 1019 1185 Sed
1048 1156 1091 1185 tu
1120 1145 1217 1198 quid
1237 1145 1323 1183 ais?
1355 1157 1580 1196 quanquam
1601 1143 1697 1196 quid
1718 1144 1880 1196 quaero?

497 1216 598 1256 nosti
618 1215 865 1268 diligentiam
887 1213 1092 1266 Capitonis
1122 1213 1163 1249 in
1185 1211 1299 1249 rebus
1330 1211 1441 1248 novis
1470 1209 1740 1263 perquirendis
1757 1228 1770 1255 ς
1802 1223 1881 1247 non

499 1282 682 1322 concedit
703 1281 891 1319 Camillo.
938 1279 1073 1317 Facies
1093 1291 1157 1317 me
1177 1277 1299 1329 igitur
1319 1277 1527 1315 certiorem
1547 1275 1594 1313 de
1616 1275 1752 1314 Idibus
1771 1290 1780 1312 ε
1813 1275 1882 1313 ista

496 1349 606 1387 enim
627 1361 690 1385 me
710 1360 768 1385 res
789 1345 1019 1383 adducebat.
1060 1345 1122 1382 Eo
1141 1343 1393 1394 adjunxeram
1414 1351 1567 1380 caeteras
1584 1359 1596 1386 ;
1629 1354 1723 1393 quas
1744 1340 1881 1378 conse-

497 1415 566 1467 qui
589 1422 719 1451 tamen
740 1410 877 1455 biduo,
907 1419 974 1447 aut
994 1408 1140 1453 triduo,
1172 1407 1256 1459 post
1275 1405 1391 1444 facile
1410 1416 1561 1458 potero.
1603 1406 1664 1443 Te
1690 1415 1819 1443 tamen
1840 1406 1883 1443 in

497 1480 560 1518 via
580 1477 723 1516 confici
752 1476 918 1514 minime
938 1474 1043 1512 volo.
1087 1473 1198 1523 Qin
1227 1472 1346 1509 etiam
1377 1470 1567 1521 Dionysio
1599 1469 1773 1521 ignosco.
1821 1470 1883 1508 De

498 1546 622 1584 Bruto
642 1542 748 1595 quod
770 1541 920 1585 scribis,
952 1538 1029 1577 feci
1050 1548 1095 1576 ut
1114 1538 1149 1575 ei
1170 1536 1340 1574 liberum
1361 1536 1466 1580 effet,
1497 1534 1604 1587 quod
1631 1534 1677 1572 ad
1705 1547 1768 1572 me
1788 1534 1882 1572 atti-

498 1619 633 1649 neret:
666 1606 795 1660 scripfi
816 1605 924 1644 enim
943 1604 990 1643 ad
1010 1617 1102 1643 eum
1122 1602 1222 1648 heri,
1254 1601 1359 1641 Idib.
1391 1601 1492 1640 Mai.
1524 1601 1608 1653 ejus
1636 1614 1754 1654 opera
1781 1599 1884 1639 mihi

497 1674 600 1714 nihil
621 1686 719 1727 opus
738 1671 826 1710 effe.

838 1873 1080 1912 Crcnno
1123 1871 1378 1909 ATTico
1421 1869 1552 1908 SAL.

498 2002 695 2044 XXXIV.
720 1999 1088 2073 ASTURAM
1118 1997 1206 2035 veni
1230 2010 1315 2035 vni
1341 1996 1431 2034 Kal.
1464 1994 1626 2033 Vitandi
1647 1994 1753 2033 enim
1774 1994 1882 2033 calo-

830 2065 882 2104 ris
913 2064 1038 2109 causa,
1070 2063 1237 2102 Lanuvii
1268 2075 1322 2101 111
1354 2061 1466 2100 horas
1488 2061 1771 2113 acquieveram.
1815 2062 1884 2099 Tu

498 2135 634 2179 velim,
665 2132 691 2171 fi
722 2144 837 2185 grave
868 2144 948 2169 non
977 2130 1066 2174 erit,
1095 2128 1255 2174 efficias,
1287 2140 1334 2166 ne
1365 2137 1454 2165 ante
1487 2125 1622 2164 Nonas
1654 2124 1756 2164 mihi
1785 2125 1883 2164 illuc

498 2198 736 2239 veniendum
758 2198 830 2236 fit:
863 2196 903 2234 id
933 2205 1043 2249 potes
1074 2208 1143 2248 per
1175 2193 1393 2246 Egnatium
1425 2191 1667 2230 Maximum.
1716 2190 1820 2229 Illud
1841 2191 1883 2229 in

499 2266 653 2320 primis,
684 2273 727 2304 ut
747 2277 840 2302 cum
862 2261 1053 2306 Publilio,
1083 2273 1147 2299 me
1167 2272 1264 2313 pene
1284 2258 1454 2302 absente,
1485 2256 1698 2300 conficias;
1731 2255 1778 2293 dc
1803 2269 1884 2308 quo

499 2345 586 2384 quae
608 2329 710 2368 fama
730 2329 774 2367 sit
795 2328 952 2367 scribes.
997 2325 1046 2365 Id
1054 2324 1205 2378 populus
1224 2332 1331 2364 curat
1337 2322 1493 2375 stilicet.
1541 2322 1635 2361 Non
1661 2320 1885 2359 mehercule

499 2397 695 2441 arbitron
738 2393 887 2433 etenim
911 2391 1003 2431 ‘haec
1038 2391 1239 2430 decantata
1271 2397 1352 2428 erat
1385 2387 1545 2428 fabula:
1589 2386 1652 2426 sed
1685 2386 1883 2440 complere
