2243 3008
562 254 669 292 AD
727 250 1161 290 ATTICUM
1227 252 1475 294 nav,
1643 269 1713 307 141

642 488 676 525 C
714 499 904 526 ICERO
946 488 1202 526 ATT1co
1243 488 1376 528 SAL.

322 616 438 654 XXI.
463 611 549 687 T
564 617 598 655 E
630 616 670 654 in
692 616 862 668 Epirum
883 615 1032 654 salvum
1052 615 1208 661 venifi‘e,
1230 625 1283 661 et,
1306 626 1350 655 ut
1371 617 1522 664 scribis,
1553 632 1602 657 ex
1623 618 1711 656 sen-

565 682 688 719 tentia
703 680 905 732 navigaffe,
920 679 1171 718 vehementer
1190 681 1360 732 gaudeo:
1384 696 1463 720 non
1480 683 1551 721 effe
1572 684 1712 721 Romae

320 761 410 786 meo
439 756 616 800 ternpore
645 746 936 800 pernecessario,
972 746 1205 784 submoleste
1235 746 1319 786 fero
1335 767 1347 793 3
1379 747 1456 786 hoc
1486 763 1550 788 me
1579 758 1710 788 tamen

321 813 515 858 consolor,
546 813 654 866 quod
679 826 757 850 non
779 811 888 864 spero
910 820 946 849 te
966 811 1051 849 istic
1067 812 1243 863 jucunde
1263 811 1452 859 hiemare,
1483 824 1522 853 et
1542 814 1712 854 libenter

322 878 573 931 requiescere.
625 877 788 922 Caffius,
821 876 939 915 frater
969 877 1179 928 QCaffii,
1210 877 1414 917 familiaris
1450 880 1523 925 tui,
1555 880 1710 933 puden-

323 945 439 982 tiores
461 944 547 981 illas
569 943 699 981 literas
727 942 882 981 miserat
912 941 978 994 (de
997 942 1144 994 quibus
1172 952 1214 981 tu
1242 956 1290 982 ex
1317 958 1381 982 me
1401 946 1582 998 requiris,
1613 945 1712 998 quid

320 1010 391 1048 fibi
412 1009 627 1059 voluerint)
651 1022 770 1062 quam
789 1022 865 1054 eas,
891 1021 986 1060 quas
1006 1008 1135 1060 postea
1155 1009 1274 1054 mifit‚
1303 1011 1448 1062 quibus
1469 1025 1537 1063 per
1557 1011 1593 1049 se
1614 1012 1710 1049 scri-

322 1075 382 1113 bit
402 1074 628 1113 confectum
648 1075 720 1112 effe
742 1073 973 1112 Parthicum
995 1073 1162 1113 bellum.
1200 1075 1447 1114 Recefferant
1466 1077 1528 1114 illi
1548 1077 1713 1129 quidem

319 1142 368 1180 ab
388 1139 606 1178 Antiochia
634 1149 723 1178 ante
753 1139 890 1177 Bibuli
915 1139 1142 1184 adventum,
1174 1139 1238 1177 sed
1265 1141 1377 1179 nullo
1406 1141 1537 1180 nostro
1565 1138 1710 1192 εὐημερή-

317 1200 406 1253 μαῖῙι.
451 1205 586 1243 Hodie
605 1218 696 1243 vero
715 1203 894 1242 hiemant
924 1205 967 1241 in
1001 1203 1261 1256 Cyrrhestica,
1292 1206 1593 1260 maximumque
1624 1206 1711 1244 bel-

319 1269 406 1309 lum
435 1270 663 1323 impendet:
696 1283 787 1308 nam
811 1279 850 1308 et
875 1268 1018 1308 Orodae
1038 1269 1139 1321 reg1s
1161 1269 1398 1309 Parthorum
1419 1271 1524 1310 filius
1548 1273 1588 1310 in
1617 1285 1711 1324 pro-

320 1335 451 1373 vincia
477 1335 604 1374 nostra
629 1335 710 1381 est3
742 1348 815 1372 nec
837 1334 993 1372 dubitat
1017 1335 1245 1387 Dejotarus,
1275 1337 1388 1388 cujus
1415 1336 1500 1374 filio
1527 1338 1636 1389 paeta
1659 1336 1713 1374 est

321 1401 544 1440 Artavasdis
573 1400 669 1446 filia,
700 1415 749 1439 ex
775 1414 856 1454 quo
885 1400 973 1438 sciri
1003 1399 1142 1453 potest,
1173 1401 1272 1453 quin
1301 1415 1395 1440 cum
1424 1403 1611 1440 omnibus
1641 1415 1712 1440 co·-

319 1467 395 1520 piis
419 1467 499 1520 ipse
524 1467 651 1520 prima
676 1466 801 1505 aestate
825 1465 1072 1519 Euphratem
1098 1467 1326 1505 tranfiturus
1353 1468 1415 1506 fit.
1461 1469 1554 1520 Qo
1578 1477 1712 1506 autem

322 1532 386 1570 die
412 1532 529 1570 Caffii
553 1532 674 1570 literae
695 1532 872 1570 victrices
902 1532 944 1569 in
966 1532 1107 1570 Senatu
1128 1532 1297 1571 recitatae
1317 1533 1421 1579 sunt,
1452 1534 1494 1572 id
1519 1533 1586 1579 est,
1619 1534 1711 1572 No-

320 1598 382 1636 nis
400 1597 658 1642 Oetobribus,
679 1597 819 1635 eodem
838 1610 933 1635 meae
954 1597 1176 1635 tumultum
1195 1599 1438 1638 nuntiantes.
1470 1600 1598 1638 Axius
1619 1600 1712 1638 nos-

322 1673 380 1701 ter
399 1664 467 1708 ait,
499 1662 643 1701 nostras
663 1663 902 1701 auctoritatis
924 1662 1057 1715 plenas
1078 1661 1218 1708 fuiffe3
1251 1663 1331 1702 illis
1353 1673 1468 1716 negat
1497 1665 1709 1704 creditum.

321 1728 457 1767 Bibuli
479 1727 658 1766 nondum
677 1737 786 1766 erant
806 1727 952 1772 allatae;
976 1740 1070 1779 quas
1087 1737 1193 1766 certo
1215 1727 1293 1766 scio
1313 1729 1447 1780 plenas
1470 1729 1624 1768 timoris
1645 1728 1710 1767 fo-

320 1807 375 1833 re.
425 1794 489 1832 Ex
514 1794 560 1831 iis
583 1794 697 1831 rebus
717 1792 795 1831 hoc
815 1806 966 1837 vereor,
994 1806 1058 1839 ne,
1089 1806 1183 1831 cum
1204 1794 1415 1846 Pompeius
1436 1804 1597 1847 propter
1622 1808 1709 1833 me-

319 1868 408 1898 tum
428 1872 559 1897 rerum
579 1872 769 1897 novarum
791 1858 982 1910 nusquam
1003 1858 1241 1903 dimittatur,
1269 1859 1409 1898 Caesari
1429 1860 1563 1898 nullus
1584 1859 1712 1899 honos

319 1939 341 1963 a
367 1926 508 1963 Senatu
535 1923 738 1969 habeatur,
770 1924 866 1962 dum
886 1923 953 1962 hic
975 1923 1100 1962 nodus
1121 1924 1363 1976 expediatur,
1395 1938 1474 1963 non
1501 1935 1615 1977 putet
1641 1927 1711 1964 Se-

321 2000 450 2037 natus,
481 2004 568 2036 nos,
600 2000 688 2029 ante
715 2003 836 2043 quam
863 1989 1078 2028 success‘um
1098 1989 1160 2035 fit,
1189 2000 1368 2043 oportere
1394 1990 1578 2029 decedere
1592 2010 1607 2037 ς
1638 2005 1710 2030 nec

320 2058 361 2096 in
393 2066 502 2096 tanto
532 2066 645 2095 motu
674 2070 805 2094 rerum
837 2056 955 2094 tantis
985 2055 1202 2108 provinciis
1227 2056 1400 2108 fingulos
1431 2057 1579 2109 legatos
1609 2071 1710 2109 prae-

320 2123 406 2162 effe.
459 2123 557 2168 Hic,
588 2136 637 2161 ne
658 2122 755 2175 quid
775 2121 877 2160 mihi
898 2130 1144 2174 prorogetur,
1176 2121 1285 2173 quod
1306 2135 1353 2160 ne
1373 2121 1597 2160 interceffor
1617 2124 1710 2174 qui-

320 2189 411 2227 dem
440 2188 623 2227 sustinere
649 2188 778 2241 poffit‚
809 2186 950 2226 horreo
965 2205 978 2233 5
1011 2196 1128 2240 atque
1147 2200 1194 2225 eo
1213 2189 1353 2240 magis,
1384 2187 1493 2240 quod
1520 2196 1562 2225 tu
1588 2188 1707 2226 abes:

321 2254 391 2305 qui
411 2254 587 2298 confilio,
619 2253 756 2306 gratia,
786 2253 928 2298 studio,
959 2253 1098 2290 multis
1119 2252 1234 2290 rebus
1255 2265 1491 2290 occurreres.
1538 2251 1611 2289 Sed
1646 2252 1709 2290 di-

323 2331 402 2363 ces,
433 2319 644 2371 meipsum
665 2318 767 2357 mihi
796 2317 1106 2357 sollicitudinem
1127 2317 1285 2356 struere.
1332 2319 1493 2370 Cogor:
1523 2326 1562 2355 et
1589 2317 1709 2356 velim

323 2383 378 2420 ita
405 2382 477 2420 fit:
510 2383 572 2420 sed
601 2384 734 2422 omnia
753 2393 905 2422 metuo.
956 2382 1038 2421 Etfi
1069 2382 1219 2420 bellum
1239 2378 1471 2432 ἀκροπλεότιον
1493 2380 1611 2419 habet
1642 2382 1711 2419 illa

324 2457 391 2485 tua
419 2447 591 2499 epistola,
623 2462 740 2500 quarn
771 2449 907 2487 dedisti
936 2448 1118 2487 nauseans
1147 2445 1371 2486 Buthroto:
1405 2442 1499 2493 Tibi,
1531 2456 1572 2485 ut
1593 2446 1711 2490 video,

323 2522 358 2552 et
377 2513 501 2566 spero,
543 2511 641 2552 nulla
673 2511 725 2551 ad
752 2512 977 2554 decedendum
1010 2513 1081 2553 erit
1112 2526 1224 2552 mora.
1271 2510 1455 2557 Mallem,
1501 2519 1543 2550 ut
1577 2509 1675 2550 video
1692 2525 1710 2548 .-
