2243 3008
547 241 624 281 310
892 224 1577 264 EP1STOLARUM

547 325 630 364 fieri
645 326 730 378 jam
748 337 828 363 non
849 324 967 378 poffe.
999 324 1088 363 Nec
1107 323 1212 362 enim
1233 337 1276 362 ea
1294 323 1398 370 sunt,
1429 338 1515 377 quae
1535 333 1644 363 erant
1663 333 1787 371 antea,
1818 338 1927 371 cum.

548 399 593 429 ut
622 389 724 428 nihil
756 390 876 436 aliud,
907 390 1072 429 comites
1100 402 1163 427 me
1181 398 1220 427 et
1241 389 1363 427 socios
1383 389 1526 428 habere
1545 390 1731 443 putabam
1751 406 1760 429 :
1791 404 1930 430 omnes

548 456 657 494 enim
676 455 843 495 Achaici
863 455 1144 508 deprecatores,
1174 455 1271 492 item
1291 455 1361 507 qui
1390 456 1431 493 in
1453 456 1555 502 Afia,
1585 456 1730 508 quibus
1751 471 1829 495 non
1850 466 1930 495 erat

548 522 749 575 ignotum,
778 522 897 560 etiam
918 521 1063 574 quibus
1083 528 1178 565 erat,
1209 521 1250 557 in
1271 519 1450 558 Africam
1479 521 1666 560 dicuntur
1695 523 1928 574 navigaturi.

549 588 610 627 Ita
629 596 766 640 praeter
786 587 971 631 Laelium,
993 585 1193 624 neminem
1212 583 1338 623 habeo
1358 585 1484 637 culpae
1504 585 1654 625 socium
1672 602 1681 625 z
1710 588 1780 639 qui
1800 597 1932 626 tamen

549 650 627 691 hoc
648 652 809 690 meliore
829 652 869 690 in
889 651 1000 689 causa
1017 650 1085 695 est,
1111 649 1217 703 quod
1232 651 1316 702 jam
1335 649 1389 687 est
1409 658 1603 702 receptus.
1635 651 1698 689 De
1717 665 1781 690 me
1801 661 1932 692 autem

549 730 630 756 non
651 717 791 755 dubito
809 717 909 770 quin
937 716 984 754 ad
1014 715 1183 754 Balbum
1211 723 1251 753 et
1278 715 1326 753 ad
1347 715 1529 767 Oppium
1548 715 1767 768 scripserit:
1798 730 1820 754 a
1839 717 1932 770 qui·

552 782 641 827 bus,
673 783 699 820 fi
734 782 831 834 quid
861 782 952 820 ess‘et
981 782 1122 826 laetius,
1152 781 1296 819 certior
1324 779 1448 819 faetus
1477 779 1592 819 effem
1608 799 1621 826 5
1654 790 1786 820 tecum
1814 783 1935 821 etiam

549 847 671 886 effent
699 847 824 886 locuti
842 863 851 886 :
883 847 1123 900 quibuscum
1151 855 1195 884 tu
1216 846 1262 885 de
1283 845 1359 884 hoc
1380 846 1463 899 ipso
1483 846 1708 899 colloquare
1727 847 1864 892 velim,
1893 856 1934 886 et

551 912 600 950 ad
620 926 698 958 me,
719 912 817 965 quid
839 913 913 951 tibi
933 912 1216 964 responderint,
1246 911 1389 950 scribas
1408 927 1417 950 ε
1450 925 1529 950 non
1549 911 1656 964 quod
1676 911 1724 950 ab
1743 912 1816 951 isto
1835 912 1935 952 salus

550 977 639 1016 data
671 977 888 1030 quidquam
922 977 1104 1016 habitura
1135 977 1180 1016 sit
1211 977 1468 1016 firmitudinis
1485 997 1497 1023 ς
1529 977 1593 1016 sed
1625 987 1754 1016 tamen
1786 977 1938 1032 aliquid

550 1043 704 1082 consuli
723 1053 763 1081 et
782 1043 952 1096 prospici
972 1044 1130 1096 poterit.
1177 1043 1259 1082 Etsi
1288 1044 1471 1082 omnium
1499 1043 1752 1096 conspectum
1780 1043 1936 1089 horreo,

552 1109 765 1162 praesertim
783 1107 860 1148 hoc
877 1123 1024 1162 genero
1039 1128 1051 1154 ς
1084 1118 1214 1148 tamen
1243 1109 1284 1147 in
1310 1110 1428 1148 tantis
1457 1109 1587 1154 malis,
1618 1109 1715 1162 quid
1743 1109 1850 1148 aliud
1870 1123 1938 1149 ve-

552 1174 642 1220 lim,
673 1187 752 1212 non
781 1175 944 1227 reperio.
987 1174 1165 1226 Qintus
1185 1174 1329 1227 pergit,
1360 1183 1405 1213 ut
1424 1174 1471 1212 ad
1492 1187 1555 1212 me
1574 1182 1614 1212 et
1634 1173 1754 1212 Pansa
1774 1173 1937 1228 scripsit.

550 1249 592 1278 et
613 1239 791 1285 Hirtiu53
815 1239 924 1292 isque
943 1241 1040 1278 item
1060 1239 1240 1278 Africam
1261 1248 1390 1292 petere
1409 1252 1503 1277 cum
1523 1239 1670 1278 caeteris
1691 1239 1852 1278 dicitur.
1875 1239 1940 1278 Ad

555 1304 786 1343 Minucium
808 1315 1008 1358 parentem
1029 1305 1210 1350 scribam,
1241 1314 1279 1343 et
1309 1314 1393 1344 tuas
1430 1305 1560 1343 literas
1593 1305 1765 1343 mittam.
1809 1304 1873 1343 Ad
1903 1313 1943 1343 te

556 1370 738 1416 scribam,
769 1384 867 1409 num
898 1371 996 1424 quid
1025 1372 1163 1423 egerit.
1209 1371 1303 1409 H-S
1337 1384 1428 1410 xxx
1461 1370 1626 1423 potuiss‘e
1656 1372 1830 1415 mirarer,
1870 1370 1941 1409 nifi

555 1436 683 1475 multa
701 1436 749 1474 de
769 1436 986 1475 Fufidianis
1007 1436 1161 1489 praediis
1180 1451 1189 1475 :
1218 1445 1261 1474 et
1279 1436 1321 1474 id
1341 1436 1469 1475 video.
1510 1437 1664 1475 Tamen
1693 1446 1729 1474 te
1749 1437 1912 1488 expecto
1930 1450 1940 1475 :

556 1515 675 1555 quem
696 1503 838 1548 videre,
869 1503 896 1541 fi
928 1503 1010 1541 ullo
1036 1502 1156 1540 modo
1176 1511 1287 1554 potes
1307 1502 1453 1546 venire,
1485 1501 1711 1554 pervellem.
1754 1502 1845 1552 Jam
1872 1515 1944 1540 ex-

557 1577 729 1606 tremum
761 1568 1041 1607 concluditur:
1073 1567 1131 1606 ibi
1161 1566 1277 1605 facile
1307 1567 1376 1614 est,
1407 1567 1520 1620 quid,
1551 1567 1666 1620 quale
1696 1566 1742 1605 fit
1772 1567 1944 1620 graviuS,

555 1632 788 1672 existimare.
820 1633 932 1672 Vale.

898 1836 1142 1874 Cxcnno
1182 1835 1438 1874 Ara-ico
1480 1834 1610 1871 SAL.

561 1964 656 2004 XV.
680 1963 1054 2051 QUONIAM
1078 1961 1198 2014 justas
1228 1962 1356 2001 causas
1385 1962 1514 2006 affers,
1544 1961 1651 2014 quod
1678 1970 1717 1999 te
1744 1959 1820 1998 hoc
1843 1970 1946 1999 tem-

789 2042 880 2081 pore
900 2028 1029 2066 videre
1050 2041 1128 2065 non
1151 2028 1316 2079 possim;
1348 2027 1491 2080 quaeso,
1523 2027 1620 2079 quid
1647 2028 1691 2066 fit
1719 2026 1820 2065 mihi
1847 2027 1947 2065 saci·

561 2096 723 2135 endum.
771 2095 842 2133 Ille
876 2095 983 2132 enim
1018 2094 1071 2131 ita
1103 2093 1257 2131 videtur
1287 2093 1566 2131 Alexandriam
1602 2104 1744 2137 tencre,
1778 2102 1821 2131 ut
1855 2107 1947 2131 cum

565 2162 730 2200 scribere
750 2161 867 2199 etiam
890 2159 1030 2213 pudeat
1058 2158 1105 2196 de
1127 2158 1205 2196 illis
1228 2158 1356 2197 rebus.
1404 2159 1436 2197 1i
1467 2169 1596 2197 autern
1627 2173 1673 2197 cx
1706 2158 1842 2196 Africa
1865 2161 1948 2211 jaun

565 2227 726 2265 affuturi
758 2225 967 2271 videntur;
1000 2223 1153 2270 Achaei,
1185 2224 1279 2262 item
1312 2237 1358 2262 ex
1391 2224 1480 2262 Asta
1512 2225 1673 2262 redituri
1706 2223 1751 2261 ad
1772 2238 1853 2267 eos,
1884 2234 1951 2261 aut

565 2293 690 2330 libero
712 2292 844 2344 aliquo
864 2291 953 2329 loco
973 2290 1268 2328 commoraturi.
1304 2290 1412 2341 Qid
1435 2289 1534 2327 mihi
1557 2291 1678 2342 igitur
1700 2299 1810 2341 putas
1831 2303 1950 2341 agen-

565 2358 660 2396 dum
679 2359 691 2395 ?
722 2357 848 2395 Vidco
869 2356 1030 2395 difficile
1049 2356 1121 2395 esse
1142 2357 1374 2395 confilium:
1400 2355 1483 2394 sum
1504 2356 1609 2394 enim
1635 2355 1750 2399 solus,
1773 2365 1838 2393 aut
1859 2368 1952 2393 cum

567 2423 702 2468 altero,
733 2423 797 2461 cui
821 2436 945 2474 neque
964 2422 1010 2460 ad
1032 2422 1121 2460 illos
1143 2422 1288 2461 reditus
1311 2422 1370 2466 sit,
1402 2435 1527 2474 neque
1556 2422 1604 2459 ab
1631 2420 1693 2460 his
1721 2421 1810 2473 ipsis
1831 2420 1950 2473 quid-

566 2503 687 2543 quam
724 2489 772 2528 ad
810 2488 916 2542 spem
955 2487 1190 2529 ostendatur.
1249 2488 1323 2527 Sed
1369 2497 1499 2527 tamen
1537 2487 1633 2526 scire
1672 2487 1806 2532 velim,
1855 2485 1949 2538 quid
