2243 3008
521 235 600 274 286
869 232 1557 272 EPISTOLARUM

522 331 707 373 Monetali
736 340 867 370 autem
901 331 1096 385 adscripfi,
1137 331 1244 385 quod
1275 332 1343 370 ille
1376 331 1424 370 ad
1457 344 1536 376 me,
1567 331 1788 385 Procotisuli.
1835 331 1908 370 Se'd

522 399 712 451 quoniam
733 397 786 436 est
805 396 942 443 homo,
973 407 1012 436 et
1032 410 1102 436 nos
1124 397 1272 449 diligit,
1302 396 1383 450 ipse
1403 410 1562 450 quoque
1581 410 1601 435 a
1622 398 1736 437 nobis
1763 397 1907 450 diliga-

523 472 602 503 tur.
635 464 746 503 Vale.

865 664 1107 703 cicnno
1148 662 1403 700 ATTico
1445 661 1577 701 SAL.

510 793 623 832 XII.
648 790 1009 879 QUIDNAM
1038 789 1142 829 mihi
1161 788 1345 828 futurum
1364 788 1446 827 est?
1469 798 1535 828 aut
1556 789 1645 842 quis
1665 801 1730 828 me
1750 801 1828 828 non
1849 789 1912 829 fo-

745 856 831 894 lum
860 853 1074 900 infelicior,
1106 854 1169 893 sed
1191 855 1275 906 jam
1302 854 1422 892 etiam
1443 854 1626 907 turpior?
1658 855 1913 897 Nominatim

524 924 575 962 de
594 937 657 962 me
678 921 750 961 sibi
770 921 1008 974 imperatum
1028 920 1127 958 dicit
1147 919 1347 958 Antonius
1365 938 1376 964 ;
1409 932 1482 957 nec
1501 933 1565 958 me
1585 929 1715 958 tamen
1742 919 1824 972 ipse
1842 919 1912 958 ad-

524 988 606 1028 huc
627 987 788 1032 viderat,
820 985 883 1024 sed
903 985 979 1024 hoc
1000 985 1191 1025 Trebatio
1212 985 1394 1023 narravit.
1427 985 1538 1036 Qid
1562 997 1673 1038 agam
1695 998 1816 1030 nunc,
1847 987 1913 1024 cui

525 1053 630 1093 nihil
651 1051 844 1106 procedit,
875 1051 1100 1106 caduntque
1119 1063 1176 1096 ea,
1207 1063 1295 1103 quae
1323 1049 1619 1102 diligentiffime
1646 1049 1735 1088 sunt
1761 1051 1914 1103 cogita-

526 1129 580 1165 ta,
613 1119 811 1158 teterrime
829 1119 843 1156 ?
875 1118 964 1170 Ego
983 1118 1092 1156 enim
1113 1117 1330 1156 Curionem
1351 1117 1500 1162 nactus,
1531 1117 1665 1154 omnia
1694 1130 1757 1154 me
1777 1117 1913 1156 conse-

524 1196 668 1225 cutum
695 1185 842 1238 putavi.
890 1185 927 1223 Is
954 1184 1002 1223 de
1028 1197 1092 1223 me
1117 1184 1165 1221 ad
1191 1183 1451 1221 Hortensium
1477 1183 1703 1236 scripserat:
1736 1183 1915 1236 Reginus

526 1262 609 1290 erat
629 1261 735 1290 totus
758 1250 909 1289 noster:
942 1248 1037 1288 huic
1065 1248 1168 1288 nihil
1198 1247 1488 1300 suspicabamur
1514 1262 1607 1286 cum
1628 1247 1704 1286 hoc
1725 1249 1822 1286 mari
1844 1261 1915 1287 ne-

525 1318 628 1371 gotii
658 1316 756 1355 fore.
803 1316 897 1367 Qo
926 1330 990 1354 me
1019 1328 1125 1353 nunc
1153 1314 1334 1352 vertam?
1367 1313 1557 1367 Undique
1585 1313 1797 1352 custodior.
1844 1314 1917 1353 Sed

528 1383 618 1422 satis
650 1381 850 1433 lacrymis.
895 1378 1039 1431 ndpweyt
1058 1376 1215 1416 vada-iou
1245 1379 1382 1431 igitur,
1413 1389 1452 1417 et
1482 1379 1639 1418 occulte
1669 1380 1710 1417 in
1743 1379 1917 1432 aliquam

526 1449 743 1487 onerariam
765 1445 1078 1499 corrependum:
1111 1456 1191 1482 non
1218 1444 1570 1489 committendum,
1602 1453 1647 1482 ut
1665 1445 1783 1482 etiam
1803 1457 1917 1483 com-

510 1515 643 1568 'pacto
673 1511 869 1565 prohibiti
902 1510 1117 1548 videamur.
1164 1509 1298 1546 Sicilia
1330 1509 1525 1561 petenda;
1556 1522 1676 1560 quam
1710 1509 1736 1547 si
1771 1510 1918 1548 erimus

528 1579 647 1623 nacti,
679 1579 825 1630 majora
854 1575 1033 1628 quaed‘am
1064 1574 1364 1626 consequemur.
1411 1574 1469 1613 Sit
1496 1574 1615 1613 modo
1636 1576 1736 1613 secie
1757 1575 1797 1613 in
1820 1575 1917 1614 His-

528 1644 656 1697 paniis
675 1658 684 1681 :
717 1654 942 1695 quanquam
964 1640 1010 1678 de
1031 1640 1112 1692 ipsa
1132 1640 1265 1678 Sicilia
1285 1639 1438 1678 utinam
1459 1639 1504 1677 sit
1524 1653 1659 1678 verum
1677 1654 1685 1678 :
1709 1639 1772 1677 sed
1792 1639 1920 1679 adhuc

530 1708 634 1747 nihil
655 1706 829 1746 secundi.
876 1704 1101 1744 Concursus
1133 1704 1356 1743 Siculorum
1383 1704 1430 1742 ad
1452 1705 1646 1742 Catonem
1665 1704 1813 1742 dicitur
1832 1704 1917 1744 fac-

530 1785 594 1812 tus
611 1793 623 1820 ;
655 1772 787 1818 orasse,
809 1781 854 1810 ut
873 1771 1058 1810 resisteret
1075 1789 1086 1815 ς
1110 1771 1244 1808 omnia
1264 1771 1464 1823 pollicitos
1482 1785 1491 1808 :
1515 1779 1764 1808 commotum
1784 1770 1918 1816 illum,

530 1840 729 1878 delectum
748 1838 891 1876 habere
911 1836 1080 1889 coepiffe.
1115 1837 1211 1875 Non
1232 1835 1362 1881 credo,
1385 1844 1430 1874 ut
1449 1835 1502 1874 est
1523 1835 1748 1874 luculentus
1770 1838 1916 1875 auctor.

532 1904 704 1944 Potuisse
723 1913 829 1942 certe
848 1912 979 1941 tenere
1001 1902 1110 1940 illam
1132 1902 1375 1954 provinciam
1398 1901 1490 1940 scio.
1537 1901 1602 1939 Ab
1624 1901 1828 1953 Hispaniis
1849 1915 1919 1940 au-

531 1981 614 2011 tem
630 1972 713 2023 jam
733 1969 926 2007 audietur.
972 1968 1053 2006 Hic
1083 1981 1152 2005 nos
1174 1969 1222 2005 C.
1247 1967 1486 2005 Marcellum
1509 1966 1698 2005 habemus
1719 1967 1853 2006 eadem
1874 1969 1921 2006 de

532 2051 573 2076 re
598 2036 856 2090 cogitantem,
887 2043 953 2072 aut
986 2034 1083 2071 bene
1116 2033 1391 2071 simulantem:
1424 2046 1649 2086 quanquam
1683 2033 1810 2085 ipsum
1844 2047 1922 2072 non

531 2103 720 2147 videram,
752 2100 814 2140 sed
846 2114 893 2139 ex
922 2099 1220 2138 familiarissimo
1239 2101 1322 2151 ejus
1343 2099 1562 2137 audiebam.
1609 2101 1690 2144 Tu,
1722 2101 1864 2152 quaeso,
1897 2102 1921 2138 li

532 2168 631 2222 quid
651 2165 814 2206 habebis
838 2166 942 2203 novi.
991 2166 1092 2217 Ego,
1125 2165 1149 2202 si
1178 2165 1274 2217 quid
1301 2164 1431 2202 moliti
1459 2165 1620 2207 erimus,
1653 2165 1697 2202 ad
1729 2175 1766 2203 tc
1794 2165 1922 2203 statim

534 2235 715 2273 scribam.
749 2233 950 2284 Qintum
973 2230 1100 2269 filium
1124 2230 1287 2268 severius
1309 2229 1518 2268 adhibebo.
1551 2231 1714 2268 Utinam
1737 2232 1924 2284 proficere

536 2299 701 2353 possim:
735 2309 777 2336 tu
801 2308 929 2336 tamen
950 2310 1011 2335 eas
1041 2296 1235 2349 epistolas,
1267 2296 1411 2348 quibus
1443 2296 1609 2348 asperius
1643 2296 1689 2333 dc
1716 2310 1762 2334 co
1795 2297 1922 2349 scripsi

535 2364 762 2418 aliquando.
807 2364 1049 2416 concerpito,
1094 2376 1141 2400 ne
1174 2362 1332 2415 quando
1365 2362 1461 2414 quid
1496 2372 1676 2400 emanet:
1719 2377 1793 2415 ego
1828 2363 1924 2401 item

537 2442 636 2471 tuas.
670 2430 847 2468 Servium
868 2430 1044 2482 cxpcfto,
1077 2441 1147 2466 nec
1168 2428 1216 2465 ab
1236 2442 1282 2465 co
1303 2428 1519 2480 quidquam
1542 2428 1644 2473 ὑγιις.
1678 2428 1781 2465 Scies
1803 2428 1921 2480 quid-

535 2496 635 2552 quid
654 2495 743 2536 erit.
789 2496 878 2535 Sine
899 2495 1022 2534 dubio
1042 2493 1174 2533 eri-affe
1196 2507 1266 2533 nos
1287 2493 1559 2533 confitendum
1580 2492 1647 2533 cst.
1691 2495 1746 2532 At
1773 2493 1888 2532 semel
1908 2494 1920 2530 ?
