2243 3008
576 257 687 295 AD
740 254 1175 294 ATTICUM
1244 255 1492 296 LIB.II.
1680 272 1733 312 47

340 355 479 394 sororis
500 362 575 393 tuae
596 352 694 398 filio,
725 351 970 405 respondisti.
1003 353 1066 390 De
1087 352 1298 392 Amalthea
1318 355 1426 407 quod
1446 369 1509 394 me
1529 356 1731 403 admones,

341 435 420 460 non
440 419 705 472 negligemus.
741 419 846 457 Cura
867 428 910 456 ut
931 417 1070 456 valeas.

673 620 917 658 Crcssno
957 620 1214 658 ATT1co
1256 620 1386 659 SAL.

340 750 456 788 VIII.
481 748 706 822 EPIST
721 749 757 787 Ο
771 748 915 787 LAM
945 761 1038 786 cum
1068 761 1089 785 a
1118 756 1155 786 te
1181 749 1291 788 avide
1311 751 1554 802 expectarem
1575 750 1622 789 ad
1641 752 1726 789 ves-

577 828 731 867 perum,
764 822 809 851 ut
838 813 955 859 soleo,
986 827 1076 852 ecce
1106 814 1182 851 tibi
1211 816 1391 859 nuntius,
1423 829 1561 867 pueros
1586 817 1729 855 venisse

339 881 482 920 Roma.
516 881 642 925 Voco,
673 893 820 933 quaero,
850 879 993 932 ecquid
1028 879 1262 919 literarum?
1296 881 1470 933 Negant.
1517 882 1627 933 Qid
1657 884 1727 928 ais,

339 947 517 999 inquam,
548 945 703 984 nihilne
721 959 743 984 a
764 946 1017 998 Pomponio?
1050 945 1250 984 Perterriti
1280 960 1374 985 voce
1400 957 1439 985 et
1468 947 1597 993 vultu,
1628 962 1727 986 con-

339 1011 421 1050 fessi
442 1012 531 1051 sunt
552 1012 588 1050 se
607 1011 808 1064 accepisse,
830 1011 893 1049 sed
914 1010 1096 1050 excidisse
1116 1011 1158 1049 in
1178 1012 1253 1051 via.
1301 1013 1411 1065 Qid
1432 1015 1572 1066 quaeris
1592 1016 1605 1052 ?
1637 1028 1727 1067 per-

337 1077 498 1115 moleste
519 1077 617 1114 tuli:
641 1076 751 1114 nulla
770 1076 878 1114 enim
898 1076 965 1114 abs
987 1085 1025 1114 te
1045 1089 1114 1128 per
1132 1075 1204 1115 hos
1225 1077 1306 1116 dies
1327 1077 1488 1130 epistola
1506 1079 1632 1117 inanis
1654 1080 1727 1118 ali-

339 1156 416 1194 qua
430 1156 471 1180 re
486 1141 577 1180 utili
593 1149 633 1179 et
652 1140 758 1179 suavi
778 1150 949 1180 venerat.
982 1141 1120 1186 Nune,
1138 1142 1164 1180 fi
1184 1143 1282 1195 quid
1302 1144 1344 1181 in
1360 1157 1402 1181 ea
1417 1143 1592 1196 epistola,
1608 1159 1730 1197 quam

338 1217 427 1246 ante
446 1207 553 1246 diem
576 1219 652 1245 xvi
675 1206 768 1245 Kal.
790 1206 895 1245 Maii
915 1205 1068 1252 dedisti,
1099 1205 1179 1245 fuit
1204 1207 1365 1246 historia
1390 1208 1573 1261 dignum,
1605 1210 1730 1249 scribe

338 1274 652 1327 quamprimum,
694 1286 743 1311 ne
776 1272 1004 1325 ignoremus
1023 1287 1034 1311 :
1076 1272 1133 1311 fin
1165 1271 1270 1312 nihil
1303 1284 1442 1327 praeter
1469 1276 1728 1327 jocationem,

338 1339 454 1378 redde
473 1339 515 1378 id
535 1339 679 1393 ipsum.
712 1339 766 1378 Et
786 1339 884 1378 scito
901 1339 1118 1378 Curionem
1138 1339 1423 1381 adolescentem
1443 1342 1584 1380 veniffe
1604 1342 1650 1380 ad
1666 1356 1731 1381 me

339 1405 563 1444 salutatum.
610 1404 735 1442 Valde
763 1405 848 1457 ejus
878 1404 1004 1444 sermo
1033 1404 1081 1443 de
1105 1405 1251 1444 Publio
1271 1420 1365 1446 cum
1386 1407 1463 1445 tuis
1485 1408 1609 1446 literis
1630 1421 1728 1447 con-

338 1471 515 1524 gruebat.
548 1470 634 1524 Ipse
648 1483 740 1509 vero
755 1470 982 1509 mirandum
1001 1471 1045 1509 in
1065 1471 1230 1511 modum
1252 1486 1358 1524 reges
1378 1473 1497 1512 odiffe
1517 1473 1727 1526 superbos:

339 1550 516 1590 peraeque
538 1535 715 1574 narrabat
743 1535 941 1575 incensam
967 1535 1039 1575 effe
1060 1537 1328 1588 juventutem,
1361 1552 1486 1591 neque
1517 1538 1617 1577 ferre
1645 1538 1730 1579 haec

340 1602 456 1655 poffe..
503 1603 607 1640 Bene
633 1600 853 1640 habemus:
887 1615 973 1647 nOS,
1003 1602 1031 1640 fi
1061 1602 1102 1640 in
1132 1601 1194 1640 his
1225 1603 1307 1655 spes
1337 1603 1406 1649 est,
1436 1604 1592 1656 opinor,
1623 1605 1731 1643 aliud

338 1680 513 1720 agamUS.
553 1668 641 1720 Ego
661 1680 724 1705 me
745 1666 796 1705 do
814 1666 1011 1706 historiae:
1043 1680 1283 1720 quanquam,
1315 1669 1408 1706 licet
1435 1683 1499 1707 me
1527 1669 1728 1708 Saufeium

340 1742 452 1787 putes
474 1732 561 1777 effe,
593 1731 695 1770 nihil
718 1745 781 1770 me
800 1732 854 1770 est
874 1732 1054 1770 inertius.
1102 1733 1175 1770 Sed
1201 1732 1392 1784 cognosce
1413 1734 1552 1772 itinera
1573 1734 1699 1773 nostra
1714 1754 1727 1781 ς

341 1808 384 1837 ut
404 1798 559 1843 statuas,
591 1798 660 1836 ubi
681 1811 751 1835 nos
773 1797 923 1836 visurus
945 1798 1007 1836 fis.
1045 1799 1091 1836 In
1113 1799 1372 1837 Formianum
1395 1800 1577 1838 volumus
1599 1801 1729 1839 venire

341 1863 562 1902 Parilibus:
595 1862 686 1901 inde
721 1864 927 1915 (quoniam
956 1872 1069 1916 putas
1099 1864 1482 1915 praetermittendum
1513 1865 1627 1903 nobis
1657 1865 1730 1904 effe

339 1929 415 1968 hoc
437 1939 614 1982 tempore
636 1930 794 1967 Cratera
813 1929 931 1967 illum
952 1929 1185 1981 delicatum)
1210 1931 1299 1969 Kal.
1324 1931 1440 1976 Maii,
1473 1931 1519 1969 de
1547 1932 1728 1969 Formia—

342 2010 392 2034 no
413 1995 721 2048 proficiscemur,
755 2005 797 2033 ut
824 1995 938 2034 Antii
964 1996 1083 2034 fimus
1113 2009 1148 2034 a.
1178 1995 1217 2034 d.
1249 2010 1289 2035 v.
1319 1997 1429 2035 Non.
1463 1997 1578 2035 Maii.
1624 1997 1731 2035 Ludi

340 2062 447 2100 enim
468 2061 583 2099 Antii
602 2060 730 2099 futuri
750 2061 839 2099 sunt
859 2075 880 2099 a
902 2074 962 2100 ιν.
986 2061 1033 2099 ad
1052 2061 1155 2114 prid.
1179 2062 1290 2100 Non.
1323 2063 1444 2100 Maii.
1492 2063 1570 2100 Eos
1593 2063 1732 2101 Tullia

341 2127 506 2180 speclare
527 2126 627 2164 vult.
674 2126 771 2165 Inde
801 2127 934 2179 cogito
962 2127 1004 2164 in
1027 2126 1316 2172 Tusculanum,
1348 2127 1488 2165 deinde
1514 2128 1727 2179 Arpinum,

342 2193 512 2230 Romam
533 2206 566 2230 a.
591 2191 629 2230 d.
654 2192 744 2230 Kal.
768 2193 863 2243 Jun.
911 2193 973 2231 Te
998 2202 1065 2230 aut
1094 2193 1134 2231 in
1157 2193 1384 2238 Formiano,
1416 2203 1481 2231 aut
1502 2193 1631 2238 Antii,
1664 2203 1730 2231 aut

343 2259 382 2295 in
404 2259 646 2303 Tusculano,
678 2272 783 2303 cura,
807 2268 850 2296 ut
871 2258 1086 2297 videamus.
1121 2259 1339 2312 Epistolam
1360 2259 1596 2311 superiorem
1619 2259 1729 2297 resti-

344 2333 408 2361 tue
430 2324 557 2371 nobis‚
587 2334 626 2363 et
647 2325 815 2378 appinge
833 2324 985 2378 aliquid
1005 2325 1112 2364 novi.
