2243 3008
485 302 561 342 180
835 298 1520 338 EPISTOLARUM

479 408 636 444 notum,
654 408 740 437 tum
762 398 950 443 sanctum,
969 398 1131 451 plenum
1148 397 1284 442 officii,
1304 396 1516 434 studiosum
1533 397 1650 435 etiam
1667 409 1762 436 mea:
1783 396 1870 435 lau·

482 465 558 510 dis,
589 464 697 518 frugi
717 463 939 509 hominem,
970 477 1028 509 ac,
1061 477 1108 501 ne
1138 462 1372 500 libertinum
1401 462 1555 501 laudare
1582 463 1725 508 videar,
1756 462 1871 516 plane

481 531 612 568 virum
633 530 798 568 bonum.
833 529 1068 581 Pompeium
1090 527 1170 565 vidi
1194 540 1236 564 1v
1257 527 1316 564 Id.
1341 527 1603 565 Decembres:
1627 527 1778 566 suimus
1795 540 1873 566 una

480 593 595 633 horas
617 594 710 632 duas
731 593 898 632 fortasse.
930 593 1080 644 hlagna
1100 592 1236 629 laetitia
1256 590 1358 629 mihi
1379 591 1480 630 visus
1500 592 1553 629 est
1573 592 1675 630 affici
1696 605 1785 630 meo
1800 591 1869 630 ad-

481 669 601 698 ventu
620 674 629 698 :
654 659 701 697 de
722 657 926 710 triumpho
946 656 1109 702 hortari,
1132 656 1323 708 suscipere
1344 665 1469 708 partes
1490 656 1573 695 suas
1590 675 1602 702 ;
1626 671 1800 702 monere,
1823 670 1871 695 ne

479 734 570 763 ante
598 725 640 762 in
671 725 856 761 Senatum
886 721 1125 766 accederem,
1155 735 1276 774 quam
1307 735 1389 759 rem
1420 720 1699 768 confeciffem;
1731 736 1780 760 ne
1807 722 1870 760 di-

481 789 616 828 cendis
638 788 837 827 sententiis
859 787 1033 838 aliquem
1053 787 1284 825 Tribunum
1305 787 1527 825 alienarem.
1567 786 1677 838 Qid
1697 787 1838 839 quaeris
1857 788 1870 825 ?

480 855 524 893 in
544 854 621 892 hoc
642 853 774 892 officio
795 852 983 890 sermonis
1004 851 1107 890 nihil
1128 853 1260 905 potuit
1279 851 1352 890 effe
1372 852 1580 904 prolixius.
1620 852 1682 890 De
1702 851 1871 904 Repub-

481 920 557 957 lica
576 928 707 957 autem
728 918 783 956 ita
802 930 960 956 mecum
982 917 1139 956 locutus
1170 917 1239 962 est,
1270 917 1375 969 quasi
1406 907 1485 955 non
1516 917 1685 955 dubium
1718 917 1870 956 bellum

480 984 713 1022 haberemus
732 998 741 1021 :
775 982 878 1021 nihil
899 982 945 1020 ad
966 982 1073 1036 spem
1094 982 1314 1021 concordiae
1333 997 1342 1020 :
1376 982 1490 1035 plane
1511 982 1628 1021 illum
1650 983 1697 1021 ab
1718 982 1754 1021 se
1774 983 1870 1021 alie-

480 1059 633 1094 natum,
665 1062 758 1087 cum
792 1057 881 1086 ante
914 1048 1170 1101 intelligeret,
1202 1057 1290 1086 tum
1323 1061 1414 1086 vero
1445 1048 1626 1101 proxime
1651 1047 1869 1100 judicasse:

478 1114 620 1153 veniss’e
654 1114 839 1152 Hirtium
874 1127 894 1151 a
926 1113 1088 1159 Caesare,
1119 1113 1189 1166 qui
1223 1111 1314 1151 esset
1347 1112 1406 1151 illi
1440 1112 1789 1158 familiariffimus;
1821 1113 1870 1151 ad

480 1180 517 1218 se
543 1193 622 1218 non
653 1179 866 1218 acceffiffe:
899 1188 952 1224 et,
984 1192 1078 1217 cum
1106 1179 1177 1217 ille
1206 1191 1240 1216 a.
1275 1177 1314 1216 d.
1339 1191 1426 1216 V111
1460 1178 1554 1217 Idus
1582 1178 1777 1216 Decemb.
1799 1192 1868 1217 ve-

479 1245 580 1298 speri
600 1244 774 1290 veniffet,
805 1244 951 1282 Balbus
972 1243 1020 1282 de
1040 1253 1122 1282 tota
1142 1257 1181 1282 re
1201 1242 1457 1282 constituisset
1487 1256 1522 1281 a.
1554 1243 1594 1282 d.
1619 1256 1684 1282 v11
1706 1243 1755 1281 ad
1782 1243 1868 1282 Sci-

477 1311 638 1363 pionem
659 1318 748 1348 ante
768 1309 900 1348 lucem
919 1309 1050 1348 venire
1061 1327 1073 1355 ;
1095 1309 1222 1348 multa
1242 1307 1288 1346 de
1309 1309 1422 1346 noete
1441 1321 1533 1346 eum
1555 1307 1775 1360 profeEtum
1796 1308 1869 1347 effe

477 1375 525 1413 ad
553 1375 756 1413 Caesarem.
802 1374 895 1412 Hoc
927 1373 989 1411 illi
1020 1367 1237 1422 τεκμηυῶὃες
1267 1372 1472 1411 videbatur
1502 1372 1575 1412 effe
1603 1373 1865 1412 alienationis.

478 1440 588 1492 Qid
609 1439 766 1478 multa?
798 1438 900 1477 nihil
927 1452 990 1477 me
1011 1437 1116 1476 aliud
1137 1437 1374 1483 consolatur,
1405 1438 1476 1477 nisi
1503 1438 1610 1491 quod
1637 1438 1768 1483 illum,
1800 1439 1866 1478 cui

478 1507 596 1544 etiam
618 1505 773 1543 inimici
804 1504 971 1543 alterum
1003 1503 1279 1549 Consulatum,
1311 1503 1471 1542 fortuna
1499 1503 1693 1542 summam
1723 1514 1866 1556 poten-

477 1573 574 1610 tiam
595 1570 759 1615 dederit,
791 1584 870 1609 non
891 1570 1058 1608 arbitror
1077 1569 1160 1608 fore
1182 1579 1260 1607 tam
1281 1578 1494 1614 amentem,
1526 1578 1570 1607 ut
1601 1567 1684 1607 haec
1715 1569 1756 1607 in
1786 1569 1865 1608 dis-

476 1639 627 1676 crimen
659 1637 838 1676 adducat.
884 1636 1003 1688 Qod
1024 1637 1050 1675 si
1074 1649 1181 1674 ruere
1202 1635 1380 1687 coeperit,
1412 1649 1470 1674 nae
1489 1648 1562 1688 ego
1582 1635 1708 1673 multa
1728 1636 1867 1682 timeo,

475 1717 561 1755 qua:
583 1716 660 1740 non
682 1701 805 1739 audeo
824 1701 1004 1740 scribere.
1052 1701 1140 1746 Sed,
1171 1710 1215 1740 ut
1243 1713 1348 1739 nunc
1380 1700 1448 1747 est,
1479 1714 1513 1739 a.
1545 1700 1585 1739 d.
1622 1714 1696 1740 111.
1727 1701 1866 1741 Nonas

478 1770 564 1819 Jan.
589 1767 634 1806 ad
655 1767 795 1806 urbem
816 1767 966 1820 cogito.

813 1970 1055 2007 Cictno
1096 1968 1352 2006 Αττιοο
1393 1969 1523 2007 SAL.

477 2097 526 2135 V.
552 2096 643 2169 M
660 2096 697 2134 U
711 2096 837 2134 LTA
853 2097 876 2133 S
907 2109 986 2134 uno
1008 2105 1183 2148 tempore
1204 2096 1334 2149 accepi
1356 2095 1534 2149 epistolas
1558 2106 1656 2141 tuas,
1673 2110 1760 2150 quae
1780 2099 1860 2136 mi-

675 2161 732 2207 hi,
764 2175 991 2215 quanquam
1013 2162 1227 2200 recentiora
1247 2162 1451 2200 audiebam
1472 2175 1519 2200 ex
1543 2163 1604 2207 iis,
1635 2163 1704 2214 qui
1731 2163 1776 2200 ad
1799 2177 1863 2202 mc

474 2227 695 2272 veniebant,
723 2236 853 2265 tamen
874 2235 981 2265 erant
997 2226 1183 2279 jucunda:
1202 2241 1210 2265 :
1244 2226 1414 2266 studium
1435 2227 1542 2265 enim
1563 2237 1601 2265 et
1623 2228 1860 2266 benevolen-

475 2295 569 2331 tiam
591 2292 851 2332 declarabant.
886 2292 1156 2331 Invalctudine
1178 2303 1243 2331 tua
1264 2307 1447 2338 moveor;
1470 2303 1509 2331 et
1531 2294 1670 2331 Piliam
1695 2294 1733 2331 in
1757 2294 1861 2333 idem

474 2373 596 2412 genus
633 2359 760 2396 morbi
796 2359 1005 2411 delapsam,
1036 2372 1169 2397 curam
1206 2360 1279 2397 tibi
1315 2359 1449 2398 afferre
1485 2360 1671 2412 majorem
1709 2360 1858 2399 sentio:

473 2425 560 2462 date
590 2424 711 2475 igitur
740 2437 896 2476 operam
933 2433 975 2462 ut
1010 2423 1182 2462 valeatis.
1236 2424 1296 2463 De
1331 2425 1480 2463 Tirone
1510 2425 1623 2463 video
1654 2425 1728 2463 tibi
1758 2439 1860 2464 curae

472 2490 570 2529 effe:
603 2503 722 2542 quem
750 2490 911 2543 quidem
938 2504 1025 2542 ego,
1056 2490 1123 2528 etsi
1145 2490 1343 2529 mirabiles
1366 2491 1553 2530 utilitates
1576 2490 1675 2530 mihi
1698 2492 1857 2545 praebet,

472 2569 562 2595 cum
599 2554 713 2601 valet,
754 2557 794 2594 in
829 2556 939 2594 omni
974 2570 1113 2608 genere
1148 2556 1207 2595 vel
1243 2558 1508 2610 negotiorum,
1547 2557 1606 2596 vel
1642 2557 1859 2596 studiorum

2237 928 2243 1000 —-„
2232 842 2243 909 ι’--
