2243 3008
452 310 559 348 AD
618 305 1048 345 ATTICUM
1113 306 1254 345 LIB.
1307 308 1422 347 vm.
1557 321 1637 361 223·

248 408 472 463 scripseram
491 406 571 460 ipse
591 418 650 444 eas
676 405 822 450 literas,
853 418 1021 458 quarum
1049 405 1369 445 vaticinationem
1398 406 1532 447 falsam
1562 409 1630 446 effe

247 475 380 527 cupio.
413 473 547 525 Hujus
563 480 695 510 autem
711 470 880 523 epistolae
902 484 979 508 non
1001 470 1129 508 solum
1144 484 1186 509 ea
1206 471 1316 510 causa
1332 472 1398 518 est,
1418 482 1462 511 ut
1483 487 1529 511 ne
1546 475 1633 525 quis

247 552 268 577 a
288 552 351 577 me
370 538 452 576 dies
474 537 772 581 intermittatur,
795 536 893 588 quin
914 535 1004 574 dem
1025 535 1071 573 ad
1093 545 1129 573 te
1150 536 1278 574 literas
1296 555 1307 582 3
1332 537 1394 574 sed
1415 539 1532 575 etiam
1553 537 1635 576 haec

242 603 397 656 justior,
429 612 473 641 ut
493 616 514 640 a
535 613 571 640 te
593 602 859 655 impetrarem,
890 610 934 639 ut
955 601 1122 639 sumeres
1144 601 1294 654 aliquid
1317 603 1532 655 temporis;
1557 617 1637 654 quo

248 668 340 721 quia
361 668 436 706 tibi
461 669 677 721 perexiguo
707 680 806 720 opus
839 666 906 712 est,
937 666 1125 719 explicari
1154 665 1256 705 mihi
1287 677 1401 706 tuum
1429 669 1637 706 confilium

246 734 362 787 plane
383 734 487 779 volo,
520 743 563 771 ut
584 734 740 786 penitus
762 733 998 785 intelligam.
1044 733 1192 770 Omnia
1211 733 1301 771 sunt
1321 734 1473 786 integra
1492 735 1605 772 nobis
1627 750 1638 771 2

247 799 351 838 nihil
372 799 669 853 praetermiss‘um
689 798 756 844 est,
788 798 895 851 quod
914 812 994 836 non
1015 797 1156 837 habeat
1176 798 1388 852 sapientem
1418 800 1637 839 excusatio-

249 879 356 911 nem,
389 879 468 903 non
489 865 608 903 modo
628 864 890 918 probabilem.
933 865 1041 902 Nam
1069 873 1173 903 certe
1203 879 1330 918 neque
1357 876 1444 903 tum
1465 868 1637 918 peccavi,

249 944 345 969 cum
376 932 608 984 imparatam
642 931 833 984 Capuam,
872 943 952 968 non
987 930 1115 968 solum
1148 931 1311 983 ignaviae
1347 932 1533 977 delectus,
1574 932 1637 970 sed

248 997 368 1035 etiam
402 996 588 1049 perfidiae,
626 995 887 1049 suspicionem
920 995 1093 1048 fugiens,
1125 997 1298 1049 accipere
1333 997 1472 1042 nolui,
1511 1011 1639 1050 neque

250 1076 344 1100 cum
363 1062 449 1115 post
469 1061 714 1100 conditiones
735 1062 841 1114 pacis
862 1075 930 1114 per
951 1062 1000 1100 L.
1021 1061 1209 1100 Caesarem
1231 1072 1269 1100 et
1290 1063 1484 1101 Fabatum
1504 1063 1637 1100 allatas

250 1128 349 1172 cavi,
380 1137 430 1165 ne
449 1127 627 1165 animum
648 1128 730 1178 ejus
752 1126 1006 1171 offenderem,
1038 1128 1102 1165 cui
1125 1127 1337 1180 Pompeius
1356 1129 1441 1179 jam
1469 1137 1638 1166 armatus

249 1200 401 1230 armato
429 1191 690 1229 Consulatum
723 1191 1266 1243 triumphumquedeferret.
1314 1193 1402 1230 Nec
1432 1206 1523 1231 vero
1554 1192 1638 1231 haec

249 1266 423 1295 extrema
452 1256 660 1309 quisquam
689 1256 814 1309 potest
837 1257 927 1309 jure
957 1255 1251 1309 reprehendere,
1284 1257 1390 1310 quod
1425 1271 1529 1296 mare
1559 1272 1639 1296 non

251 1323 479 1361 transirem:
513 1323 553 1360 id
573 1323 695 1368 enim,
727 1323 793 1361 etsi
823 1332 904 1361 erat
933 1322 1240 1368 deliberationis,
1273 1333 1402 1362 tamen
1429 1324 1538 1362 obire
1559 1338 1639 1361 non

251 1390 377 1442 potui.
425 1389 567 1441 Neque
593 1388 702 1427 enim
723 1388 906 1442 suspicari
926 1388 1073 1434 debui5
1106 1389 1317 1442 praesertim
1339 1403 1431 1427 cum
1453 1403 1500 1427 ex
1520 1389 1639 1441 ipsius

253 1455 432 1507 Pompeii
454 1454 593 1499 literis,
625 1454 731 1492 idem
761 1454 869 1507 quod
897 1454 1010 1492 video
1038 1464 1075 1492 te
1104 1454 1346 1500 existimafl‘e,
1378 1468 1457 1492 non
1480 1455 1638 1492 dubita-

252 1521 342 1565 rim,
360 1521 459 1573 quin
480 1521 512 1558 is
530 1521 713 1558 Domitio
734 1521 994 1558 subventurus
1015 1520 1119 1558 ess‘et.
1153 1522 1206 1558 Et
1226 1521 1340 1573 plane
1356 1521 1452 1572 quid
1474 1523 1640 1565 rec‘tum,

252 1596 291 1623 et
311 1585 407 1637 quid
429 1584 655 1623 faciendum
676 1585 778 1623 mihi
799 1585 906 1630 effer,
927 1585 1075 1623 diutius
1098 1586 1268 1638 cogitare
1289 1586 1426 1624 malui.
1459 1586 1639 1624 Primum

251 1652 388 1703 igitur,
418 1650 503 1689 haec
524 1651 654 1702 qualia
674 1651 749 1688 tibi
768 1651 840 1689 effe
860 1651 1078 1696 videantur,
1109 1651 1175 1689 etfi
1203 1652 1417 1703 significata
1437 1652 1525 1689 sunt
1545 1666 1566 1689 a
1587 1662 1638 1697 te,

251 1727 382 1754 tamen
403 1717 619 1754 accuratius
640 1715 743 1754 mihi
762 1716 991 1768 perscribas,
1012 1716 1132 1754 velim
1149 1731 1162 1754 ;
1191 1716 1331 1754 deinde
1351 1717 1500 1769 aliquid
1521 1717 1640 1755 etiam

251 1782 295 1820 in
313 1781 509 1835 posterum
531 1781 756 1834 prospicias,
784 1781 997 1833 fingasque,
1019 1795 1138 1834 quem
1160 1795 1222 1819 me
1242 1781 1315 1820 effe
1335 1782 1482 1827 deceat,
1511 1792 1548 1820 et
1571 1783 1640 1820 ubi

253 1861 318 1885 me
352 1847 570 1900 plurimum
607 1847 777 1898 prodeffe
812 1847 1058 1899 Reipublicae
1097 1847 1235 1885 sentias
1253 1866 1264 1892 ς
1311 1861 1443 1900 ecqua:
1480 1847 1643 1900 pacifica

252 1913 413 1966 persona
432 1912 692 1958 desideretur,
724 1926 772 1950 an
803 1912 843 1950 in
875 1912 1062 1950 bellatore
1092 1912 1166 1950 smt
1195 1913 1341 1951 omnia.
1388 1915 1523 1966 Atque
1552 1927 1639 1965 ego,

254 1979 323 2030 qui
343 1978 477 2016 omnia
496 1977 628 2016 officio
649 1978 806 2023 metior,
838 1977 1019 2016 recordor
1040 1987 1169 2016 tamen
1193 1987 1257 2015 tua
1277 1978 1463 2022 confilia3
1496 1979 1642 2030 quibus

255 2045 281 2082 fi
302 2044 523 2097 paruiffem,
553 2044 752 2083 tristitiam
772 2045 935 2082 illorum
957 2054 1183 2097 temporum
1204 2058 1282 2082 non
1305 2044 1513 2082 subiifl'em.
1548 2045 1641 2082 Me-

254 2111 368 2156 mini,
401 2110 498 2163 quid
527 2110 629 2149 mihi
659 2120 746 2149 tum
776 2111 931 2149 suaseris
961 2125 1030 2164 per
1059 2110 1362 2163 Theophanem,
1395 2124 1463 2162 per
1493 2111 1640 2148 Culeo-

255 2189 374 2221 nem;
406 2175 524 2228 idque
558 2176 653 2228 saepe
683 2177 942 2229 ingemiscens
973 2177 1058 2215 sum
1088 2177 1324 2215 recordatus.
1373 2178 1502 2227 Qare
1537 2188 1642 2213 nunc

258 2241 392 2279 saltem
411 2241 458 2278 ad
478 2242 568 2279 illos
590 2242 762 2280 calculos
791 2251 1043 2287 revertamur,
1076 2256 1174 2294 quos
1207 2252 1292 2280 tum
1321 2241 1564 2292 abjecimus;
1598 2250 1642 2279 ut

257 2319 335 2343 non
358 2305 482 2343 solum
502 2306 677 2359 gloriosis
698 2308 868 2346 consiliis
891 2318 1062 2352 utamur,
1091 2307 1154 2345 sed
1174 2308 1291 2344 etiam
1314 2307 1430 2359 paulo
1451 2306 1641 2344 salubrio-

258 2372 380 2408 ribus.
415 2371 487 2408 Sed
507 2371 608 2409 nihil
629 2373 837 2424 praescribo
856 2389 864 2411 :
897 2383 1074 2411 accurate
1095 2372 1213 2410 velim
1233 2372 1445 2424 perscribas
1468 2381 1574 2409 tuam
1596 2372 1642 2409 ad

257 2450 320 2474 me
343 2436 587 2474 sententiam.
629 2437 730 2476 Volo
749 2440 868 2478 etiam
887 2440 1083 2492 exquiras,
1115 2452 1233 2491 quam
1255 2437 1546 2489 diligentiliime
1569 2451 1639 2489 po-

257 2501 364 2546 teris,
399 2499 580 2552 (habebis
601 2510 746 2547 autem,
777 2517 845 2554 per
864 2518 963 2556 quos
985 2505 1117 2556 postis)
1148 2503 1244 2555 quid
1275 2503 1470 2541 Lentulus
1502 2503 1639 2545 noster,

255 2567 353 2619 quid
375 2566 602 2612 Domitius,
627 2575 728 2619 agat,
749 2567 848 2619 quid
866 2571 1018 2607 acturus
1040 2569 1100 2614 fit,
1123 2567 1457 2619 quemadmodum
1481 2580 1583 2604 nunc
1606 2567 1642 2604 se
