2243 3008
554 281 662 321 AD
719 279 1150 319 ATTICUM
1218 282 1526 326 LIB.XVI.
1651 290 1726 339 461

348 380 655 419 dissuadentibus
675 378 873 432 profectus
895 379 995 418 sum.
1042 380 1124 418 Etfi
1154 381 1250 432 quid
1271 383 1355 434 jam
1375 397 1473 436 opus
1495 385 1548 423 est
1567 385 1697 436 σχολίῳ
1715 389 1729 425 ?

346 446 375 484 fi
396 445 699 499 perseveraffem,
730 458 828 497 opus
848 444 992 484 fuiss‘et.
1039 447 1095 484 At
1123 444 1200 484 hoc
1229 447 1359 500 ipsum
1389 462 1467 487 non
1497 451 1729 491 constanter.

347 511 483 549 Nemo
512 510 647 548 do&us
679 523 853 562 unquam
885 511 1030 563 (multa
1063 521 1194 550 autem
1228 512 1275 550 de
1308 512 1385 552 hoc
1418 527 1557 566 genere
1591 517 1733 570 scripta

345 575 454 626 sunt)
487 577 748 614 mutationem
778 576 930 614 confilii
959 576 1259 616 inconstantiam
1280 577 1382 616 dixit
1401 579 1487 617 effe.
1532 581 1730 634 Deinceps

343 639 468 692 igitur
487 639 598 679 haec:
631 642 745 684 Nam,
759 641 804 690 st
831 655 854 678 a
884 640 1043 679 Phaedro
1067 641 1207 692 ncssro;
1239 642 1401 695 expedita
1427 644 1601 694 exczfiztio
1621 645 1698 697 effit
1716 661 1730 683 .-

343 720 439 745 nunc
467 705 556 759 quid
578 706 816 759 respondemus
834 706 854 744 ἒ
884 708 992 759 Ergo
1012 707 1052 745 id
1073 717 1152 746 erat
1172 721 1307 746 meum
1327 708 1490 754 factum,
1523 711 1628 762 quod
1652 713 1731 750 Ca-

343 773 429 810 toni
459 772 622 825 probare
643 786 722 810 non
742 772 896 824 poffim,
928 772 1066 825 flagitii
1094 772 1242 812 scilicet
1261 774 1426 827 plenum
1446 784 1484 813 et
1513 775 1728 815 dedecoris.

344 838 512 876 Utinam
532 852 553 875 a
571 838 701 890 primo
721 838 775 875 ita
795 838 869 875 tibi
889 837 978 876 esset
999 838 1125 876 visum
1145 838 1152 876 !
1187 848 1229 876 tu
1250 839 1367 885 mihi,
1399 840 1496 878 ficut
1524 841 1596 879 effe
1616 841 1729 887 soles,

343 902 474 941 fuiffes
497 905 610 943 Cato.
644 904 880 942 Extremum
903 903 1002 941 illud
1023 904 1083 942 vel
1104 904 1441 944 molestiffimum:
1466 907 1566 944 Nam
1588 907 1730 945 Brutus

342 968 454 1019 nester
467 969 582 1019 filet;
618 968 695 1006 hoc
725 969 793 1013 est,
830 982 909 1006 non
938 968 1053 1007 audet
1082 968 1288 1007 hominem
1322 970 1362 1008 id
1397 972 1519 1009 aetatis
1554 985 1728 1012 monere.

343 1034 468 1071 Aliud
490 1033 592 1072 nihil
622 1033 762 1078 habeo,
794 1033 900 1086 quod
932 1047 979 1072 ex
1009 1034 1057 1072 iis
1085 1047 1105 1071 a
1126 1044 1163 1072 te
1183 1035 1310 1072 verbis
1331 1035 1540 1088 fignificari
1559 1047 1697 1088 putem
1714 1056 1727 1083 ;

342 1108 382 1136 et
402 1098 561 1137 hercule
581 1100 636 1137 ita
655 1098 721 1137 est.
766 1099 872 1137 Nam
895 1112 970 1136 xvr
995 1099 1085 1137 Kal.
1109 1100 1215 1152 Sept.
1239 1113 1331 1138 cum
1350 1101 1535 1139 veniffem
1556 1102 1728 1147 Veliam,

344 1165 488 1203 Brutus
509 1165 677 1203 audivit:
701 1174 781 1202 erat
801 1166 908 1203 enim
924 1178 1016 1202 cum
1038 1164 1113 1203 suis
1135 1165 1298 1203 navibus
1320 1167 1422 1218 apud
1444 1167 1629 1204 Heletem
1651 1168 1730 1206 flu-

341 1231 452 1268 vium
473 1231 569 1268 citra
590 1230 744 1268 Veliam
766 1230 892 1268 millia
911 1230 1088 1283 passuum
1112 1244 1186 1269 111.
1228 1231 1398 1269 Pedibus
1431 1232 1477 1269 ad
1497 1246 1561 1270 me
1581 1232 1726 1272 statim.

340 1295 414 1333 Dii
443 1295 701 1340 immortales,
733 1309 850 1348 quam
871 1295 981 1333 valde
1009 1295 1078 1334 ille
1107 1296 1251 1341 reditu,
1281 1296 1343 1334 vel
1364 1297 1495 1349 potius
1517 1297 1732 1336 reverfione

340 1374 440 1405 mea,
463 1361 613 1399 laetatus
631 1363 643 1399 ?
676 1361 832 1399 Effudit
851 1361 920 1398 illa
939 1361 1086 1406 omnia,
1109 1375 1194 1413 quae
1216 1370 1413 1407 tacuerat;
1446 1372 1490 1400 ut
1511 1364 1731 1401 recordarer

340 1425 442 1463 iuud
464 1435 593 1471 tuum,
610 1439 693 1463 nam
714 1426 858 1463 Brutus
877 1425 1094 1476 noslerstlet.
1124 1426 1304 1463 Maxime
1325 1435 1455 1464 autem
1476 1426 1647 1472 dolebat,
1665 1441 1730 1465 me

340 1489 431 1529 Kal.
456 1491 561 1528 Sext.
585 1491 626 1527 in
648 1490 789 1528 Senatu
811 1504 890 1528 non
917 1489 1043 1528 fuiffe.
1091 1489 1273 1528 Pisonem
1304 1489 1453 1528 ferebat
1483 1491 1524 1528 in
1556 1492 1725 1530 caelum:

340 1554 376 1592 se
397 1564 527 1602 autem
549 1555 684 1599 laetari‚
715 1555 822 1607 quod
843 1554 1059 1606 effugissem
1080 1554 1174 1591 duas
1195 1555 1384 1592 maximas
1405 1556 1726 1607 vituperationes.

341 1621 489 1665 Unam,
522 1633 640 1672 quam
662 1620 800 1658 itinere
821 1619 1001 1657 faciendo
1026 1633 1089 1657 me
1118 1620 1390 1672 intelligebam
1420 1620 1625 1672 suscipere,
1657 1622 1728 1660 de-

339 1686 567 1738 sperationis
584 1699 627 1724 ac
644 1686 856 1724 reliffitionis
874 1685 1140 1737 Reipublicae:
1165 1685 1300 1723 flentes
1317 1699 1475 1723 mecum
1493 1686 1611 1739 vulgo
1628 1701 1727 1739 que-

338 1751 538 1795 rebantur,
556 1751 701 1802 quibus
719 1751 765 1787 de
786 1764 874 1788 meo
895 1750 1011 1788 celeri
1033 1749 1158 1787 reditu
1177 1763 1254 1788 non
1272 1750 1501 1802 probabam.
1531 1752 1725 1797 Alteram,

338 1816 386 1855 de
405 1829 481 1868 qua
502 1817 661 1861 Brutus,
687 1825 724 1854 et
747 1816 816 1868 qui
837 1829 913 1853 una
932 1825 1053 1860 erant,
1080 1816 1216 1867 (multi
1237 1825 1367 1854 autem
1389 1816 1514 1864 erant)
1538 1816 1727 1855 laetaban-

339 1890 417 1927 tur,
449 1881 555 1934 quod
589 1895 673 1919 eam
708 1882 1037 1934 vituperationem
1071 1880 1304 1933 effugissem,
1337 1894 1399 1919 me
1433 1880 1644 1920 existimari
1678 1883 1724 1920 ad

340 1947 544 1999 Olympia.
578 1947 670 1986 Hoc
690 1960 781 1984 vero
802 1946 904 1984 nihil
927 1947 1079 1998 turpius
1101 1948 1239 1998 quovis
1257 1946 1505 1999 Reipublicae
1527 1956 1722 1999 tempore;

338 2012 402 2051 sed
422 2012 498 2050 hoc
521 2009 777 2058 ἀναπολόγητον.
826 2013 914 2064 Ego
935 2025 1023 2050 vero
1044 2012 1169 2049 austro
1189 2013 1330 2064 gratias
1352 2012 1483 2056 miras,
1516 2014 1585 2063 qui
1616 2026 1678 2050 me
1705 2027 1725 2050 a

339 2087 446 2116 tanta
465 2077 628 2115 infamia
647 2078 841 2116 averterit.
875 2078 1119 2120 Reverfionis
1144 2077 1213 2116 has
1234 2077 1419 2130 speciosas
1440 2077 1568 2115 causas
1589 2077 1723 2123 habes,

331 2143 453 2195 justas
474 2143 560 2180 illas
581 2142 743 2195 quidem
763 2152 801 2180 et
832 2156 1019 2195 magnas;
1052 2143 1115 2181 sed
1147 2143 1256 2181 nulla
1281 2143 1436 2195 justior,
1468 2155 1587 2194 quarn
1617 2143 1723 2195 quod

336 2218 380 2247 tu
401 2209 506 2247 idem
528 2209 613 2246 aliis
639 2208 790 2246 literis:
823 2208 997 2254 Provide,
1012 2210 1056 2259 st
1081 2209 1141 2247 cui
1166 2208 1260 2261 quod
1283 2208 1443 2252 debetur,
1474 2216 1516 2245 ut
1529 2208 1600 2258 stt,
1633 2208 1722 2246 unde

330 2283 408 2327 par
419 2274 512 2327 pari
538 2273 789 2326 respondeatur
802 2289 816 2311 .·
846 2274 997 2325 mirifica
1025 2275 1115 2313 enim
1143 2267 1325 2322 δυσχρηςίαι
1353 2272 1398 2322 est
1419 2281 1574 2325 propter
1593 2282 1723 2311 metum

337 2352 531 2376 armorum.
577 2340 624 2376 In
654 2337 756 2376 freto
785 2339 916 2377 medio
944 2338 1046 2377 hanc
1074 2337 1275 2390 epistolam
1298 2337 1391 2389 legi,
1423 2346 1482 2382 ut,
1513 2338 1609 2389 quid
1630 2338 1726 2390 pos-

337 2404 415 2442 sem
437 2404 653 2457 providere,
683 2406 726 2443 in
755 2415 929 2444 mentem
961 2404 1061 2443 mihi
1093 2418 1171 2442 non
1203 2403 1366 2448 veniret,
1398 2403 1468 2441 nisi
1493 2413 1537 2440 ut
1558 2404 1721 2455 praesens

338 2484 402 2508 me
422 2469 502 2521 ipse
522 2469 785 2508 defenderem.
831 2471 903 2509 Sed
933 2470 1015 2509 haec
1036 2469 1221 2508 hactenus
1241 2484 1250 2507 ε
1283 2469 1433 2521 reliqua
1453 2481 1597 2506 coram.
1631 2471 1720 2505 An·-

338 2535 439 2574 tonii
458 2534 629 2574 edictum
645 2535 722 2587 legi
743 2548 762 2572 a
778 2535 916 2580 Bruto,
932 2545 970 2575 et
991 2535 1135 2575 horum
1150 2543 1300 2580 contra,
1318 2534 1507 2586 scriptum
1524 2533 1719 2585 praeclare.
