2243 3008
734 485 827 543 M.
945 481 1495 544 TULLII

461 675 1770 773 CICERONIS

659 890 1564 966 EPISTOLAE

598 1083 777 1139 AD
892 1081 1629 1143 ATTICUM.

911 1283 1309 1324 LIBERI.

755 1475 997 1512 CICERO
1038 1474 1294 1538 Αττῐιθο
1336 1475 1465 1515 SAL.

419 1602 454 1640 Ι.
480 1598 583 1730 Ρ
596 1602 630 1639 Ε
646 1602 683 1640 T
697 1603 714 1640 Ι
730 1603 766 1641 T
782 1604 800 1641 1
817 1604 852 1641 O
869 1604 909 1642 N
926 1603 980 1641 IS
1012 1602 1161 1648 nostrae,
1194 1617 1312 1657 quam
1333 1604 1408 1642 tibi
1430 1603 1589 1643 summae
1609 1618 1710 1643 curae
1731 1605 1802 1644 effe

622 1666 715 1712 scio,
764 1667 992 1720 hujusmodi
1030 1670 1127 1706 ratio
1165 1669 1232 1714 est,
1273 1669 1380 1722 quod
1419 1668 1546 1709 adhuc
1581 1672 1804 1723 conjedffira

621 1733 817 1784 provideri
843 1733 972 1786 poffit.
1019 1733 1176 1772 Prensat
1207 1748 1308 1772 unus
1341 1735 1387 1773 P.
1412 1735 1565 1774 Galba:
1599 1736 1676 1774 fine
1708 1736 1803 1775 fuco

420 1812 462 1837 ac
498 1797 678 1843 fallaciis,
710 1812 818 1837 more
850 1800 1060 1851 majorum,
1091 1809 1268 1851 negatur.
1321 1802 1378 1838 Ut
1409 1801 1545 1853 opimo
1579 1801 1632 1839 est
1665 1801 1801 1840 homi-

419 1877 531 1909 num,
574 1878 652 1902 non
689 1865 812 1902 aliena
840 1865 983 1903 rationi
1019 1864 1154 1903 nostrae
1187 1864 1266 1904 fuit
1300 1865 1408 1904 illius
1443 1865 1526 1904 haec
1561 1880 1804 1920 praepropera
1883 1893 1888 1895 -

418 1930 624 1983 prensatiO.
672 1930 777 1968 Nam
806 1931 867 1968 illi
896 1931 949 1969 ita
977 1940 1121 1982 negant
1147 1931 1282 1984 vulgo,
1314 1940 1359 1969 ut
1384 1931 1486 1970 mihi
1514 1931 1550 1970 se
1579 1932 1717 1970 debere
1737 1933 1801 1970 di-

418 2006 520 2034 cant.
564 1997 622 2033 Ita
643 1996 831 2048 quiddam
851 1997 960 2049 spero
979 1997 1093 2035 nobis
1114 1997 1268 2049 profici,
1299 2011 1393 2036 cum
1413 1996 1490 2036 hoc
1510 1998 1802 2050 percrebrescit,

417 2063 608 2115 plurimos
632 2062 778 2101 nostros
800 2063 946 2101 amicos
979 2063 1159 2101 inveniri.
1206 2064 1293 2102 Nos
1325 2073 1457 2102 autem
1489 2064 1651 2102 initium
1681 2078 1801 2118 pren-

418 2128 521 2165 sandi
543 2127 667 2166 facere
688 2129 948 2180 cogitaramus
969 2142 1015 2166 eo
1045 2128 1128 2181 ipso
1156 2138 1345 2182 ternpore,
1376 2143 1456 2182 quo
1487 2138 1602 2168 tuum
1633 2144 1802 2183 puerum

416 2206 508 2231 cum
539 2192 600 2231 his
633 2193 756 2231 literis
787 2193 982 2246 proficisci
1015 2194 1179 2232 Cincius
1212 2195 1379 2240 dicebat,
1412 2195 1453 2233 in
1485 2208 1638 2247 campo,
1670 2196 1799 2234 comi-

417 2259 482 2296 tiis
517 2259 774 2304 Tribunitiis,
805 2273 838 2297 a.
862 2259 901 2297 d.
926 2272 1019 2297 Χνῐ.
1049 2259 1218 2299 Kalend.
1252 2261 1357 2298 Sext.
1392 2261 1699 2312 Competitores‚
1729 2262 1800 2314 qui

417 2325 513 2362 certi
545 2324 616 2362 effe
647 2324 865 2370 videantur,
898 2325 1040 2370 Galba,
1071 2334 1109 2363 et
1142 2326 1357 2371 Antonius,
1388 2335 1426 2364 et
1458 2326 1797 2377 QCornificius.

420 2390 521 2427 Puto
542 2400 579 2427 te
600 2391 639 2428 in
661 2390 737 2428 hoc
758 2401 824 2429 aut
844 2391 972 2437 risisse,
1003 2401 1069 2429 aut
1089 2392 1332 2444 ingemuisse.
1380 2393 1436 2429 Ut
1461 2391 1633 2431 frontem
1654 2392 1766 2431 ferias
1785 2412 1796 2437 ;

418 2454 521 2498 sunt,
553 2456 621 2506 qui
641 2457 758 2494 etiam
781 2456 1003 2495 Caesonium
1024 2467 1179 2510 putent.
1216 2457 1428 2510 Aquilium
1450 2471 1527 2495 non
1548 2458 1795 2501 arbitramur,

414 2520 486 2573 qui
525 2519 702 2571 denegat,
751 2531 790 2559 et
825 2523 974 2575 juravit
1013 2523 1214 2568 morbum,
1263 2532 1302 2560 et
1340 2523 1440 2561 illud
1479 2523 1592 2561 suum
1631 2534 1795 2574 regnum

502 2587 638 2624 ToM.
672 2586 787 2626 VIII,
1461 2590 1496 2625 A
