2243 3008
508 252 615 291 AD
673 247 1105 289 ATTICUM
1177 249 1318 288 LIB.
1372 251 1449 289 111.
1624 265 1671 303 7¹

620 482 863 520 CICERO
904 482 1160 519 Ara-100
1201 482 1332 522 SAL.

286 610 338 648 V.
362 607 448 681 T
461 609 495 647 E
508 609 590 647 RE
606 610 771 647 ΝΤΙΑ
800 609 875 648 tibi
896 617 934 647 et
954 608 1050 662 saepe
1069 618 1108 647 et
1128 609 1318 648 maximas
1340 611 1421 662 agit
1440 610 1579 662 gratias
1597 625 1606 649 :
1629 610 1670 648 id

469 674 523 712 est
543 673 644 711 mihi
663 674 938 726 gratissimum.
978 675 1065 726 Ego
1085 675 1174 712 vivo
1195 675 1452 721 miserrimus,
1482 684 1521 713 et
1541 676 1669 713 maxi-

285 753 352 779 mo
373 739 507 778 dolore
526 739 730 778 conficior.
777 739 842 777 Ad
866 748 904 778 te
925 740 1021 792 quid
1041 739 1223 785 scribam,
1254 740 1397 779 nescio.
1443 741 1483 779 Si
1502 742 1610 779 enim
1630 754 1670 779 es

285 806 439 851 Romae,
465 807 549 858 jam
569 818 633 843 me
652 804 796 857 affequi
817 818 896 843 non
917 813 1027 858 potes
1047 822 1056 844 ;
1089 806 1143 843 fin
1163 819 1202 844 es
1224 806 1265 843 in
1285 806 1361 851 via,
1391 819 1484 844 cum
1505 807 1580 845 eris
1606 819 1672 844 me

286 871 489 917 assecutus,
521 884 652 909 coram
672 884 847 923 agemus,
879 885 965 923 quae
985 881 1100 909 erunt
1119 871 1280 924 agenda.
1327 873 1506 910 Tantum
1527 881 1566 911 te
1585 886 1669 918 oro,

287 946 346 982 ut,
377 936 565 990 quoniam
586 950 649 974 me
670 936 797 989 ipsum
818 936 967 989 semper
987 936 1134 982 amasti,
1164 937 1303 975 eodem
1331 950 1461 976 amore
1492 938 1566 983 fis;
1598 951 1674 990 ego

286 1002 393 1039 enim
414 1002 520 1040 idem
541 1002 626 1039 sum
644 1017 653 1039 :
686 1001 840 1039 inimici
861 1002 939 1039 mei
959 1015 1044 1040 mea
1063 1001 1180 1046 mihi,
1212 1015 1292 1040 non
1321 1017 1384 1041 me
1404 1002 1550 1055 ipsum,
1579 1003 1672 1041 ade-

286 1076 459 1106 merunt.
493 1068 598 1105 Cura
618 1076 662 1104 ut
681 1066 820 1105 valeas.
852 1067 946 1105 Dat.
972 1079 1076 1105 vm.
1110 1066 1170 1105 Id.
1193 1067 1292 1119 Apr.
1325 1066 1488 1106 Thurii.

620 1267 862 1305 C1CERO
902 1267 1158 1306 ATTrco
1199 1268 1332 1307 SAL.

286 1394 360 1434 VI.
383 1393 471 1468 N
485 1395 521 1433 Ο
537 1395 579 1434 Ν
608 1394 735 1433 fuerat
754 1394 856 1434 mihi
877 1394 1060 1441 dubium,
1092 1396 1189 1448 quin
1211 1405 1249 1435 te
1269 1395 1434 1435 Tarenti
1454 1404 1520 1434 aut
1540 1397 1673 1435 Brun-

501 1460 599 1499 dufii
630 1460 781 1498 visurus
813 1460 929 1498 essem
947 1475 957 1499 z
989 1460 1109 1514 idque
1142 1461 1190 1498 ad
1222 1462 1349 1500 multa
1377 1461 1570 1515 pertinuit
1584 1481 1598 1508 3
1630 1462 1674 1500 in

286 1525 357 1570 eis,
383 1534 421 1564 et
442 1534 486 1563 ut
505 1525 547 1563 in
568 1525 692 1578 Epiro
712 1524 1019 1570 confisteremus,
1041 1534 1080 1563 et
1100 1525 1147 1563 de
1166 1526 1328 1579 reliquis
1349 1526 1464 1565 rebus
1485 1535 1555 1565 tuo
1574 1540 1674 1565 con-

289 1590 373 1628 filio
393 1599 605 1629 uteremur.
651 1590 854 1642 Qoniam
885 1591 925 1628 id
945 1603 1024 1628 non
1045 1591 1231 1643 contigit,
1260 1592 1335 1630 erit
1354 1591 1432 1630 hoc
1453 1605 1611 1645 quoque
1631 1592 1674 1630 in

287 1668 432 1707 magno
452 1668 618 1693 numero
637 1654 858 1693 nostrorum
877 1656 1088 1693 malorum.
1134 1657 1266 1695 Nobis
1296 1658 1370 1696 iter
1389 1657 1442 1695 est
1461 1658 1502 1695 in
1524 1658 1671 1704 Afiam,

287 1721 459 1758 maxime
480 1720 693 1771 Cyzicum.
738 1721 854 1759 Meos
889 1721 963 1758 tibi
983 1722 1233 1761 commendo.
1278 1723 1351 1761 Me
1370 1723 1437 1762 vix
1457 1723 1676 1777 misereque

288 1785 471 1824 sustento.
514 1786 569 1824 D.
603 1799 697 1824 x1v.
729 1786 820 1825 Kal.
853 1786 954 1824 Mai.
987 1786 1151 1825 Tarent.

626 1986 869 2024 CICERO
909 1987 1165 2025 A-‘rT1co
1207 1987 1340 2026 SAL.

290 2113 384 2153 VII.
409 2113 471 2185 B
487 2114 524 2152 R
537 2114 574 2152 U
590 2114 631 2153 N
647 2115 685 2153 D
701 2115 739 2152 U
755 2115 777 2152 S
792 2115 810 2152 Ι
825 2115 864 2152 U
878 2114 928 2153 M
957 2115 1101 2153 venia.
1125 2114 1163 2153 d.
1188 2128 1282 2153 xlv.
1306 2115 1397 2154 Kal.
1424 2114 1567 2154 Maias.
1611 2116 1673 2154 Eo

503 2180 565 2218 die
595 2181 707 2232 pueri
737 2180 796 2218 tui
826 2179 928 2218 mihi
959 2194 980 2219 a
1011 2189 1049 2219 te
1080 2181 1210 2218 literas
1235 2181 1487 2219 reddiderunt
1503 2200 1514 2226 ς
1547 2191 1585 2219 et
1605 2182 1673 2219 alii

290 2245 399 2296 pueri
418 2245 503 2297 post
523 2245 628 2284 diem
650 2246 813 2284 tertium
832 2248 915 2298 ejus
936 2246 1014 2284 diei
1034 2246 1125 2284 alias
1146 2247 1276 2284 literas
1292 2238 1523 2284 attulerunt.
1554 2246 1674 2298 Qod

291 2323 353 2346 me
374 2323 483 2362 rogas
503 2320 542 2349 et
567 2310 750 2357 hortaris,
782 2321 826 2350 ut
857 2312 959 2364 apud
989 2321 1028 2350 te
1051 2312 1098 2360 ,in
1129 2313 1252 2364 Epiro
1282 2313 1366 2357 sun,
1398 2312 1578 2350 voluntas
1609 2321 1676 2351 tua

291 2374 394 2412 mihi
414 2376 523 2414 valde
543 2386 650 2429 grata
668 2377 735 2423 est,
766 2387 804 2417 et
831 2379 1000 2417 minime
1019 2391 1144 2424 nova5
1176 2379 1239 2416 sed
1269 2388 1307 2417 et
1333 2378 1541 2417 confilium
1573 2377 1674 2416 mihi

292 2439 453 2492 quidem
474 2450 668 2492 optatum,
699 2443 726 2481 fi
755 2443 890 2482 liceret
919 2444 976 2482 ibi
1006 2457 1123 2482 omne
1145 2453 1300 2497 tempus
1322 2443 1575 2482 consumere:
1608 2444 1674 2480 odi

291 2506 397 2543 enim
414 2505 680 2545 celebritatem
692 2526 706 2553 ,ς
727 2507 840 2561 fugio
860 2508 1041 2549 homines
1055 2529 1067 2556 5
1091 2509 1222 2549 lucem
1241 2509 1408 2562 aspicere
1424 2509 1489 2547 vix
1505 2508 1672 2561 pofl‘um„
