2243 3008
620 279 728 318 AD
786 275 1216 314 ATTIcUM
1284 276 1510 314 L113.1.
1709 291 1752 330 31

376 378 474 431 quid
491 376 631 415 emerit
651 375 808 414 nesciat.
855 375 954 413 Haec
985 374 1074 412 sunt
1100 375 1141 412 in
1163 375 1400 426 Republica,
1431 376 1501 424 nifi
1522 376 1639 413 etiam
1660 377 1761 414 illud

375 443 423 480 ad
443 442 750 494 Rempublicam
771 449 884 492 putes
905 440 1112 492 pertinere,
1145 440 1396 478 Herennium
1419 441 1632 492 quendam,
1663 443 1760 480 Tri-

379 507 529 545 bunum
550 506 693 558 plebis‚
725 505 914 544 tribulem
935 514 1065 549 tuum,
1097 504 1183 542 sane
1211 504 1418 542 hominem
1448 518 1618 557 nequam
1646 515 1762 558 atque

376 582 572 625 egentem,
604 572 700 624 saepe
721 572 804 623 jam
834 570 882 608 de
914 571 960 608 P.
983 570 1127 609 Clodio
1157 569 1204 607 ad
1233 570 1391 622 plebem
1412 570 1651 609 traducendo
1671 585 1762 624 age-

377 651 417 676 re
437 637 619 690 coepiffe:
651 636 747 675 huic
776 636 1000 688 frequenter
1030 635 1300 674 interceditur.
1347 636 1445 674 Haec
1473 636 1577 681 sunt,
1609 646 1652 675 ut
1673 638 1762 689 opi-

377 716 463 748 nor,
495 703 536 740 in
561 702 798 754 Republica.
844 702 933 753 Ego
963 710 1109 745 autem,
1141 709 1184 738 ut
1216 700 1334 738 semel
1364 701 1572 740 Nonarum
1604 702 1764 740 illarum

377 767 678 813 Decembrium,
703 768 883 820 junctam
912 766 1061 804 invidia
1089 779 1132 804 ac
1163 766 1384 804 multorum
1407 767 1646 812 inimicitiis,
1677 768 1764 805 exi-

377 834 498 872 miam
519 832 715 886 quandam
741 841 857 885 atque
887 831 1155 870 immortalem
1184 831 1352 883 gloriam
1383 831 1615 869 consecutus
1647 832 1762 877 sum;
1809 862 1811 865 .

378 912 456 936 non
492 897 620 935 destiti
653 896 788 935 eadem
821 897 945 934 animi
976 895 1251 948 magnitudine
1285 896 1326 933 in
1358 896 1582 948 Republica
1609 897 1763 940 versari,

377 973 416 1002 et
438 964 546 1002 illam
569 962 787 1001 institutam
808 976 850 1000 ac
872 962 1088 1014 susceptam
1109 961 1347 1013 dignitatem
1374 963 1489 1000 tuerI.
1538 963 1610 1000 Sed
1637 962 1769 1015 postea

377 1042 496 1081 quam
531 1029 709 1081 primum
743 1028 878 1066 Clodii
908 1027 1152 1065 absolutione
1183 1026 1382 1064 levitatem
1415 1027 1766 1080 infirmitatemque

372 1094 617 1146 judiciorum
641 1093 848 1145 perspexi;
879 1092 1033 1129 deinde*
1049 1091 1130 1130 vidi
1162 1091 1308 1129 nostros
1341 1092 1574 1144 publicanos
1603 1093 1719 1130 facile
1745 1107 1767 1131 a

377 1159 520 1196 Senatu
547 1157 742 1210 disjungi,
769 1169 995 1209 quanquam
1014 1169 1035 1193 a
1054 1170 1118 1194 me
1137 1156 1220 1208 ipso
1241 1169 1319 1193 non
1340 1156 1645 1201 divellerentur;
1679 1168 1766 1196 tum

377 1233 508 1261 autem
543 1223 675 1261 beatos
712 1221 897 1262 homines
933 1220 1025 1274 (hos
1058 1220 1286 1273 piscinarios
1320 1221 1425 1265 dico,
1469 1222 1616 1259 amicos
1656 1223 1765 1272 tuos)

378 1304 458 1328 non
490 1290 654 1328 obscure
687 1288 802 1327 nobis
837 1287 1037 1326 invidere:
1069 1287 1220 1339 putavi,
1251 1286 1354 1325 mihi
1385 1289 1548 1340 majores
1582 1288 1767 1340 quasdam

378 1369 472 1408 opes
492 1364 530 1394 et
551 1354 724 1393 firmiora
742 1353 915 1407 praefidia
934 1352 1006 1391 effe
1026 1352 1245 1404 quaerenda.
1292 1354 1430 1405 Itaque
1458 1354 1634 1406 primum
1658 1367 1766 1398 eum,

377 1421 450 1473 qui
471 1420 643 1458 nimium
665 1419 732 1457 diu
754 1419 801 1457 de
828 1419 943 1456 rebus
972 1417 1111 1456 nostris
1139 1426 1324 1463 tacuerat,
1356 1418 1593 1471 Pompeium
1622 1418 1768 1457 adduxi

380 1487 421 1524 in
442 1499 528 1524 earn
554 1485 815 1530 voluntatem,
846 1493 890 1521 ut
921 1483 964 1521 in
992 1483 1135 1521 Senatu
1165 1496 1245 1521 non
1276 1483 1409 1527 semel,
1440 1483 1504 1521 sed
1532 1483 1628 1535 saepe
1658 1484 1766 1521 mul-

380 1551 508 1603 tisque
528 1551 670 1596 verbis,
688 1550 807 1603 hujus
829 1548 930 1587 mihi
952 1548 1115 1587 salutem
1136 1549 1294 1601 imperii
1314 1558 1430 1601 atque
1450 1549 1556 1587 orbis
1579 1558 1768 1587 terrarum

380 1616 626 1668 adjudicarit.
660 1616 780 1667 Qod
800 1629 880 1653 non
901 1624 982 1652 tam
1001 1613 1184 1652 interfuit
1204 1627 1304 1659 mea,
1323 1616 1470 1666 (neque
1484 1615 1591 1652 enim
1612 1615 1688 1653 illae
1709 1628 1769 1652 res

380 1691 447 1720 aut
468 1683 520 1720 ita
541 1682 630 1719 sunt
649 1681 835 1725 obscurae,
863 1690 906 1718 ut
927 1679 1211 1724 testimonium,
1242 1689 1309 1718 aut
1329 1681 1383 1717 ita
1403 1680 1547 1724 dubiae,
1568 1690 1611 1718 ut
1632 1680 1766 1718 lauda-

381 1748 546 1790 tionem,
570 1746 802 1795 desiderent)
825 1758 943 1797 quam
966 1745 1227 1797 Reipublicae,
1250 1745 1357 1796 quod
1377 1755 1484 1782 erant
1504 1745 1666 1797 quidam
1687 1746 1766 1783 im-

381 1813 511 1866 probi,
543 1812 610 1863 qui
631 1811 927 1849 contentionem
948 1809 1032 1847 fore
1052 1810 1223 1862 aliquam
1246 1809 1346 1848 mihi
1368 1824 1461 1848 cum
1483 1811 1687 1863 Pompeio,
1718 1824 1766 1849 ex

381 1892 512 1916 rerum
533 1878 690 1916 illarum
707 1877 931 1915 diffenfione
951 1876 1244 1914 arbitrarentur.
1277 1877 1382 1914 Cum
1400 1876 1475 1914 hoc
1492 1890 1564 1928 ego
1580 1889 1642 1914 me
1664 1886 1771 1914 tanta

382 1945 648 1983 familiaritate
669 1944 873 1996 conjunxi,
906 1952 950 1981 ut
970 1952 1132 1994 uterque
1154 1943 1327 1980 nostrum
1349 1943 1388 1980 in
1417 1943 1481 1980 sua
1501 1944 1649 1980 ratione
1675 1957 1768 1981 mu·—

384 2012 519 2056 nitior‚
551 2020 589 2048 et
616 2010 656 2047 in
686 2010 908 2062 Republica
939 2008 1104 2053 firmior,
1135 2008 1207 2046 hac
1236 2009 1514 2060 conjunctione
1540 2009 1612 2046 effe
1638 2009 1766 2062 poffit.

386 2077 489 2114 Odia
509 2085 640 2114 autem
668 2075 735 2112 illa
764 2074 982 2112 libidinosae
1012 2083 1050 2111 et
1077 2073 1250 2112 delicatae
1276 2074 1514 2125 juventutis,
1544 2088 1630 2126 quae
1661 2083 1771 2113 erant

384 2142 425 2179 in
455 2155 519 2180 me
547 2141 723 2185 incitata,
755 2140 804 2178 fic
837 2140 1016 2192 mitigata
1042 2139 1131 2177 sunt
1162 2140 1348 2177 comitate
1380 2140 1546 2192 quadam
1575 2153 1674 2184 mea,
1704 2153 1770 2177 me

385 2220 508 2244 unum
532 2215 574 2244 ut
595 2219 732 2243 omnes
754 2205 815 2242 illi
836 2205 981 2242 colant.
1029 2204 1146 2243 Nihil
1168 2206 1250 2257 jam
1279 2205 1448 2257 denique
1469 2219 1489 2242 a
1509 2218 1571 2241 me
1591 2205 1769 2256 asperum

385 2272 426 2309 in
454 2284 694 2324 quemquam
725 2270 783 2316 fit,
817 2284 886 2308 nec
915 2280 1044 2307 tamen
1073 2271 1285 2322 quicquam
1316 2270 1501 2322 populare
1534 2283 1576 2306 ac
1606 2270 1768 2308 diffolu-

387 2346 473 2374 tum
492 2351 500 2375 :
534 2337 596 2374 sed
622 2337 676 2374 ita
702 2345 913 2389 temperata
938 2344 1019 2373 tota
1038 2336 1134 2373 ratio
1154 2335 1221 2380 est,
1254 2345 1295 2372 ut
1318 2335 1564 2387 Reipublicae
1586 2335 1766 2372 constan-

388 2402 482 2439 tiam
505 2402 704 2454 praestem3
737 2403 896 2455 privatis
924 2402 1037 2439 rebus
1066 2403 1177 2446 meis,
1209 2411 1366 2454 propter
1393 2401 1663 2438 infirmitatem
1695 2401 1766 2438 bo-

389 2479 545 2510 norum,
575 2466 824 2518 iniquitatem
846 2467 1144 2512 malevolorum,
1176 2467 1311 2504 odium
1334 2467 1373 2503 in
1396 2480 1457 2504 me
1479 2466 1766 2518 improborum,

388 2530 594 2570 adhibeam
615 2531 809 2583 quandam
831 2533 1053 2571 cautionem
1074 2543 1111 2572 et
1133 2533 1377 2584 diligentiam
1398 2547 1406 2571 z
1431 2542 1544 2583 atque
1565 2532 1618 2568 ita
1639 2540 1768 2567 tamen
