2243 3008
550 263 656 301 AD
715 258 1143 299 ATTICUM
1211 258 1454 296 L13.v.
1622 271 1695 310 133

315 363 465 408 animi3
498 371 536 400 et
563 360 758 399 industriae
790 373 885 397 meae
916 358 1098 411 praeclara
1128 370 1243 410 opera
1272 357 1398 395 cessat.
1445 358 1605 410 Qippe
1631 358 1697 409 jus

317 428 517 466 Laodiceae
549 439 612 463 me
643 425 784 469 dicere,
817 437 911 461 cum
940 424 1079 461 Romae
1110 423 1162 460 A.
1187 422 1339 460 Plotius
1369 422 1504 459 dicat?
1535 431 1574 460 et
1605 436 1699 460 curn

314 493 533 531 exercitum
567 490 693 529 noster
726 490 874 528 amicus
907 488 1046 527 habeat
1081 497 1250 533 tantum,
1282 501 1345 525 me
1379 501 1523 525 nomen
1557 487 1699 526 habere

315 558 480 595 duarum
502 556 705 608 legionum
725 555 914 593 exilium?
938 554 1123 606 Denique
1138 553 1221 592 haec
1242 566 1321 591 non
1338 552 1527 591 desidero:
1551 552 1697 596 lucem,

315 623 463 668 forum,
495 622 648 666 urbem,
680 621 860 665 domum,
881 633 964 665 vos,
996 619 1180 658 desidero.
1220 619 1292 657 Sed
1312 618 1448 664 feram,
1471 628 1515 657 ut
1535 628 1697 671 potero;

315 690 362 727 fit
383 688 502 727 modo
522 701 725 726 annuum:
758 687 783 725 fi
805 696 1050 739 prorogatur,
1081 687 1210 724 aetum
1231 685 1298 723 est.
1341 685 1489 722 Verum
1515 683 1701 736 perfacile

316 754 432 792 refisti
454 753 602 806 potest:
626 762 669 790 tu
689 752 808 790 modo
830 753 968 790 Romae
989 751 1049 790 fis.
1083 751 1252 801 Qaeris,
1275 749 1371 802 quid
1392 749 1458 787 hic
1479 749 1618 801 agam?
1642 749 1702 787 Ita

315 819 460 863 vivam,
493 826 536 856 ut
557 817 749 855 maximos
771 816 949 869 sumptus
970 815 1087 854 facio.
1134 814 1309 853 Mirifice
1336 814 1504 852 delector
1532 813 1610 851 hoc
1636 813 1700 851 in-

316 883 481 921 stituto:
514 882 754 920 admirabilis
775 881 1007 919 abstinentia
1034 895 1083 919 ex
1109 880 1312 933 praeceptis
1346 880 1452 924 tuis;
1484 888 1529 916 ut
1557 891 1698 924 verear,

317 963 365 987 ne
386 948 501 993 illud,
532 947 640 1000 quod
660 957 792 985 tecum
813 947 1047 999 permutavi,
1078 946 1230 985 versura
1249 944 1351 983 mihi
1380 944 1609 982 solvendum
1639 944 1699 982 sit.

317 1015 441 1066 Appii
461 1013 622 1051 vulnera
641 1026 720 1050 non
742 1011 910 1050 refrico:
944 1012 1007 1050 sed
1033 1020 1232 1065 apparent,
1264 1024 1335 1048 nec
1367 1010 1498 1048 occuli
1530 1009 1699 1062 poffunt.

317 1080 397 1118 Iter
421 1078 615 1117 Laodicea
644 1077 837 1116 faciebam
866 1092 900 1117 a.
924 1078 963 1117 d.
990 1091 1064 1117 111.
1087 1077 1218 1116 Nonis
1241 1077 1346 1115 Sext.
1369 1089 1462 1114 cum
1482 1075 1550 1113 has
1571 1075 1700 1114 literas

316 1145 470 1188 dabam,
502 1145 544 1181 in
564 1142 683 1181 castra
701 1143 743 1181 in
764 1143 1033 1194 Lycaoniam:
1065 1143 1156 1181 inde
1184 1141 1231 1180 ad
1257 1143 1436 1180 Taurum
1463 1141 1700 1194 cogitabam,

317 1219 362 1248 ut
382 1223 475 1248 cum
495 1209 725 1261 Moeragene
745 1208 862 1261 fignis
883 1208 1053 1253 collatis,
1084 1208 1111 1246 fi
1131 1207 1292 1260 possem,
1324 1207 1371 1244 de
1401 1207 1507 1245 servo
1537 1217 1606 1245 tuo
1633 1207 1702 1245 de-

316 1275 503 1313 ciderem.
551 1274 722 1313 Clitellae
749 1274 842 1312 bovi
862 1274 952 1312 sunt
971 1273 1162 1326 impofitae
1180 1287 1189 1311 :
1222 1272 1335 1325 plane
1356 1285 1435 1310 non
1455 1272 1508 1309 est
1528 1272 1705 1310 nostrum

317 1355 416 1380 onus
436 1356 445 1379 :
478 1339 542 1378 sed
561 1339 760 1386 feremus5
793 1340 926 1385 modo,
958 1340 984 1377 fi
1005 1353 1069 1377 me
1089 1352 1207 1384 amas,
1238 1338 1284 1376 fit
1304 1351 1494 1376 annuum.
1527 1338 1638 1376 Adfis
1660 1347 1704 1375 tu

318 1407 366 1445 ad
386 1416 558 1460 tempus,
585 1415 630 1444 ut
650 1406 826 1444 senatum
848 1414 978 1444 totum
998 1405 1160 1444 excites.
1192 1403 1368 1442 Mirifice
1388 1403 1579 1441 sollicitus
1601 1403 1701 1448 sum,

318 1472 426 1525 quod
441 1473 525 1524 jam
549 1470 618 1509 diu
649 1471 786 1524 ignota
813 1471 904 1510 sunt
934 1469 1037 1509 mihi
1068 1470 1137 1508 ista
1164 1470 1311 1508 omnia.
1358 1469 1503 1520 Qare,
1535 1478 1579 1507 ut
1599 1468 1645 1506 ad
1666 1477 1704 1507 te

318 1547 408 1575 ante
429 1536 574 1589 scripfi,
604 1549 698 1575 cum
719 1546 868 1582 caetera,
899 1545 985 1574 tum
1007 1535 1260 1588 Respublica,
1291 1548 1397 1579 cura,
1425 1543 1471 1572 ut
1490 1533 1593 1572 mihi
1613 1542 1706 1572 nota

320 1603 380 1641 fit.
427 1602 545 1640 Plura
575 1601 742 1640 scribam
771 1601 878 1640 tarde
907 1601 1138 1640 reddituro?
1171 1600 1234 1638 sed
1263 1600 1403 1638 dabam
1423 1599 1608 1637 familiari
1627 1598 1703 1637 ho-

319 1668 421 1706 mini
440 1680 484 1705 ac
504 1667 731 1713 domestico,
764 1668 813 1705 C.
837 1666 1068 1705 Andronico
1089 1665 1319 1704 Puteolano.
1365 1667 1432 1703 Tu
1459 1674 1589 1702 autem
1609 1664 1706 1716 saepe

320 1733 409 1771 dare
430 1732 640 1770 tabellariis
663 1733 972 1771 Publicanorum
992 1731 1153 1784 poteris,
1184 1744 1252 1784 per
1276 1730 1478 1783 magistros
1507 1729 1706 1782 scripturae

320 1808 359 1838 et
379 1808 514 1852 portus
536 1798 752 1837 nostrarum
772 1797 1013 1837 dioecefium.

661 2003 902 2040 Cicssno
943 2001 1199 2038 ATT1co
1240 1999 1369 2037 SAL.

323 2129 437 2168 XVI.
462 2128 577 2201 ET
591 2130 643 2168 SI
665 2129 705 2167 in
727 2129 810 2182 ipso
831 2130 969 2167 itinere
989 2137 1028 2167 et
1047 2128 1109 2166 via
1128 2126 1376 2166 discedebant
1397 2125 1705 2165 Publicanorum

558 2194 765 2239 tabellarii,
796 2203 835 2232 et
854 2207 1006 2232 eramus
1026 2194 1068 2231 in
1089 2192 1231 2237 cursu;
1262 2201 1393 2230 tamen
1418 2190 1707 2242 surripiendum

324 2260 474 2312 aliquid
493 2261 627 2313 putavi
649 2260 778 2313 spatii,
800 2273 848 2297 ne
870 2273 933 2298 me
953 2260 1229 2297 immemorem
1249 2256 1423 2295 mandati
1443 2257 1501 2294 tui
1522 2265 1676 2308 putares
1695 2272 1704 2294 ε

325 2325 457 2376 itaque
477 2325 627 2363 subsedi
648 2326 689 2363 in
710 2325 792 2377 ipsa
809 2326 884 2370 via,
914 2325 1009 2362 dum
1030 2323 1128 2368 haec,
1150 2336 1236 2375 quae
1256 2322 1476 2374 longiorem
1496 2321 1708 2361 defiderant

325 2390 558 2435 orationem,
576 2390 803 2430 summatim
824 2391 899 2429 tibi
918 2389 1211 2444 perscriberem.
1244 2388 1424 2426 Maxima
1442 2387 1709 2440 expeftatione

328 2456 369 2491 in
390 2455 597 2506 perditam,
627 2464 666 2493 et
694 2456 808 2508 plane
835 2456 1004 2495 eversam
1032 2456 1072 2493 in
1094 2462 1343 2507 perpetuum,
1375 2453 1618 2505 provinciam
1638 2465 1708 2490 nos

327 2519 468 2559 veniffe
498 2519 595 2559 scito
626 2520 750 2572 pridie
782 2521 872 2561 Kal.
904 2521 1085 2561 Sextiles.
1116 2520 1267 2561 Morati
1293 2519 1471 2559 triduum
1492 2517 1709 2564 Laodiceae,
