2243 3008
506 273 580 311 190
736 254 1572 296 ''EPISTOLARUAAE

498 370 593 396 cum
613 354 756 400 multa,
775 362 864 393 tum
882 353 1002 396 etiam
1021 353 1191 396 lictores,
1214 351 1459 404 impediunt:
1482 350 1585 391 nihil
1605 348 1687 390 vidi
1703 363 1886 404 unquam

499 422 607 476 quod
627 421 760 460 minus
780 419 968 472 explicari
989 418 1123 471 poffet.
1170 419 1308 469 Itaque
1334 430 1355 455 a
1382 426 1420 454 te
1440 415 1543 455 nihil
1569 416 1668 458 dum
1686 417 1784 457 certi
1811 430 1887 469 0³5-

499 488 630 541 quiro,
662 486 725 524 sed
745 485 843 538 quid
863 484 1052 523 videatur.
1099 483 1283 535 Denique
1312 482 1435 534 ipsam
1461 476 1608 528 Xmes'ow
1637 491 1745 521 tuam
1765 483 1885 535 cupio

499 552 746 606 cognoscere.
778 551 1002 590 Labienum
1022 550 1069 587 ab
1089 549 1162 587 illo
1182 547 1380 586 disceffiffe
1400 548 1689 600 propemodum
1719 548 1882 588 constat.

501 621 541 658 Si
561 621 616 657 ita
635 618 782 656 factum
802 617 907 661 effet,
939 625 982 654 ut
1003 615 1071 653 ille
1091 616 1263 653 Romam
1283 614 1443 651 veniens
1463 613 1731 666 magistratum
1749 624 1789 653 et
1816 615 1885 653 Se-

500 695 639 725 natum
674 685 813 722 Romae
845 681 1075 725 offenderet,
1120 693 1264 732 magno
1299 678 1384 717 usui
1418 678 1537 717 causae
1571 679 1706 718 nostrae
1739 679 1884 718 fuiffet.

499 749 708 798 Damnass‘e
738 748 846 786 enim
875 747 1029 786 sceleris
1060 745 1267 784 hominem
1298 745 1473 782 amicum
1501 744 1757 796 Reipublicar
1779 746 1890 787 causa

499 815 718 854 videretur:
742 813 849 867 quod
869 825 975 851 nunc
996 824 1155 864 quoque
1174 810 1351 855 videtui-5
1375 808 1439 847 sed
1458 809 1591 850 minus
1612 808 1785 861 prodest:
1810 823 1890 849 non

500 882 609 920 enim
629 879 762 924 habet,
793 879 858 917 cui
879 878 997 931 profit
1013 896 1025 922 ς
1057 889 1229 928 eumque
1248 876 1415 915 arbitror
1434 875 1653 928 poenitere:
1686 875 1757 914 nifi
1787 873 1892 917 forte

500 945 543 997 id
563 944 693 997 ipsum
711 943 767 981 est
795 942 953 987 falsum,
985 940 1184 980 disceffiffe
1213 939 1357 978 illum:
1390 952 1461 978 nos
1491 939 1652 991 quidem
1682 953 1755 993 pro
1783 950 1892 981 certo

500 1010 758 1055 habebamus.
802 1009 858 1047 Et
887 1007 1022 1052 velim,
1056 1007 1317 1060 (quanquam,
1349 1014 1394 1043 ut
1420 1004 1573 1051 scribis,
1602 1005 1825 1047 domesticis
1853 1015 1892 1046 te

500 1075 648 1115 finibus
682 1073 808 1125 tenes)
841 1072 1013 1112 formam
1043 1071 1147 1111 mihi
1178 1071 1286 1110 urbis
1317 1084 1505 1124 exponas,
1535 1070 1689 1124 ecquod
1711 1071 1892 1125 Pompeii

500 1140 749 1185 defiderium‚
780 1152 905 1193 ecqua
925 1138 1085 1178 Caesaris
1104 1137 1267 1183 invidia,
1297 1145 1504 1191 appareat;
1532 1137 1654 1176 etiam
1678 1138 1777 1190 quid
1796 1151 1891 1177 cen-

504 1207 580 1246 seas
598 1206 649 1245 de
669 1205 858 1249 Terentia
876 1213 916 1244 et
936 1204 1089 1250 Tullia,
1121 1204 1260 1247 Romae
1279 1215 1341 1241 eas
1362 1202 1449 1248 effe,
1480 1215 1529 1240 an
1549 1215 1723 1247 mecum,
1749 1216 1797 1243 an
1817 1203 1891 1242 al‘»

501 1286 584 1326 quo
604 1281 692 1311 tuto
712 1272 816 1310 loco.
849 1271 903 1309 Et
922 1269 1020 1316 haec,
1052 1279 1092 1309 et
1111 1269 1141 1309 fi>
1158 1269 1256 1322 quid
1275 1267 1398 1314 aliud,
1428 1267 1476 1307 ad
1503 1281 1570 1307 me
1593 1267 1735 1308 scribas
1755 1269 1892 1313 velim,

502 1337 565 1384 vel
584 1337 717 1390 potius
738 1336 948 1390 scriptites.

845 1538 1088 1577 C1CERO
1128 1536 1385 1574 Αττιςο
1427 1535 1557 1574 SAL.

505 1667 624 1711 XIII.
649 1666 728 1741 D
744 1667 777 1706 E
809 1665 1079 1705 Vennonianis
1100 1664 1216 1704 rebus
1238 1663 1312 1702 tibi
1332 1663 1526 1705 affentior.
1569 1663 1793 1703 Labienum
1813 1677 1898 1713 φωα

743 1730 912 1785 judico:
945 1731 1098 1770 facinus
1122 1731 1208 1782 jam
1235 1728 1303 1769 diu
1326 1729 1484 1769 nullum
1505 1729 1623 1769 civile
1643 1730 1864 1782 praeclarius
1883 1745 1894 1770 ε

503 1799 590 1852 qui,
622 1808 666 1838 ut
695 1798 802 1837 aliud
831 1796 950 1843 nihil,
981 1795 1059 1836 hoc
1089 1805 1220 1834 tamen
1245 1793 1414 1847 profecit
1430 1814 1443 1840 ;
1473 1795 1583 1834 dedit
1611 1794 1674 1832 illi
1701 1794 1894 1835 dolorem.

506 1864 582 1903 Sed
600 1865 719 1904 etiam
749 1863 797 1902 ad
826 1863 1021 1902 summam
1050 1859 1273 1914 profed‘tum
1301 1860 1454 1913 aliquid
1483 1870 1595 1913 puto.
1641 1861 1748 1899 Arno
1777 1862 1897 1900 etiam

507 1929 690 1973 Pisonem
707 1949 718 1975 ς
750 1930 864 1981 cujus
886 1929 1087 1981 judicium
1116 1927 1165 1965 de
1194 1939 1339 1979 genero
1368 1925 1542 1979 suspicor
1568 1925 1696 1965 visum
1726 1927 1774 1965 iri
1806 1941 1897 1980 gra-

505 2009 568 2037 ve.
613 1997 854 2048 Qanquam
882 2007 1007 2046 genus
1036 1993 1131 2032 belli
1152 1992 1261 2045 quod
1280 1992 1340 2037 fit,
1371 1992 1493 2031 vides.
1541 1993 1600 2031 Ita
1618 1992 1734 2031 civile
1754 1993 1823 2038 est,
1854 2003 1900 2033 ut

506 2075 588 2102 non
607 2075 655 2101 ex
676 2061 825 2101 civium
847 2059 1087 2104 dissensione,
1119 2058 1184 2098 sed
1208 2072 1256 2098 ex
1285 2058 1403 2097 unius
1430 2058 1573 2111 perditi
1602 2059 1700 2097 civis
1724 2059 1898 2106 audacia,

508 2138 647 2169 natum
667 2127 727 2167 fit.
773 2128 812 2166 Is
834 2135 966 2166 autem
986 2126 1088 2165 valet
1108 2126 1312 2169 exercitu;
1345 2135 1451 2163 tenet
1479 2125 1629 2163 multos
1657 2125 1722 2178 spe
1741 2136 1779 2164 et
1805 2140 1899 2179 pro-

508 2192 628 2234 miffis
646 2212 656 2238 5
680 2191 814 2231 omnia
832 2191 1015 2230 omnium
1035 2191 1291 2243 concupivit:
1315 2188 1410 2228 huic
1433 2190 1573 2228 tradita
1594 2189 1684 2227 urbs
1705 2190 1773 2234 est,
1798 2190 1902 2228 nuda

510 2259 704 2311 praesidio,
732 2256 872 2297 referta
898 2257 1038 2310 copiis.
1084 2256 1194 2307 Qid
1225 2256 1293 2300 est,
1324 2256 1432 2308 quod
1463 2256 1511 2294 ab
1542 2269 1589 2294 eo
1622 2269 1700 2294 non
1732 2267 1899 2302 metuas,

510 2325 580 2377 qui
601 2324 668 2362 ina
689 2324 837 2376 templa
855 2332 894 2362 et
916 2325 1015 2362 tecta
1034 2336 1113 2362 non
1135 2323 1315 2375 patriam,
1339 2322 1400 2360 sed
1421 2322 1606 2375 praedam.
1630 2323 1769 2373 putet?
1801 2322 1899 2375 quid

509 2399 642 2431 autem
676 2388 723 2427 fit
756 2391 925 2433 asturus,
955 2397 1022 2428 aut
1056 2402 1136 2441 quo
1169 2387 1303 2432 modo,
1335 2387 1479 2431 nescio.
1513 2387 1588 2425 slne
1624 2388 1781 2431 Senatu.
1822 2387 1900 2425 sme

511 2455 765 2511 magistratu:
798 2469 846 2494 ne
880 2455 1058 2494 simulare
1091 2455 1254 2507 quidem
1284 2454 1429 2508 poterit
1458 2454 1672 2506 quicquam
1700 2450 1901 2491 πολιτικῶς.

512 2523 600 2564 Nos
621 2531 753 2563 autem
773 2521 842 2562 ubi
862 2534 1052 2575 exurgere
1068 2521 1313 2576 poterimus?
1336 2530 1402 2560 aut
1422 2519 1606 2573 quando?
1629 2531 1802 2572 quorum
1820 2517 1901 2557 dux
