2243 3008
563 287 644 325 240
911 268 1599 310 EPISTOLARUM

562 383 820 424 coarguamus
837 389 850 416 ς
881 371 966 423 qui,
989 369 1086 408 dum
1106 369 1260 414 urbem,
1283 368 1323 406 id
1343 367 1396 405 est
1417 368 1597 420 patriam,
1620 380 1810 412 amamus,
1833 367 1952 406 dum—

561 450 641 489 que
673 449 755 474 rem
790 445 1071 474 conventuram
1107 442 1307 486 putamus,
1338 433 1392 470 ita
1425 446 1496 470 nos
1529 433 1728 485 geffimus,
1760 442 1804 471 ut
1840 433 1955 485 plane

563 501 763 539 interclufi
784 500 968 553 captique
988 499 1120 537 fimus.
1168 497 1320 549 Scripta
1345 498 1427 548 jam
1459 497 1633 550 epistola,
1667 499 1801 550 Capua
1832 497 1954 535 literae

565 567 655 605 sunt
675 566 798 604 allatae
829 565 906 603 hoc
927 563 1123 616 exempIO.
1170 562 1358 614 Pompeius
1386 576 1484 599 mare
1515 563 1663 614 trarfiit
1690 577 1770 602 cum
1799 562 1955 601 omnibus

562 632 747 677 militibus,
788 645 872 685 quos
895 631 1018 682 ficum
1055 627 1182 666 habuit
1197 643 1210 665 .-
1234 627 1309 665 ’hic
1347 640 1513 665 numerus
1553 627 1597 679 5st
1630 628 1806 667 hominum
1844 629 1954 667 millia

563 714 656 738 xxx
667 716 679 743 ς
711 706 746 735 et
780 696 955 746 Coufidm,
988 693 1054 732 duo
1082 702 1122 731 et
1153 690 1311 731 Tribuni
1329 691 1456 744 plebis,
1486 702 1521 730 et
1552 694 1753 738 Senatores,
1784 695 1848 747 qui
1858 694 1954 747 fite-

563 772 656 802 runt
690 777 768 800 cum
800 775 849 805 eo,
891 773 1004 797 omnes
1037 773 1116 797 cum
1147 757 1315 797 uxoribus
1348 767 1383 796 et
1417 757 1548 795 liberis.
1601 758 1831 811 Constendgffi·
1864 759 1955 799 dici-

561 836 628 866 tur
645 843 681 866 a.
715 825 751 864 d.
784 841 835 862 IV.
869 825 995 863 Nonas
1024 825 1153 862 Mart.
1191 824 1254 861 Ex
1286 837 1327 860 ca
1353 821 1406 860 die
1418 822 1531 875 fuere
1559 823 1832 874 Septemtriones
1862 837 1954 862 ven-

561 893 608 932 ti.
658 893 801 934 IVaves,
832 889 957 942 quibus
992 891 1072 942 ufics
1105 902 1173 927 non
1206 887 1264 941 est,
1305 901 1417 926 omnes
1449 897 1517 925 aut
1543 888 1751 942 praecidff,
1794 898 1861 927 aut
1895 889 1954 928 in-

561 956 718 1010 cendff’,
755 955 892 995 dicunt.
941 956 1005 994 De
1041 954 1110 993 hac
1147 967 1187 993 re
1224 953 1341 991 literae
1381 953 1433 991 L.
1465 953 1612 991 Metello
1649 951 1808 992 ‘Tribuno
1842 955 1955 1006 plebis

564 1023 730 1075 Capuam
748 1021 872 1060 allatae
882 1021 978 1073 stmt
1000 1019 1046 1058 ab
1067 1018 1190 1058 Clodia
1194 1019 1321 1071 chru,
1352 1031 1432 1070 quae
1450 1018 1525 1070 ipsa
1543 1018 1702 1069 tratssit.
1749 1020 1855 1057 Ante
1876 1019 1954 1057 sol-

563 1088 700 1126 licitus
730 1099 836 1124 eram
865 1094 905 1123 et
933 1085 1116 1138 angebar,
1147 1085 1246 1122 ficut
1274 1096 1332 1121 res
1363 1083 1514 1121 scilicet
1542 1083 1622 1137 ipsa
1652 1083 1831 1136 cogebat,
1857 1098 1956 1122 cum

564 1152 728 1191 confilio
748 1151 944 1204 explicare
963 1149 1066 1189 nihil
1087 1149 1233 1203 poffem
1251 1164 1261 1187 ;
1294 1161 1400 1186 nunc
1421 1157 1567 1194 autem,
1598 1148 1804 1201 postquam
1833 1149 1955 1187 Pom-

563 1218 676 1271 peius
710 1226 750 1256 et
784 1215 974 1254 Consules
1009 1229 1057 1254 ex
1092 1215 1206 1253 Italia
1237 1214 1433 1258 exierunt,
1465 1226 1544 1271 non
1579 1226 1714 1265 angor,
1746 1213 1808 1252 sed
1843 1214 1956 1253 ardeo

559 1283 701 1322 dolore
716 1301 728 1328 5
1106 1274 1166 1314 ὲδὲ
1181 1293 1237 1328 μοι
1259 1272 1325 1329 ἦτορ

695 1341 868 1396 'Eundem
897 1345 971 1382 ἀλλ’
984 1341 1238 1393 ἀλαλύκτημαι,

564 1415 663 1454 Non
684 1413 785 1457 sum,
817 1412 995 1464 inquam,
1018 1409 1120 1449 mihi
1139 1408 1267 1455 crede,
1290 1409 1434 1448 mentis
1455 1423 1644 1462 compos;
1678 1419 1832 1449 tantum
1854 1410 1957 1449 mihi

564 1479 767 1518 dedecoris
796 1476 984 1515 admifisse
1015 1475 1162 1514 videor.
1210 1475 1280 1513 Me
1311 1489 1390 1513 non
1420 1476 1597 1527 primum
1624 1489 1718 1514 cum
1751 1477 1955 1530 Pompeio,

566 1545 835 1598 qualicunque
854 1542 1017 1584 confilio
1037 1541 1120 1585 uso,
1142 1539 1282 1578 deinde
1301 1553 1396 1578 cum
1418 1540 1531 1578 bonis
1553 1540 1639 1585 effe,
1662 1543 1840 1593 quamvis
1862 1556 1956 1581 cau-

564 1611 604 1650 sa
624 1620 770 1649 temere
788 1607 998 1646 instituta?
1029 1605 1243 1659 pr-aesertim
1263 1619 1356 1644 curn
1377 1606 1406 1644 ii
1430 1606 1516 1658 ipfi,
1548 1619 1719 1658 quorum
1749 1621 1822 1660 ego
1848 1609 1960 1647 causa

563 1676 747 1715 timidius
766 1688 831 1713 me
851 1673 1019 1711 fortunae
1039 1671 1356 1717 committebam,
1375 1685 1489 1717 uxor,
1511 1671 1606 1717 filia,
1625 1673 1836 1712 Cicerones
1856 1688 1956 1727 pue-

567 1744 614 1788 ri,
646 1755 710 1780 me
729 1741 831 1778 illud
851 1739 960 1791 sequi
978 1737 1144 1776 mallent
1162 1739 1175 1775 ?
1206 1736 1284 1776 hoc
1306 1747 1419 1790 turpe
1439 1747 1478 1776 et
1502 1751 1565 1776 me
1594 1738 1805 1791 indignum
1837 1749 1955 1792 puta-

566 1808 681 1846 rent?
705 1807 812 1846 Nam
833 1806 1010 1858 Qintus
1031 1803 1193 1858 quidem
1215 1803 1346 1848 frater,
1368 1803 1564 1856 quidquid
1585 1803 1685 1842 mihi
1707 1805 1891 1856 placeret,
1915 1806 1955 1844 id

565 1874 716 1911 rectum
739 1871 774 1910 se
795 1881 930 1923 putare
949 1869 1090 1914 aiebat,
1120 1869 1159 1906 id
1180 1869 1313 1907 animo
1332 1868 1548 1921 aequiffimo
1568 1868 1814 1922 sequebatur.
1847 1873 1956 1910 Tuas

566 1950 674 1975 nunc
694 1935 873 1988 epistolas
894 1947 915 1972 a
936 1935 1065 1987 primo
1093 1934 1196 1987 lego.
1244 1934 1319 1972 Hae
1348 1947 1412 1972 me
1441 1933 1604 1986 paulum
1631 1945 1818 1974 recreant.
1866 1937 1954 1975 Pri-

565 2016 640 2041 mae
661 2010 824 2041 monent
843 2010 883 2039 et
903 2009 1056 2052 rogant,
1089 2014 1136 2038 ne
1157 2013 1220 2038 me
1240 1999 1445 2052 projiciam
1464 2019 1475 2044 ;
1508 2000 1696 2053 proxima:
1725 2011 1762 2039 te
1787 2002 1954 2055 gaudere

561 2067 790 2113 ostendunt,
821 2080 884 2105 me
905 2064 1134 2104 remansisse.
1181 2065 1256 2104 Eas
1286 2079 1380 2103 cum
1411 2065 1513 2118 lego,
1546 2066 1678 2104 minus
1701 2065 1802 2105 mihi
1830 2068 1953 2121 turpis

566 2132 714 2178 videor,
745 2132 810 2170 sed
831 2140 911 2170 tam
931 2131 1014 2176 diu,
1040 2130 1137 2169 dum
1159 2130 1248 2183 lego
1266 2146 1274 2169 :
1307 2130 1447 2169 deinde
1467 2132 1633 2184 emergit
1655 2131 1805 2170 rursum
1826 2132 1954 2179 dolor,

562 2207 606 2237 et
639 2193 754 2248 «294»ss
777 2193 963 2243 φαντασία..
1007 2196 1280 2248 Qamobrem
1312 2196 1474 2235 obsecro
1509 2207 1561 2242 te,
1603 2198 1660 2235 mi
1695 2197 1804 2242 Tite,
1847 2199 1952 2251 eripe

564 2263 668 2302 mihi
689 2262 796 2302 hunc
817 2261 1010 2308 dolorem,
1041 2271 1107 2301 aut
1136 2262 1271 2301 minue
1302 2262 1451 2307 saltem,
1482 2271 1548 2300 aut
1577 2261 1857 2308 consolatione,
1888 2275 1954 2304 aut

565 2329 745 2373 confilio,
775 2337 841 2366 aut
861 2341 1097 2381 quacunque
1117 2341 1156 2366 re
1176 2337 1302 2381 potes.
1349 2327 1459 2380 Qid
1491 2336 1533 2366 tu
1558 2337 1687 2365 autem
1712 2328 1856 2380 poffis?
1888 2340 1953 2369 aut

563 2394 665 2448 quid
686 2393 809 2432 homo
828 2393 1035 2446 quisquam
1055 2395 1068 2432 ?
1100 2394 1165 2433 vix
1181 2395 1266 2446 jam
1285 2394 1410 2433 Deus.
1453 2393 1650 2446 Equidem
1674 2394 1774 2432 illud
1796 2396 1953 2441 molior.

567 2459 675 2513 quod
697 2468 738 2498 tu
760 2471 911 2504 mones,
943 2458 1143 2511 sperasque
1171 2459 1253 2497 fieri
1284 2458 1401 2512 posse,
1434 2468 1475 2497 ut
1498 2458 1598 2497 mihi
1621 2459 1744 2498 Carsar
1765 2461 1954 2499 concedat

565 2535 613 2565 ut
634 2525 769 2571 abfim,
800 2538 894 2564 cum
913 2523 1064 2577 aliquid
1093 2525 1135 2564 in
1163 2524 1304 2565 Senatu
1326 2534 1462 2565 contra
1491 2525 1656 2565 Cnaeum
1687 2535 1835 2579 agatur.
1882 2526 1955 2565 Sed
