2243 3008
460 240 512 293 84
805 227 1491 279 EPISTOLARUM

460 342 627 382 eundem
658 341 870 380 secundum
891 340 1053 379 comitia
1079 338 1228 377 dixisse.
1275 337 1367 382 Fac,
1402 337 1447 388 (fi
1477 335 1584 375 vides
1614 337 1770 390 quantis
1803 338 1845 377 in

460 408 573 446 malis
590 409 755 459 jaceam,
786 415 825 444 et
846 406 870 444 fi
892 414 1004 458 putas
1025 403 1096 441 effe
1116 402 1372 441 humanitatis
1394 401 1488 452 tuae)
1511 415 1575 440 me
1600 401 1662 440 fac
1687 402 1734 440 de
1764 411 1847 442 tota

461 473 571 512 causa
592 473 717 511 nostra
736 472 958 510 certiorem.
990 471 1096 509 Nam
1118 469 1294 520 Qintu's
1316 467 1448 512 frater,
1471 465 1592 506 homo
1613 469 1752 514 mirus,
1774 468 1845 521 qui

463 552 525 577 me
547 549 625 576 tam
647 537 756 576 valde
775 547 891 582 amat,
922 536 1055 575 omnia
1075 535 1201 573 mittit
1228 533 1306 586 spei
1327 533 1456 586 plena,
1486 543 1682 579 metuens,
1713 534 1845 578 credo,

462 601 722 641 defectionem
743 603 864 640 animi
884 601 976 640 mei.
1024 599 1123 639 Tuae
1143 603 1274 637 autem
1292 598 1420 636 >literae
1440 597 1529 636 sunt
1548 598 1660 637 variae
1677 613 1686 636 :
1719 608 1847 651 neque

462 669 570 706 enim
591 681 653 705 me
680 667 875 720 desperare
894 667 967 712 vis,
999 679 1070 705 nec
1098 673 1242 703 temere
1270 663 1432 716 sperare.
1478 663 1571 708 Fae,
1602 654 1761 702 obsecro
1792 658 1851 707 te,‘

463 742 508 771 ut
527 733 673 777 omnia,
705 744 792 786 quae
811 732 977 786 perspici
997 744 1017 769 a
1037 740 1074 769 te
1093 729 1264 784 possunt,
1295 728 1477 766 sciamus.

801 932 1044 970 C1CERO
1084 931 1339 968 Αττιςο
1381 928 1510 965 SAL.

464 1062 578 1101 XIX.
603 1060 677 1147 Q
694 1059 732 1097 U
748 1059 785 1097 O
800 1058 837 1096 A
851 1058 890 1096 D
919 1056 1110 1109 ejusmodi
1136 1055 1238 1094 mihi
1259 1055 1379 1094 literae
1399 1070 1420 1095 a
1438 1054 1550 1094 vobis
1570 1053 1848 1100 afferebantur,

700 1134 744 1163 ut
775 1118 930 1177 aliquid'
953 1137 1001 1161 ex
1022 1123 1069 1161 iis
1090 1121 1180 1160 effet
1199 1120 1484 1174 expectandum
1501 1139 1513 1165 ς
1546 1119 1610 1173 spe
1629 1128 1668 1158 et
1688 1121 1846 1174 cupidi*

464 1202 541 1230 tate
561 1189 844 1230 Theffalonicae
865 1197 1037 1226 retentus
1059 1187 1157 1225 sum.
1202 1185 1336 1224 Postea
1359 1199 1479 1239 quam
1498 1185 1629 1224 omnis
1649 1185 1749 1224 actio
1768 1184 1848 1223 hu-

459 1258 524 1308 jus
545 1257 635 1294 anni
657 1254 834 1294 confecta
853 1252 967 1292 nobis
988 1252 1208 1298 videbatur,
1230 1252 1270 1290 in
1292 1251 1423 1290 Asiam
1444 1252 1499 1290 ire
1519 1250 1631 1289 nolui
1650 1265 1658 1288 :
1681 1249 1788 1303 quod
1808 1257 1848 1288 et

465 1321 668 1359 celebritas
693 1317 792 1358 mihi
813 1319 905 1358 odio
925 1318 978 1356 est
994 1337 1006 1364 ;
1037 1327 1090 1363 et,
1122 1318 1148 1356 fi
1169 1317 1278 1356 fieret
1297 1317 1446 1369 aliquid
1466 1330 1487 1355 a
1507 1316 1618 1355 novis
1645 1315 1849 1368 magistra-

466 1388 587 1432 tibus,
609 1386 730 1424 abesse
751 1386 868 1438 longe
889 1384 1084 1423 nolebam.
1119 1384 1254 1436 Itaque
1274 1383 1315 1421 in
1336 1384 1506 1436 Epirum
1525 1381 1572 1420 ad
1593 1387 1630 1420 te
1651 1381 1764 1420 statui
1784 1392 1850 1420 me

465 1451 642 1491 conferre
657 1470 669 1497 ς
701 1464 779 1489 non
809 1463 890 1503 quo
919 1463 1005 1488 mea
1024 1448 1216 1487 interesset
1236 1448 1315 1487 loci
1336 1457 1485 1494 natura,
1516 1447 1586 1500 qui
1606 1446 1737 1485 lucem
1757 1460 1848 1485 om-

463 1518 560 1557 nino
579 1517 776 1571 fugerem:
801 1516 863 1555 sed
883 1525 922 1555 et
937 1516 983 1554 ad
1005 1514 1167 1554 salutem
1186 1513 1439 1553 libentissime
1458 1527 1505 1553 ex
1526 1522 1596 1552 tuo
1615 1522 1732 1566 portu
1753 1526 1846 1565 pro-

464 1583 611 1622 ficiscar
628 1602 640 1628 3
670 1591 723 1627 et,
755 1581 782 1620 fi
802 1594 844 1620 ea
864 1580 1019 1634 praecisa
1037 1581 1125 1625 erit,
1157 1579 1349 1632 nusquam
1373 1577 1529 1617 facilius
1551 1577 1652 1616 hanc
1673 1577 1846 1616 miserri-

463 1653 570 1687 'mam
598 1649 719 1686 vitam
748 1647 808 1685 vel
839 1642 1072 1690 sustentabo,
1103 1643 1180 1690 vel,
1211 1643 1318 1698 quod
1348 1643 1478 1682 multo
1498 1641 1560 1682 ,est
1587 1643 1744 1689 melius,
1775 1642 1845 1681 ab·

459 1716 603 1767 jecero.
637 1715 717 1752 Ero
737 1726 829 1752 cum
850 1714 999 1766 paucis,
1031 1709 1331 1750 multitudinem
1351 1711 1569 1748 dimittam.
1605 1709 1677 1747 Me
1698 1717 1774 1747 tuae
1794 1709 1846 1747 li-

463 1789 552 1819 terae
574 1790 776 1831 nunquam
798 1779 838 1816 in
860 1785 1008 1816 tantam
1030 1777 1137 1830 spem
1157 1775 1418 1820 adduxerunt,
1439 1780 1627 1828 quantam
1648 1773 1815 1812 aliorum
1833 1787 1843 1812 ε

464 1855 633 1884 attamen
655 1858 741 1883 mea
762 1845 843 1897 spes
864 1845 982 1881 etiam
1005 1843 1159 1880 tenuior
1181 1841 1328 1894 semper
1348 1839 1441 1885 fuit,
1472 1853 1591 1892 quam
1613 1848 1688 1878 tuae
1708 1840 1845 1878 literae.

465 1911 537 1949 Sed
566 1919 695 1948 tamen
724 1909 912 1960 quoniam
939 1917 1115 1960 coeptum
1136 1906 1203 1951 est,
1226 1907 1318 1958 age,
1349 1919 1510 1958 quoquo
1532 1905 1650 1943 modo
1670 1915 1848 1958 coeptum

464 1975 531 2017 est,
562 1985 599 2012 et
621 1987 853 2027 quacunque
874 1973 921 2010 de
941 1972 1066 2017 causa,
1099 1986 1176 2010 non
1207 1971 1374 2009 deseram
1404 1984 1528 2023 neque
1558 1971 1700 2022 optimi
1730 1980 1847 2022 atque

465 2040 570 2078 unici
593 2039 721 2077 fratris
743 2038 896 2076 miseras
917 2049 960 2075 ac
981 2037 1171 2075 luftuosas
1194 2044 1340 2089 preces,
1359 2048 1428 2074 nec
1452 2036 1572 2074 Sextii
1594 2046 1846 2074 caeterorum-

463 2119 539 2157 que
559 2103 752 2156 promissa,
776 2117 846 2141 nec
868 2103 973 2155 spem
994 2101 1316 2140 aerumnofiflimae
1337 2101 1513 2139 mulieris
1535 2101 1746 2145 Terentiae,
1776 2114 1846 2138 nec

464 2170 686 2208 'miserrimae
716 2168 891 2207 mulieris
913 2166 1101 2206 Tulliolae
1130 2166 1452 2211 obsecrationem,
1484 2175 1521 2204 et
1553 2165 1685 2204 fideles
1717 2166 1845 2204 literas

465 2242 562 2273 tuas.
597 2233 705 2272 Mihi
728 2234 872 2287 Epirus
893 2241 958 2271 aut
980 2233 1054 2270 iter
1073 2233 1118 2270 ad
1141 2231 1302 2270 salutem
1323 2231 1447 2275 dabit,
1478 2241 1558 2276 aut,
1589 2231 1695 2283 quod
1718 2231 1845 2284 scripsi

466 2301 589 2353 supra.
622 2301 683 2338 Tc
704 2312 772 2337 oro
792 2309 830 2337 et
850 2298 1023 2342 obsecro,
1042 2298 1095 2336 T.
1116 2297 1327 2350 Pomponi,
1350 2297 1374 2335 si
1397 2311 1458 2336 me
1478 2298 1663 2335 omnibus
1685 2296 1846 2349 amplis—

464 2366 584 2409 simis,
619 2362 834 2409 carissimis,
866 2362 1248 2417 jucundilllmisquc,
1292 2361 1405 2400 rebus
1442 2363 1602 2415 persidia
1637 2362 1846 2400 hominum

464 2431 674 2484 spoli-itum
694 2449 703 2474 ς
727 2430 751 2468 si
774 2443 836 2468 me
856 2444 875 2467 a
897 2430 994 2467 meis
1015 2428 1242 2467 conssliarils
1265 2428 1466 2481 proditum
1487 2437 1524 2466 et
1548 2429 1764 2480 projectum
1786 2429 1844 2465 vi·-

463 2498 556 2542 dcs;
590 2496 615 2534 st
646 2494 836 2547 intelligis
866 2506 928 2534 me
957 2496 1152 2539 coactum,
1185 2501 1227 2532 ut
1259 2493 1336 2545 ipsc
1357 2507 1419 2532 mc
1439 2503 1476 2532 ct
1500 2506 1604 2532 meos
1627 2492 1843 2546 perderem,
