2243 3008
532 211 641 250 AD
698 209 1130 249 ATTICUM
1195 211 1503 255 L.113.X1V.
1635 230 1717 272 405

328 310 443 350 video
462 308 641 363 quotidie
660 306 893 346 faciliorem.
940 307 1003 345 De
1031 306 1241 353 Cluviano,
1272 310 1460 360 quoniam
1490 312 1531 350 in
1561 325 1600 351 re
1630 327 1717 353 mea

331 391 395 416 me
414 376 543 429 ipsum
563 373 770 425 diligentia
788 373 932 418 vincis,
959 387 1018 411 res
1039 373 1086 411 ad
1106 382 1268 411 centena
1298 375 1540 427 perducitur.
1584 380 1716 418 Ruina

329 455 413 480 rem
433 454 512 479 non
532 438 629 477 fecit
649 439 898 485 deteriorem,
913 438 1016 478 haud
1037 438 1116 477 scio
1131 452 1179 477 an
1193 440 1278 491 jam
1297 439 1607 483 fructuosiorem.
1632 445 1716 483 Hic

330 520 490 544 mecum
511 505 671 550 Balbus,
700 505 875 550 Hirtius,
898 505 1031 543 Pansa.
1064 505 1192 542 Modo
1212 505 1319 543 venit
1341 506 1543 553 Octavius,
1564 518 1602 547 et
1622 511 1716 562 qui-

329 572 420 610 dem
441 573 482 609 in
499 571 721 624 proximam
740 572 876 609 villam
898 571 1092 624 Philippi,
1109 570 1211 609 mihi
1233 580 1338 609 totus
1359 572 1528 614 deditus.
1560 575 1719 614 Lentu-

329 637 391 676 lus
413 636 599 690 Spinther
618 635 736 674 hodie
755 636 858 690 apud
878 650 941 675 me
956 655 969 682 ς
1002 650 1083 675 cras
1104 649 1218 675 mane
1237 636 1362 677 vadit.

663 838 906 877 C1cnR0
948 838 1205 877 ATT1co
1248 840 1380 879 SAL.

330 969 426 1007 XII.
453 966 524 1039 O
548 967 624 1005 Ml
655 967 805 1011 Attice,
837 980 984 1012 vereor,
1007 980 1054 1004 ne
1075 967 1188 1005 nobis
1211 967 1304 1006 Idus
1325 968 1449 1008 Mart.
1473 968 1575 1008 nihil
1597 971 1722 1010 dede-

557 1034 636 1070 rint
657 1042 793 1084 praeter
813 1032 1004 1077 laetitiam,
1022 1041 1060 1070 et
1080 1032 1161 1070 odii
1182 1047 1339 1085 poenam
1359 1048 1402 1072 ac
1423 1034 1583 1074 doloris.
1616 1037 1717 1088 Qiae

330 1098 433 1136 mihi
462 1098 575 1136 istinc
604 1097 851 1135 afferuntur?
882 1111 968 1148 quae
997 1097 1063 1134 hic
1089 1097 1234 1136 video?
1266 1091 1304 1133 ΩῩ
1331 1095 1487 1149 πράξεως
1512 1096 1620 1141 καλῆς
1647 1095 1717 1149 μὲν,

328 1160 453 1200 ἀτελές
472 1157 519 1201 ⁶⁹2.
553 1164 634 1200 Scis
652 1176 771 1215 quam
792 1162 957 1213 diligam
978 1163 1145 1207 Siculos,
1162 1172 1200 1200 et
1221 1176 1339 1215 quarn
1359 1163 1470 1201 illam
1490 1163 1718 1204 clientelam

329 1227 531 1266 honestam
556 1229 750 1281 judicem.
796 1229 931 1266 Multa
959 1228 1039 1266 illis
1063 1228 1201 1274 Caesar,
1233 1242 1359 1282 neque
1380 1242 1443 1266 me
1463 1230 1616 1276 invit0;
1649 1231 1717 1270 etsi

329 1295 524 1332 Latinitas
555 1304 635 1332 erat
664 1308 742 1332 non
774 1293 959 1332 ferenda:
991 1304 1262 1334 veruntamen.
1308 1296 1412 1333 Ecce
1433 1305 1565 1333 autem
1584 1298 1717 1335 Anto-

329 1360 436 1405 nius,
463 1369 621 1412 accepta
639 1360 776 1412 grandi
796 1360 983 1412 pecunia„
1008 1359 1097 1397 fixit
1116 1360 1260 1412 legem,
1281 1373 1302 1398 a
1321 1361 1523 1398 Dictatore
1543 1362 1719 1401 comitiis

329 1425 464 1470 latam,
495 1439 571 1477 qua
593 1425 715 1463 Siculi
736 1425 840 1462 cives
861 1426 1059 1463 Romani:
1093 1425 1205 1478 cujus
1228 1426 1298 1471 rei,
1329 1426 1419 1463 vivo
1448 1425 1535 1471 illo,
1566 1428 1719 1465 mentio

330 1491 453 1529 nulla.
498 1490 639 1541 Qid?
672 1491 850 1541 Dejotari
882 1490 1001 1528 nostri
1033 1491 1144 1528 causa
1169 1505 1249 1529 non
1274 1491 1444 1529 fimilis?
1476 1492 1620 1544 dignus
1649 1494 1719 1532 ille

330 1555 492 1608 quidem
512 1556 624 1593 omni
644 1569 779 1607 regno,
811 1555 874 1592 sed
904 1569 983 1592 non
1013 1569 1081 1607 per
1108 1556 1307 1594 Fulviam.
1353 1557 1542 1594 Sexcenta
1560 1558 1716 1598 fimilia.

334 1620 481 1659 Verum
502 1621 598 1659 illuc
620 1620 764 1658 referor
783 1635 791 1659 :
825 1629 904 1658 tam
934 1621 1077 1659 claram
1108 1630 1267 1674 tamque
1288 1621 1462 1660 testatam
1484 1635 1582 1668 rem,
1614 1633 1717 1662 tam-

330 1686 565 1740 quejustam
587 1685 853 1731 Buthrotiam,
877 1699 955 1724 non
978 1686 1200 1725 tenebimus
1221 1687 1351 1739 aliqua
1371 1701 1418 1725 ex
1439 1697 1546 1740 parte
1565 1689 1578 1725 ?
1609 1698 1648 1727 et
1671 1703 1719 1728 eo

330 1752 492 1805 quidem
515 1752 654 1804 magis,
677 1765 756 1804 quo
777 1751 845 1789 iste
865 1752 978 1804 plura
996 1753 1009 1790 ?
1041 1752 1264 1791 Nobiscum
1284 1752 1351 1790 hic
1371 1752 1659 1805 perhonorifice
1678 1764 1719 1794 et

330 1818 455 1856 amice
477 1818 663 1856 Octavius
683 1833 692 1856 :
724 1831 844 1870 quem
871 1817 1033 1870 quidem
1063 1817 1122 1856 sui
1144 1818 1333 1857 Caesarem
1353 1819 1585 1865 salutabant,
1617 1819 1718 1858 Phi-

330 1884 464 1937 lippus
497 1897 575 1922 non
594 1903 605 1929 ς
638 1884 769 1937 itaque
799 1897 846 1922 ne
867 1897 937 1922 nos
959 1883 1149 1936 quidem;
1181 1898 1301 1937 quern
1322 1898 1422 1937 nego
1444 1885 1546 1937 posse
1566 1885 1719 1924 bonum

329 1950 472 1995 civem,
505 1951 558 1988 ita
577 1949 696 1988 multi
718 1950 986 1995 circumstant,
1017 1951 1087 2002 qui
1107 1950 1270 2002 quidem
1291 1950 1428 1988 nostris
1448 1961 1618 1989 mortem
1638 1952 1718 1990 mi-

330 2017 521 2054 nitantur.
565 2016 726 2068 Negant
745 2015 829 2054 haec
849 2014 941 2054 ferri
963 2013 1081 2068 poffe.
1123 2016 1234 2068 Qid
1254 2016 1403 2062 censes,
1431 2030 1524 2055 cum
1546 2017 1719 2057 Romam

331 2093 429 2133 puer
448 2081 611 2124 venerit,
643 2081 713 2118 ubi
744 2080 863 2118 nostri
893 2081 1118 2119 liberatores
1139 2082 1217 2119 tuti
1237 2081 1310 2120 effe
1330 2095 1408 2120 non
1430 2081 1585 2134 poss‘unt
1604 2083 1617 2120 ?
1649 2083 1719 2135 qui

331 2145 493 2198 quidem
523 2145 673 2197 semper
699 2157 815 2184 erunt
840 2146 962 2191 clari;
995 2146 1234 2185 conscientia
1263 2160 1355 2184 vero
1385 2145 1477 2184 faeti
1510 2147 1567 2184 sui
1599 2147 1718 2186 etiam

333 2212 463 2250 beati:
497 2211 559 2249 sed
592 2225 677 2257 nos,
710 2213 778 2251 nifi
811 2225 875 2250 me
901 2211 1020 2258 fallit,
1045 2213 1282 2265 jacebimus.
1328 2213 1465 2264 Itaque
1484 2213 1589 2251 exire
1608 2226 1716 2259 aveo,

331 2277 401 2314 ubi
421 2290 482 2314 nec
502 2276 768 2328 Pelopidarum,
790 2278 937 2331 inquit.
970 2278 1093 2316 Haud
1110 2292 1200 2316 amo
1220 2278 1280 2315 vel
1301 2277 1374 2315 hos
1394 2278 1625 2330 designatos,
1647 2280 1718 2331 qui

330 2342 450 2379 etiam
482 2341 696 2381 declamare
734 2357 797 2382 me
834 2353 1075 2396 coegerunt;
1119 2352 1164 2381 ut
1195 2357 1243 2381 ne
1274 2343 1377 2396 apud
1407 2357 1525 2396 aquas
1555 2344 1718 2395 quidem

330 2405 572 2458 acquiescere
602 2407 751 2446 liceret.
799 2410 871 2447 Sed
903 2409 979 2447 hoc
1006 2422 1101 2447 meae
1122 2409 1255 2446 nimiae
1274 2407 1491 2448 facilitatis.
1538 2409 1643 2447 Nam
1676 2409 1716 2447 id

328 2481 409 2511 erat
429 2471 630 2524 quondam
651 2472 756 2525 quas)
774 2474 920 2514 neceffe
939 2489 947 2513 :
980 2487 1102 2521 nunc,
1125 2487 1286 2527 quoquo
1307 2474 1427 2513 modo
1448 2474 1484 2514 se
1504 2487 1561 2512 res
1582 2473 1728 2519 habet,
