2243 3008
610 310 717 348 AD
776 308 1206 348 ATTICUM
1274 311 1416 350 ΜΒ.
1469 314 1520 350 11.
1709 316 1759 366 67

373 416 586 462 appareret,
618 411 774 446 noctem
804 417 843 446 et
873 410 1104 446 nocturnam.
1136 409 1450 461 deprecationem
1486 411 1754 449 intercefiisi'e:

373 474 526 519 deinde,
553 486 652 526 quos
674 474 713 511 in
736 473 866 511 senatu
890 487 936 510 ne
958 473 1176 511 tenuiffima
1196 475 1358 526 quidem
1380 475 1594 527 suspicione
1616 477 1757 527 attige-

374 548 446 583 rat,
477 551 542 576 eos
564 538 797 582 nominavit,
830 538 1064 582 Lucullum,
1095 551 1116 575 a
1144 552 1224 590 quo
1255 539 1415 577 solitum
1435 540 1506 577 effe
1527 541 1572 577 ad
1595 541 1629 584 se
1651 542 1759 578 mitti

374 605 424 642 C.
444 605 656 649 Fannium,
679 604 811 648 illum,
833 604 902 655 qui
923 604 962 641 in
985 604 1030 642 P.
1055 603 1245 642 Clodium
1268 604 1563 657 subscripserat,
1597 607 1646 643 L.
1672 607 1758 643 Do-

373 669 550 714 mitium,
581 670 694 721 cujus
715 669 880 707 domum
899 668 1151 707 constitutam
1172 668 1298 714 fuiffe,
1322 671 1425 708 unde
1445 671 1600 722 eruptio
1621 671 1729 708 fieret
1748 687 1756 708 ι

374 747 437 772 me
458 748 536 772 non
557 734 803 778 nominavit3
836 733 898 771 sed
918 733 1034 778 dixit,
1066 734 1322 773 Consularem
1349 735 1551 780 disertum,
1568 737 1760 773 -vicinum

375 799 574 844 Consulis,
597 799 667 837 fibi
687 799 836 844 dixisse,
859 797 1028 836 Ahalam
1049 800 1258 838 Servilium
1279 801 1466 853 aliquem,
1488 810 1554 839 aut
1576 802 1758 845 Brutum,

373 877 472 916 opus
502 865 574 903 effe
600 865 773 917 reperiri.
820 864 987 902 Addidit
1018 865 1064 902 ad
1094 874 1330 910 extremum,
1362 879 1469 911 curn,
1496 867 1579 917 jam
1610 866 1761 904 dimissa

374 930 579 974 concione,
611 939 811 967 revocatus
832 943 853 967 a
873 930 1034 967 Vatinio
1054 929 1199 974 fuiffet,
1228 930 1264 968 se
1283 930 1425 968 audiffe
1446 944 1466 968 a
1487 932 1674 975 Curione,
1698 930 1759 969 his

375 994 422 1032 de
444 994 558 1032 rebus
579 994 780 1032 conscium
802 994 874 1032 effe
895 994 1075 1032 Pisonem
1097 1008 1284 1046 generum
1306 1009 1455 1039 meum,
1487 1004 1525 1033 et
1553 996 1615 1034 M.
1640 997 1758 1034 Late·

375 1059 539 1097 rensem.
574 1059 696 1097 Nunc
717 1072 802 1096 reus
824 1068 904 1096 erat
924 1058 1026 1110 apud
1049 1059 1224 1096 Craffum
1246 1060 1425 1097 Divitem
1445 1060 1602 1098 Vettius
1624 1059 1671 1098 de
1691 1060 1729 1097 vi
1747 1075 1757 1098 ;

374 1133 428 1168 et,
459 1137 552 1162 cum
581 1123 671 1161 effet
699 1123 920 1168 damnatus,
952 1133 1032 1162 erat
1061 1124 1254 1162 indicium
1284 1125 1574 1177 postulaturus:
1607 1126 1713 1177 quod
1735 1126 1760 1163 fi

374 1188 626 1241 impetrasset,
651 1188 803 1240 judicia
822 1188 905 1226 fore
925 1189 1172 1227 videbantur.
1217 1191 1275 1227 Ea
1295 1203 1380 1235 nos,
1412 1200 1549 1243 utpote
1569 1193 1638 1243 qui
1659 1190 1762 1229 nihil

374 1263 626 1293 contemnere
656 1253 840 1299 solemus,
872 1267 950 1292 non
979 1254 1364 1306 pertimescebamus.
1411 1255 1638 1293 Hominum
1668 1257 1760 1308 qui-

375 1319 467 1357 dem
486 1319 639 1358 summa
657 1332 746 1371 erga
772 1332 843 1358 nos
869 1318 995 1357 studia
1020 1319 1365 1372 fignificabantur:
1397 1319 1461 1358 sed
1492 1321 1646 1373 prorsus
1674 1322 1762 1360 vitae

375 1384 507 1430 taedet,
538 1386 593 1423 ita
617 1384 707 1423 sunt
732 1385 866 1422 omnia
891 1385 1074 1423 omniurn
1094 1385 1336 1423 miseriarum
1357 1385 1588 1438 pleniffima.
1635 1385 1763 1424 Modo

375 1450 521 1489 caedem
553 1451 825 1495 timueramus,
856 1464 974 1503 quam
1006 1450 1130 1488 oratio
1155 1449 1354 1488 fortiffimi
1383 1449 1482 1488 senis
1510 1451 1764 1501 QConfidii

377 1515 625 1554 discufferat:
671 1529 728 1561 ea,
772 1529 892 1568 quam
930 1516 1109 1568 quotidie
1149 1516 1287 1554 timere
1321 1525 1588 1568 potueramus,
1634 1516 1764 1555 subito

377 1590 511 1620 exorta
531 1580 596 1619 est.
629 1580 740 1632 Qid
760 1581 901 1633 quaeris
921 1582 933 1618 ?
966 1579 1068 1619 nihil
1088 1594 1153 1618 me
1173 1579 1471 1626 infortunatius,
1502 1581 1605 1619 nihil
1632 1580 1762 1620 fortu-

378 1647 507 1685 natius
527 1645 582 1683 est
602 1645 761 1690 Catulo,
786 1659 881 1683 cum
901 1645 1104 1698 splendore
1122 1646 1227 1691 vitae,
1250 1655 1336 1684 tum
1356 1645 1433 1684 hoc
1455 1655 1643 1699 ternpore.
1676 1647 1763 1685 Nos

378 1721 509 1750 tamen
531 1710 592 1749 his
613 1711 778 1749 miseriis
799 1713 925 1750 erecto
945 1712 1078 1750 animo
1096 1720 1135 1749 et
1155 1712 1322 1750 minime
1349 1712 1577 1764 perturbato
1601 1713 1732 1750 sumus
1750 1732 1762 1757 ;

377 1776 718 1828 honestissimeque
752 1776 987 1829 dignitatem
1016 1776 1184 1816 nostram
1219 1786 1257 1815 et
1291 1790 1433 1829 magna
1464 1791 1557 1815 cura
1590 1786 1762 1817 tuemur.

380 1842 594 1895 Pompeius
623 1841 670 1880 de
701 1841 845 1880 Clodio
866 1843 982 1894 jubet
1009 1856 1079 1880 nos
1111 1843 1183 1880 effe
1209 1843 1287 1881 sine
1313 1856 1419 1887 cura,
1450 1852 1488 1881 et
1509 1843 1703 1881 summam
1724 1845 1765 1881 in

380 1922 451 1948 nos
471 1907 785 1946 benevolentiam
805 1908 916 1946 omni
936 1908 1110 1946 oratione
1131 1908 1336 1960 fignificat.
1381 1910 1443 1946 Te
1470 1907 1613 1946 habere
1637 1909 1765 1948 confi-

380 1975 527 2013 liorum
547 1974 758 2018 auctorem,
789 1973 1105 2012 sollicitudinum
1126 1973 1292 2020 socium,
1322 1973 1434 2012 omni
1466 1974 1506 2012 in
1528 1974 1767 2026 cogitatione

381 2040 655 2091 conjunctum,
686 2039 820 2092 cupio.
865 2040 1012 2092 Qare,
1043 2048 1088 2078 ut
1112 2040 1321 2079 Numestio
1341 2039 1536 2085 mandavi,
1568 2049 1701 2078 tecum
1722 2049 1767 2079 ut

381 2113 525 2157 ageret,
553 2104 664 2150 item,
685 2113 801 2156 atque
821 2117 867 2143 eo
887 2104 913 2143 fi
933 2104 1059 2158 potest
1078 2104 1219 2152 acrius,
1242 2115 1278 2145 te
1298 2119 1409 2159 rogo,
1431 2113 1474 2144 ut
1496 2105 1608 2157 plane
1628 2105 1674 2143 ad
1694 2118 1765 2143 nos

379 2170 551 2210 advoles.
597 2168 817 2224 Respirar0‚
848 2170 875 2209 fi
896 2179 934 2210 te
952 2169 1099 2210 videro.

1398 2560 1469 2598 12
