2243 3008
623 276 730 314 AD
788 274 1218 314 ATTICUM
1288 273 1534 316 LIB.121.
1723 297 1771 333 39

388 388 507 430 quam
528 376 646 429 profit
666 375 823 420 nesci0;
857 375 1103 427 Reipublicae
1125 385 1228 414 certe
1248 376 1416 428 prodest.
1449 379 1573 430 Qid,
1607 381 1632 419 fi
1654 383 1770 422 etiam

389 441 592 486 Caesarem,
623 442 736 493 cujus
770 454 875 479 nunc
902 440 1008 478 venti
1038 440 1148 478 valde
1175 440 1264 479 sunt
1286 441 1458 488 secundi,
1491 444 1608 482 reddo
1629 448 1770 485 melio-

387 508 503 545 rem?
535 520 632 545 num
655 515 808 544 tantum
830 506 968 544 obsum
997 505 1276 558 Reipublicae?
1309 508 1419 559 Qin
1449 509 1582 555 etiam,
1613 512 1639 549 si
1671 513 1772 552 mihi

384 585 502 610 nemo
530 571 721 610 invideret
736 590 748 616 ς
780 571 807 610 fi
834 583 986 616 omnes,
1019 579 1063 609 ut
1093 580 1174 609 erat
1204 585 1376 624 aequum,
1407 572 1581 614 faverent
1596 595 1608 620 3
1643 586 1771 616 tamen

386 651 464 678 non
486 638 618 676 minus
639 637 729 676 effet
750 636 949 690 probanda
967 636 1178 682 medicina,
1208 650 1294 691 quae
1326 638 1471 677 sanaret
1499 641 1652 680 vitiosas
1681 657 1769 695 par-

386 712 442 741 tes
464 703 727 756 Reipublicae,
757 716 878 756 quam
897 715 984 758 quae
1003 702 1210 742 exsecaret.
1261 703 1303 742 N
1307 716 1385 742 unc
1406 717 1511 750 vero,
1542 719 1634 746 cum
1656 711 1768 760 equi-

385 777 488 808 tatus
510 769 592 814 ille,
628 782 748 822 quem
768 781 841 821 ego
861 768 903 806 in
923 768 1028 806 clivo
1049 768 1293 821 Capitolino,
1326 778 1364 808 te
1385 770 1569 822 signifero
1596 787 1638 811 ac
1660 776 1769 825 prin-

385 835 488 888 cipe,
518 835 767 879 collocaram,
802 835 988 872 Senatum
1022 833 1258 879 deseruerim
1303 835 1422 874 nostri
1455 847 1585 876 autem
1619 841 1770 891 princi-

386 915 452 955 pes
473 901 600 954 digito
621 901 656 940 se
676 900 818 939 caelum
837 909 979 953 putent
999 900 1204 954 attingere,
1236 901 1261 940 fi
1294 901 1412 940 mulli
1443 903 1592 943 barbati
1621 905 1660 943 in
1690 907 1769 959 pis-

382 968 484 1005 cinis
515 967 604 1011 fint,
639 967 709 1019 qui
743 966 790 1004 ad
824 979 987 1004 manum
1021 966 1233 1012 accedant,·
1270 967 1344 1005 alia
1373 977 1504 1007 autem
1539 970 1768 1024 negligant:

384 1047 516 1072 nonne
537 1032 611 1071 tibi
629 1032 719 1071 satis
752 1031 923 1085 prodesse
954 1031 1101 1077 videor,
1133 1033 1158 1071 si
1186 1033 1362 1086 perficio,
1395 1044 1438 1071 ut
1469 1035 1598 1074 nolint
1629 1038 1768 1083 obesse,

382 1099 451 1151 qui
472 1097 658 1151 poss‘unt?
689 1097 797 1136 Nam
817 1097 1012 1136 Catonem
1032 1096 1207 1136 nostrum
1226 1111 1307 1136 non
1328 1107 1371 1136 tu
1393 1111 1495 1137 amas
1516 1101 1620 1153 plus,
1652 1115 1771 1154 quam

381 1177 470 1216 ego.
503 1162 576 1200 Sed
597 1171 727 1201 tamen
748 1161 831 1206 ille,
861 1162 1015 1214 optimo
1035 1162 1169 1200 animo
1188 1172 1317 1208 utens,
1348 1172 1387 1201 et
1408 1164 1560 1204 summa
1580 1167 1668 1212 fide,
1696 1182 1768 1206 no-

380 1237 444 1267 cet
477 1227 678 1267 interdum
713 1226 987 1281 Reipublicae:
1024 1226 1123 1266 dicit
1155 1227 1263 1266 enim
1298 1236 1484 1280 tanquam
1519 1230 1559 1268 in
1596 1232 1770 1271 Platonis

379 1288 533 1342 πλιτεὶᾳ,
563 1306 642 1331 non
664 1301 850 1347 tanquam
871 1293 912 1331 in
934 1292 1101 1331 Romuli
1132 1291 1241 1338 faece,
1273 1291 1517 1333 seutentiam.
1565 1297 1675 1349 Qid
1703 1312 1769 1336 ve-

381 1360 478 1404 rius,
509 1372 629 1413 quam
649 1359 690 1397 in
705 1358 907 1412 judicium
927 1358 1074 1404 venire,
1104 1358 1174 1412 qui
1194 1358 1246 1397 ob
1268 1372 1349 1398 rem
1365 1360 1620 1412 judicandam
1646 1377 1768 1416 pecu-

381 1425 488 1464 niam
509 1425 702 1478 acceperit
720 1426 733 1463 ?
765 1424 930 1464 Censuit
951 1422 1028 1463 hoc
1049 1424 1150 1463 Cato
1168 1439 1177 1464 ε
1210 1424 1357 1464 assensit
1379 1426 1555 1467 Senatus.
1603 1429 1769 1483 Equites

380 1492 501 1531 curiae
520 1491 686 1536 bellum,
708 1504 787 1530 non
808 1489 936 1536 mihi;
966 1504 1058 1529 nam
1077 1503 1150 1544 ego
1170 1490 1335 1530 diffenfi.
1367 1492 1479 1545 Qid
1498 1493 1770 1547 impudentius

379 1556 607 1594 Publicanis
629 1555 974 1594 renuntiantibus?
997 1554 1075 1594 fuit
1096 1564 1241 1601 tamen,
1260 1556 1454 1595 retinendi
1473 1558 1621 1598 ordinis
1643 1562 1767 1607 causa,

380 1620 557 1659 facienda
572 1622 735 1673 jactura.
767 1619 928 1660 Restitit
947 1629 985 1659 et
1005 1620 1172 1674 pervicit
1193 1621 1308 1659 Cato.
1345 1622 1483 1675 Itaque
1503 1636 1624 1670 nunc,
1657 1626 1768 1664 Con-

381 1686 461 1724 sule
483 1686 523 1723 in
544 1698 694 1723 carcere
714 1684 881 1730 incluso,
913 1684 1008 1738 saepe
1028 1685 1125 1723 item
1146 1685 1334 1724 seditione
1353 1698 1568 1734 commota,
1589 1689 1769 1742 aspiravit

380 1764 498 1790 nemo
524 1763 677 1795 eorum,
706 1763 879 1803 quorum
910 1763 984 1802 ego
1014 1750 1222 1796 concursu,
1253 1751 1428 1805 itemque
1461 1753 1667 1801 Consules,
1697 1758 1769 1809 qui

377 1815 464 1870 post
501 1829 566 1855 me
602 1814 778 1861 fuerunt,
825 1815 1133 1869 Rempublicam
1171 1815 1378 1855 defendere
1417 1816 1606 1858 solebant.
1657 1822 1769 1874 Qid

377 1882 502 1934 ergo?
545 1880 651 1926 istos,
683 1881 853 1934 inquies,
884 1880 1063 1920 mercede
1096 1880 1310 1920 conductos
1345 1880 1613 1922 habebimus?
1656 1887 1767 1938 Qid

378 1945 584 1991 faciemus,
615 1946 641 1984 fi
671 1946 783 1984 aliter
814 1959 892 1984 non
923 1945 1156 1999 pofl‘umus?
1187 1960 1234 1985 an
1262 1946 1475 1993 libertinis,
1505 1958 1623 2002 atque
1647 1952 1767 1991 etiam

379 2011 510 2057 servis,
539 2011 746 2050 serviamus
767 2012 779 2049 ?
812 2011 899 2056 Sed,
923 2021 966 2050 ut
987 2022 1030 2050 tu
1051 2012 1120 2057 ais,
1151 2011 1230 2050 ἀλις
1247 2007 1388 2054 σπεὸἧς.
1422 2014 1618 2054 Favonius
1638 2030 1766 2057 meam

377 2077 528 2117 tribum
550 2076 644 2115 tulit
664 2076 878 2122 honestius,
908 2090 1028 2130 quam
1059 2077 1194 2123 suam;
1227 2078 1391 2119 Lucceii
1415 2079 1614 2133 perdidit:
1646 2095 1767 2121 accu-

376 2142 471 2181 savit
492 2142 674 2182 Nasicam
694 2141 921 2188 inhoneste3
953 2155 996 2180 ac
1017 2142 1188 2181 modeste
1203 2152 1339 2182 tamen
1359 2145 1486 2190 dixit;
1510 2145 1564 2183 ita
1583 2155 1626 2185 ut
1647 2146 1763 2186 Rho..

375 2207 418 2247 di
450 2207 647 2247 videretur
679 2208 796 2247 molis
832 2208 978 2261 potius,
1024 2222 1144 2261 quam
1179 2208 1356 2256 Moloni,
1399 2224 1557 2264 operam
1591 2211 1760 2253 dediffe:

377 2273 493 2319 mihi,
524 2274 631 2327 quod
651 2274 919 2319 defendissem,
950 2275 1086 2313 leviter
1106 2275 1352 2315 succensuit:
1385 2291 1492 2316 nunc
1514 2287 1642 2317 tamen
1663 2282 1764 2333 petit

379 2338 523 2377 iterum
543 2340 790 2393 Reipublicae
811 2340 934 2379 causa.
980 2341 1176 2380 Lucceius
1203 2340 1302 2394 quid
1321 2351 1423 2394 agat,
1455 2342 1619 2382 scribam
1640 2345 1686 2383 ad
1708 2355 1760 2391 te,

376 2416 471 2441 cum
493 2404 679 2444 Caesarem
700 2405 846 2451 videro,
877 2405 950 2458 qui
968 2405 1090 2444 aderit
1111 2406 1246 2445 biduo.
1293 2407 1413 2458 Qod
1439 2408 1611 2460 Sicyonii
1633 2419 1670 2448 te
1692 2411 1758 2449 lae·

377 2467 479 2506 dunt
494 2487 506 2513 5
539 2469 698 2514 Catoni,
727 2480 765 2509 et
785 2471 867 2522 ejus
889 2470 1106 2510 aemulatori
1126 2472 1313 2511 attribuas
1336 2473 1512 2512 Servilio.
1546 2474 1687 2525 Qid?
1718 2488 1759 2513 ea

376 2533 491 2585 plaga
510 2547 640 2572 nonne
659 2533 705 2572 ad
726 2535 874 2574 multos
895 2536 1019 2575 bonos
1034 2537 1136 2576 viros
1153 2537 1349 2590 pertinet?
1372 2537 1460 2584 Sed,
1476 2539 1504 2578 fi
1526 2539 1578 2578 ita
1595 2539 1756 2591 placuit,
