2243 3008
551 206 657 244 A·D
716 204 1144 243 ATTICUM
1212 207 1351 246 LIB.
1402 208 1498 246 XII.
1643 223 1717 261 329

337 317 455 356 quam
476 313 518 343 tu
539 303 690 348 scribis,
720 311 818 356 puto
838 303 952 342 nosti.
1000 302 1119 342 Nihil
1148 303 1228 342 vidi
1257 304 1418 344 foedius.
1466 307 1537 344 Sed
1567 306 1714 344 adsum.

337 372 480 408 Coram
501 369 637 421 igitur.

393 436 607 488 Obfignata
626 435 799 488 epistola,
831 436 963 488 accepi
986 445 1083 474 tuas.
1128 436 1271 474 Atticae
1292 435 1529 475 hilaritatem
1550 438 1719 475 libenter

336 500 475 540 audio:
508 501 859 539 commotiunculis
880 498 1091 547 τυμπάσ-χω.

669 704 910 741 CICERO
952 703 1208 740 ATTxco
1252 704 1381 742 SAL.

338 830 432 868 XII.
458 830 585 904 DE
616 831 706 869 dote
736 839 844 869 tanto
873 830 997 883 magis
1025 843 1230 884 perpurga.
1278 831 1391 869 Balbi
1421 832 1523 883 regia
1543 831 1719 870 conditio

557 896 609 934 est
631 896 849 949 delegandi.
883 898 1057 948 Qoquo
1082 897 1201 935 modo
1221 897 1371 935 confice
1390 913 1398 936 :
1432 907 1544 950 turpe
1564 897 1617 935 est
1638 911 1719 935 rem

336 962 570 1015 impeditam
603 964 745 1014 jacere.
792 961 923 1000 Insula
956 962 1124 1014 Arpinas
1160 962 1301 1000 habere
1334 963 1458 1015 potest
1496 976 1720 1015 germanam

336 1025 547 1065 amffloemv:
582 1028 643 1065 sed
664 1042 795 1066 vereor
815 1042 863 1066 ne
892 1027 1087 1066 minorem
1115 1023 1207 1075 τιμὴν
1235 1027 1376 1066 habere
1405 1028 1594 1067 videatur.
1639 1024 1718 1063 Ἐκ-

337 1088 492 1145 reda-:apex
523 1092 588 1130 est.
635 1093 764 1145 Igitur
792 1094 944 1130 animus
974 1093 1015 1130 in
1042 1092 1194 1131 hortis:
1229 1107 1326 1145 quos
1348 1103 1478 1131 tamen
1500 1094 1719 1146 inspiciam,

337 1170 430 1194 cum
451 1170 604 1196 venero.
649 1159 711 1195 De
741 1158 916 1210 Epicuro
937 1167 981 1195 ut
1000 1158 1134 1203 voles;
1167 1159 1234 1196 etsl
1263 1155 1511 1208 μεθαρμόζσμοᾳ
1530 1159 1571 1197 in
1591 1159 1720 1212 poste-

337 1235 425 1258 rum
452 1235 574 1273 genus
605 1221 681 1260 hoc
711 1223 975 1275 personarum.
1022 1223 1259 1261 Incredibile
1285 1223 1338 1260 est
1358 1237 1476 1275 quam
1497 1237 1539 1262 ea
1559 1224 1721 1277 quidam

337 1287 536 1340 requirant
555 1302 563 1325 ε
597 1287 643 1324 ad
664 1290 845 1341 antiquos
867 1289 1016 1340 igitur;
1047 1285 1230 1336 ἀνεμέσητον
1248 1288 1330 1343 γάρ.
1378 1288 1495 1327 Nihil
1525 1289 1650 1328 habeo
1674 1290 1721 1327 ad

337 1361 375 1390 te
407 1352 512 1405 quod
544 1353 808 1405 perscribam:
840 1353 904 1391 secl
936 1362 1066 1391 tamen
1096 1352 1247 1391 institui
1278 1354 1454 1405 quotidie
1475 1355 1645 1399 mittere,
1678 1365 1722 1392 ut

336 1418 492 1456 eliciam
513 1427 597 1456 tuas
629 1419 787 1464 literas;
820 1433 899 1457 non
932 1433 1012 1472 quo
1043 1418 1193 1470 aliquid
1224 1431 1272 1456 ex
1303 1417 1365 1456 his
1397 1421 1625 1472 expecte1n5
1659 1419 1722 1457 sed

337 1483 466 1521 nescio
486 1484 706 1535 quomodo
727 1494 856 1522 tamen
878 1487 1054 1537 expecto.
1098 1485 1229 1535 Qare
1255 1484 1330 1522 five
1356 1483 1474 1523 habes
1504 1485 1616 1538 quid,
1647 1484 1722 1523 five

337 1546 440 1585 nihil
460 1545 594 1593 habes,
624 1548 748 1587 scribe
769 1557 898 1587 tamen
919 1548 1083 1602 aliquid,
1115 1556 1231 1600 teque
1252 1561 1357 1588 cura.

678 1752 919 1790 Cxcnno
959 1751 1214 1789 ATT1co
1255 1747 1385 1790 SAL.

339 1875 550 1950 XIII..C
566 1880 602 1918 O
618 1880 667 1918 M
682 1880 730 1918 M
747 1880 782 1918 O
794 1880 829 1917 V
845 1881 878 1918 E
893 1881 931 1919 T
962 1893 1025 1918 me
1054 1878 1189 1917 Attica
1204 1897 1216 1923 ;
1248 1877 1314 1916 etsi
1340 1878 1519 1917 assentior
1546 1880 1720 1919 Cratero.

586 1945 698 1983 Bruti
725 1945 860 1990 literae,
892 1945 1043 1997 scriptae
1063 1953 1101 1982 et
1121 1943 1332 1996 prudenter
1351 1953 1390 1982 et
1410 1945 1547 1990 amice,
1579 1947 1723 1984 multas

340 2009 442 2048 mihi
463 2019 592 2050 tamen
613 2011 803 2062 lacrymas
823 2011 1055 2049 attulerunt.
1101 2009 1173 2047 Me
1202 2008 1284 2047 haec
1313 2009 1482 2048 solitudo
1502 2011 1633 2050 minus
1655 2012 1722 2049 sti-

340 2075 481 2121 mulat,
503 2089 622 2128 quam
642 2075 710 2114 ista
729 2075 957 2114 celebritas:
982 2085 1020 2114 te
1041 2088 1164 2113 unum
1187 2074 1384 2120 defider0;
1417 2075 1480 2113 sed
1501 2076 1623 2114 literis
1645 2090 1723 2114 non

342 2140 544 2179 difficilius
566 2150 670 2186 utor,
701 2154 820 2193 quam
841 2141 867 2179 fi
889 2140 997 2179 domi
1024 2140 1153 2179 effem.
1200 2139 1329 2177 Ardor
1360 2149 1489 2178 tamen
1521 2140 1588 2178 ille
1620 2141 1725 2178 idem

343 2216 455 2258 urget
475 2216 514 2244 et
536 2215 679 2250 manet,
711 2219 790 2244 non
812 2205 1036 2245 mehercule
1056 2205 1287 2256 indulgente
1308 2217 1385 2248 me,
1411 2204 1474 2242 sed
1496 2214 1623 2242 tamen
1645 2219 1724 2243 non

344 2281 599 2323 repugnante.
632 2272 751 2323 Qod
772 2271 906 2310 scribis
928 2272 974 2310 de
996 2271 1180 2324 Apuleio,
1210 2269 1311 2307 nihil
1333 2278 1430 2321 puto
1450 2283 1548 2322 opus
1569 2270 1639 2308 effe
1661 2278 1726 2308 tua

345 2337 612 2382 contentione,
643 2350 714 2375 nec
736 2337 859 2375 Balbo
879 2347 917 2375 et
940 2337 1099 2388 Oppio;
1132 2335 1276 2387 quibus
1298 2334 1459 2387 quidem
1480 2335 1548 2372 ille
1569 2349 1724 2388 recepe-

346 2409 418 2445 rat,
450 2400 629 2452 mihique
648 2403 766 2440 etiam
781 2402 939 2455 jusserat
961 2401 1146 2445 nuntiari,
1178 2400 1214 2438 se
1235 2399 1441 2438 molestum
1462 2401 1626 2438 omnino
1647 2415 1724 2438 non

347 2463 543 2503 futurum.
590 2465 663 2502 Sed
693 2479 798 2513 cura,
830 2477 874 2506 ut
903 2467 1061 2507 excuser
1090 2465 1218 2504 morbi
1245 2465 1355 2505 causa
1375 2465 1416 2503 in
1437 2465 1517 2504 dies
1539 2465 1723 2517 singulos.

430 2531 568 2569 ToM.
601 2530 719 2578 vm.
1340 2533 1378 2569 T
1411 2541 1425 2567 t
