2243 3008
508 211 590 263 416
859 206 1550 247 EPISTOLARUM

511 323 562 348 ex
582 318 689 362 parte
709 307 749 346 in
776 307 999 346 societatem
1030 316 1185 344 tuarum
1215 305 1378 344 laudum
1398 306 1530 344 venire
1559 304 1718 358 patiare.
1762 303 1904 355 Qan-

512 389 647 428 quam,
679 375 736 413 mi
756 373 979 418 Dolabella,
1005 372 1106 425 (haec
1127 372 1234 409 enim
1249 373 1405 423 jocatus
1427 371 1532 421 sum)
1556 372 1744 409 libentius
1766 382 1904 408 omnes

514 454 635 485 meas,
668 440 693 478 fi
726 439 846 478 modo
878 439 967 476 sunt
997 437 1138 489 aliquae
1171 450 1266 474 meae
1298 436 1446 481 laudes,
1478 436 1523 474 ad
1549 447 1586 474 te
1607 435 1903 479 transfuderim,

513 519 634 558 quam
654 506 825 557 aliquam
847 513 996 556 partem
1017 501 1261 540 exhauserim
1282 514 1329 538 ex
1351 501 1444 539 tuis.
1491 502 1599 539 Nam
1628 515 1721 540 cum
1743 510 1780 539 te
1801 500 1903 538 sem-

514 583 584 625 per
603 580 759 609 tantum
785 569 1008 613 dilexerim,
1039 576 1233 619 quantum
1266 575 1309 603 tu
1342 565 1563 618 intelligere
1595 565 1784 619 potuisti;
1817 575 1906 604 tum

513 635 577 674 his
599 636 677 674 tuis
698 635 809 674 factis
831 634 881 672 sle
902 632 1082 671 incensus
1100 632 1199 676 sum,
1218 639 1262 669 ut
1283 630 1384 668 nihil
1408 644 1583 682 unquam
1604 631 1645 668 in
1665 643 1796 668 amore
1815 629 1905 669 fue-

513 701 566 739 rit
596 701 810 738 ardentius,
858 697 976 736 Nihil
1007 697 1062 735 est
1089 697 1198 734 enirn
1221 694 1342 749 (mihi
1363 695 1494 745 crede)
1517 695 1663 733 virtute
1681 695 1905 740 formofius‚

515 765 617 804 nihil
640 763 862 817 pulchrius,
894 762 998 802 nihil
1026 761 1250 800 amabilius.
1298 762 1458 814 Semper
1477 762 1618 806 amavi,
1650 770 1695 799 ut
1719 760 1808 806 scis,
1839 760 1904 799 M.

515 831 701 874 Brutum,
733 838 892 882 propter
912 829 995 880 ejus
1017 827 1219 865 summum
1248 826 1471 879 ingenium,
1503 825 1740 864 suaviffimos
1762 838 1906 870 mores,

515 895 749 948 singularem
770 894 1008 947 probitatem
1030 902 1147 945 atque
1167 891 1445 931 constantiam:
1471 901 1600 930 tamen
1622 891 1760 931 Idibus
1780 891 1906 931 Mart.

514 970 671 999 tantum
692 960 845 998 acceffit
864 959 912 997 ad
932 972 1120 1004 amorem,
1143 968 1188 996 ut
1208 958 1369 996 mirarer
1388 958 1524 996 locum
1544 957 1657 996 fuisse
1676 957 1845 1010 augendi
1865 957 1908 995 in

514 1039 576 1071 eo,
607 1025 714 1079 quod
736 1024 1093 1077 mihijampridem
1114 1023 1364 1062 cumulatum
1395 1024 1516 1062 etiam
1538 1023 1759 1062 videbatur.
1805 1023 1908 1075 Qis

514 1100 610 1136 erat,
641 1091 711 1144 qui
743 1099 896 1144 putaret
927 1091 974 1129 ad
1005 1104 1098 1129 eum
1129 1103 1318 1135 amorem,
1350 1103 1471 1143 quem
1503 1102 1595 1143 erga
1628 1098 1666 1128 te
1697 1088 1907 1133 habebam,

514 1156 620 1210 poss‘e
640 1155 791 1208 aliquid
810 1155 991 1195 accedere
1010 1157 1023 1194 ?
1055 1165 1212 1194 tantum
1232 1155 1400 1201 acceffit,
1424 1164 1468 1194 ut
1488 1154 1591 1194 mihi
1611 1168 1718 1193 nunc
1739 1154 1909 1206 denique

515 1235 645 1260 amare
664 1221 809 1267 videar,
830 1231 942 1260 antea
961 1221 1151 1260 dilexisse.
1175 1223 1306 1273 Qare
1326 1221 1424 1274 quid
1443 1220 1511 1267 est,
1533 1220 1642 1275 quod
1660 1234 1734 1273 ego
1754 1229 1792 1258 te
1811 1219 1908 1258 hor-

515 1295 589 1333 ter,
620 1296 665 1325 ut
685 1287 871 1340 dignitati
891 1296 931 1326 et
950 1287 1084 1340 gloriae
1106 1287 1243 1325 servias
1262 1288 1276 1325 ?
1307 1300 1526 1339 proponam
1548 1287 1622 1324 tibi
1642 1286 1766 1325 claros
1788 1286 1907 1330 viros,

513 1353 624 1405 quod
645 1351 772 1391 facere
791 1353 932 1398 solent,
961 1352 1034 1405 qui
1053 1352 1262 1391 hortantur
1280 1353 1294 1389 ?
1321 1352 1520 1390 neminem
1540 1350 1666 1390 habeo
1685 1351 1907 1396 clariorem,

515 1431 638 1471 quam
659 1427 697 1456 te
718 1418 861 1471 ipsum.
894 1419 957 1456 Te
977 1418 1133 1455 imitere
1153 1425 1323 1470 oportet,
1345 1426 1478 1455 tecum
1500 1416 1579 1469 ipse
1599 1426 1738 1455 certeS.
1771 1417 1836 1455 Ne
1856 1418 1908 1455 li-

514 1492 580 1521 cet
599 1483 761 1535 quidem
782 1483 972 1535 tibijam,
1005 1483 1124 1519 tantis
1146 1482 1261 1519 rebus
1283 1481 1413 1534 gestis,
1445 1494 1523 1519 non
1546 1481 1606 1519 tui
1632 1481 1799 1519 fimilem
1820 1481 1908 1520 esse.

516 1548 639 1600 Qod
671 1561 765 1586 cum
796 1549 851 1586 ita
884 1547 944 1592 fit,
977 1545 1149 1585 hortatio
1184 1560 1263 1584 non
1298 1545 1351 1584 est
1386 1545 1616 1592 neceffaria5
1648 1547 1911 1600 gratulatione

514 1614 641 1666 magis
663 1613 857 1652 utendum
877 1613 944 1651 est.
976 1613 1160 1665 Contigit
1180 1613 1288 1651 enim
1310 1612 1400 1657 tibi,
1417 1613 1524 1666 quod
1545 1611 1649 1651 haud
1671 1613 1749 1651 scio
1769 1626 1816 1650 an
1839 1627 1910 1651 ne-

515 1679 633 1724 mini,
662 1688 707 1717 ut
728 1679 881 1717 summa
901 1678 1079 1717 severitas
1101 1677 1442 1716 animadverfionis
1466 1692 1543 1716 non
1565 1678 1684 1717 modo
1706 1692 1784 1716 non
1805 1679 1911 1716 invi-

515 1745 636 1790 diosa,
668 1744 732 1783 sed
762 1745 881 1784 etiam
911 1745 1111 1797 popularis
1141 1743 1248 1789 esset,
1279 1753 1317 1782 et
1338 1757 1431 1782 cum
1453 1744 1566 1782 bonis
1588 1744 1790 1789 omnibus,
1823 1753 1911 1782 tum

517 1810 659 1849 infimo
680 1812 840 1864 cuique,
873 1811 1098 1864 gratiffima.
1145 1810 1237 1848 Hoc
1259 1810 1284 1848 fi
1307 1810 1381 1848 tibi
1411 1809 1570 1849 fortuna
1589 1810 1756 1863 quadam
1778 1811 1910 1849 conti-

516 1877 644 1929 giffet,
675 1877 889 1930 gratularer
909 1875 1093 1915 felicitati
1115 1885 1212 1915 tuae:
1246 1876 1309 1914 sed
1328 1877 1500 1930 contigit
1522 1876 1795 1928 magnitudine
1816 1891 1910 1914 cum

516 1942 655 1987 animi,
674 1951 761 1979 tum
782 1942 902 1980 etiam
923 1942 1074 1993 ingenii
1094 1950 1212 1993 atque
1232 1941 1398 1979 confilii.
1432 1941 1530 1993 Legi
1552 1942 1658 1978 enim
1675 1942 1911 1980 concionem

516 2017 657 2046 tuam:
690 2007 792 2046 nihil
815 2007 883 2045 illa
903 2007 1129 2059 sapientius.
1178 2007 1237 2044 Ita
1267 2006 1510 2059 pedetentim
1542 2016 1579 2045 et
1610 2008 1801 2059 gradatim
1825 2018 1912 2046 tum

516 2072 686 2111 accessus
707 2085 728 2110 a
749 2081 786 2110 te
806 2073 852 2110 ad
873 2071 1026 2110 causam
1047 2071 1154 2116 sacti,
1187 2080 1273 2109 tum
1296 2071 1473 2116 receffus,
1501 2081 1544 2109 ut
1566 2085 1623 2110 res
1645 2072 1724 2125 ipsa
1745 2074 1911 2111 maturi-

518 2147 641 2178 tatem
664 2138 738 2177 tibi
768 2138 1104 2177 animadvertendi
1129 2138 1312 2176 omnium
1343 2138 1522 2176 concessu
1552 2138 1673 2176 daret.
1723 2139 1912 2177 Liberasti

518 2204 643 2257 igitur
663 2213 702 2242 et
723 2204 862 2242 urbem
883 2204 1075 2257 periculo,
1105 2212 1145 2241 et
1165 2204 1366 2242 civitatem
1399 2213 1537 2249 metu,
1571 2217 1696 2256 neque
1720 2204 1843 2242 solum
1866 2205 1912 2243 ad

519 2280 678 2323 tempus
700 2271 915 2310 maximam
936 2271 1150 2309 utilitatem
1172 2270 1351 2314 attulisti,
1384 2270 1444 2308 sed
1466 2270 1584 2308 ctiam
1607 2271 1652 2307 ad
1682 2271 1910 2323 exemplum

519 2335 628 2375 facti.
676 2336 902 2388 Intelligere
923 2336 1056 2381 debes,
1088 2337 1128 2374 in
1151 2345 1188 2375 te
1211 2336 1371 2390 politam
1393 2335 1464 2373 esse
1487 2337 1632 2388 Remp.
1657 2336 1812 2388 tibique
1835 2350 1911 2374 non

520 2401 642 2441 modo
663 2401 844 2447 tuendos,
877 2401 939 2440 sed
959 2403 1077 2440 etiam
1098 2402 1308 2447 ornandos,
1341 2401 1429 2439 illos
1452 2402 1569 2446 viros,
1601 2415 1621 2439 a
1653 2402 1798 2455 quibus
1832 2403 1910 2440 ini-

520 2468 625 2508 tium
647 2468 838 2508 libertatis
859 2467 1081 2523 profestum
1102 2468 1170 2509 est.
1217 2469 1290 2508 Sed
1321 2467 1383 2509 his
1416 2469 1462 2508 dc
1496 2469 1610 2508 rebus
1641 2482 1772 2508 coram
1800 2468 1913 2521 plura
