2243 3008
478 307 556 345 292
828 290 1516 332 EPISTOLARUM

477 389 568 428 Kal.
604 389 705 429 Mai.
743 397 788 428 ut
821 388 868 427 ad
902 401 965 428 me
1000 388 1126 427 Curio
1158 387 1320 441 scripfit.
1373 388 1555 433 Utinam,
1597 388 1704 442 quod
1738 389 1864 434 aiunt,

477 456 598 494 Cotta
631 454 848 494 Sardiniam
882 463 1037 494 teneat:
1079 453 1132 491 est
1165 453 1273 491 enim
1307 467 1456 493 rumor.
1503 455 1557 500 Ο,
1593 454 1620 493 fi
1654 453 1695 492 id
1728 453 1865 499 fuerit,

477 530 635 573 turpem
669 520 891 559 Catonem!
935 520 1037 571 Ego,
1078 527 1122 557 ut
1155 519 1376 557 minuerem
1411 519 1672 571 suspicionem
1705 517 1864 573 profec-

477 587 614 632 tionis,
644 594 712 625 aut
740 585 992 637 cogitationis
1020 597 1130 628 meae,
1161 581 1359 635 profectus
1389 583 1475 622 sum
1504 584 1547 622 in
1578 585 1867 638 Pompeianum

477 665 512 689 a.
546 651 586 690 d.
623 665 667 689 ιν
702 650 762 689 Id.
798 659 841 688 ut
872 650 929 687 ibi
961 648 1091 693 effem,
1132 647 1244 693 dum,
1275 661 1362 701 quae
1392 647 1439 686 ad
1471 649 1736 701 navigandum
1765 663 1865 703 opus

477 716 611 761 effrem,
642 723 880 768 pararentur.
928 713 1036 752 Cum
1067 712 1114 752 aid
1145 712 1283 752 villam
1312 711 1512 758 veniffem,
1542 722 1706 752 ventum
1736 713 1791 753 est
1819 713 1866 752 ad

476 795 568 818 me:
601 779 849 818 centuriones
882 778 1005 816 trium
1036 777 1279 824 cohortium,
1310 792 1397 831 quae
1429 778 1630 831 Pompeiis
1664 778 1769 824 sunt,
1798 792 1864 818 me

477 846 576 884 velle
596 844 794 898 postridie.
841 843 940 881 Haec
969 856 1128 881 mecum
1160 843 1338 882 Ninnius
1371 843 1526 889 noster;
1556 843 1658 882 velle
1677 857 1741 882 eos
1763 843 1866 882 mihi

477 911 513 948 se
544 920 583 949 et
614 908 807 962 oppidum
840 907 1001 946 tradere.
1048 909 1104 946 At
1132 921 1206 960 ego
1231 908 1306 947 tibi
1332 908 1517 961 postridie
1537 922 1558 947 a
1576 908 1671 947 villa
1690 918 1778 947 ante
1798 909 1864 947 lu-

476 989 578 1020 cem,
610 985 654 1012 ut
675 987 738 1012 me
758 974 923 1012 omnino
943 973 1005 1012 illi
1026 986 1074 1011 ne
1095 973 1284 1012 viderent.
1331 973 1443 1025 Qid
1472 974 1581 1012 enim
1606 983 1687 1012 erat
1717 974 1760 1012 in
1789 974 1864 1013 tri-

475 1041 549 1078 bus
570 1039 802 1078 cohortibus
822 1039 835 1075 ?
866 1038 979 1091 quid,
1002 1038 1027 1076 fi
1048 1038 1180 1090 plures
1199 1039 1213 1076 ?
1244 1051 1326 1092 quo
1345 1048 1530 1092 apparatu
1548 1040 1562 1077 ?
1595 1039 1779 1092 Cogitavi
1798 1052 1864 1078 ea-

476 1105 568 1143 dem
599 1104 668 1143 illa
699 1104 884 1148 Caeliana,
926 1116 1013 1155 quae
1046 1103 1126 1156 legi
1161 1103 1202 1142 in
1236 1103 1397 1156 epistola
1428 1113 1521 1150 tua;
1564 1117 1684 1156 quam
1713 1104 1864 1157 accepi,

476 1170 591 1208 fimul
625 1170 666 1208 in
702 1170 931 1208 Cumanum
965 1167 1069 1213 veni,
1106 1168 1245 1206 eodem
1278 1169 1368 1207 die:
1411 1177 1451 1208 et
1483 1168 1598 1208 fimul
1631 1168 1716 1207 fieri
1748 1178 1864 1222 pote-

475 1245 547 1280 rat,
580 1244 624 1273 ut
645 1244 897 1273 tentaremur.
946 1234 1122 1272 Omnem
1153 1233 1275 1287 igitur
1304 1233 1565 1287 suspicionem
1594 1233 1745 1274 sustuli.
1791 1234 1866 1273 Sed

475 1313 569 1338 cum
601 1298 729 1344 redeo,
768 1297 1002 1338 Hortensius
1033 1307 1203 1344 venerat,
1239 1307 1280 1337 et
1312 1298 1358 1336 ad
1390 1298 1621 1338 Terentiam
1652 1298 1864 1337 salutatum

476 1365 711 1409 diverterat;
755 1363 931 1401 sermone
964 1372 1045 1401 erat
1079 1363 1168 1402 usus
1202 1362 1424 1403 honorifico
1456 1376 1547 1417 erga
1580 1377 1656 1402 me.
1707 1364 1866 1402 Tamen

475 1442 583 1474 eum,
614 1438 658 1467 ut
689 1437 802 1481 puto,
833 1428 1004 1474 videbo;
1036 1428 1141 1474 misit
1171 1429 1279 1468 enim
1311 1442 1479 1481 puerum
1511 1428 1548 1467 se
1577 1428 1626 1466 ad
1655 1442 1720 1467 me
1749 1429 1864 1467 veni-

475 1508 529 1533 re.
577 1494 669 1532 Hoc
690 1493 852 1545 quidem
881 1493 1039 1539 melius,
1070 1507 1189 1547 quam
1209 1493 1362 1546 collega
1381 1493 1508 1532 noster
1527 1493 1757 1532 Antonius:
1789 1507 1862 1532 cu·

468 1561 535 1611 jus
568 1560 669 1598 inter
699 1559 853 1598 lictores
874 1559 1012 1597 lectica
1031 1559 1154 1597 mima
1174 1568 1366 1612 portatur.
1408 1559 1491 1604 Tu,
1521 1558 1712 1611 quoniam
1742 1571 1862 1612 quar-

474 1634 564 1662 tana
582 1637 702 1669 cares,
733 1633 772 1662 et
793 1637 873 1662 non
893 1623 1013 1662 modo
1032 1625 1219 1662 morbum
1240 1623 1453 1669 removisti,
1484 1623 1548 1662 sed
1575 1622 1695 1662 et'iam
1724 1637 1862 1675 grave-

472 1689 621 1735 dinem,
654 1699 691 1728 te
710 1698 894 1742 vegetum
916 1689 1030 1728 nobis
1052 1690 1092 1727 in
1114 1689 1267 1728 Graecia
1287 1688 1369 1728 fiste
1385 1709 1398 1736 5
1430 1697 1469 1728 et
1489 1688 1690 1728 literarum
1710 1688 1863 1741 aliquid

475 1764 633 1794 interea.

808 1953 1051 1993 cim-:110
1091 1954 1348 1993 A‘rrrco
1389 1955 1520 1993 SAL.

474 2081 610 2122 XVII.
637 2078 690 2152 P
706 2079 770 2118 Rl
786 2079 841 2118 D.
874 2080 967 2119 Idus
990 2080 1222 2120 Hortensius
1244 2080 1290 2119 ad
1312 2094 1374 2120 me
1394 2082 1500 2121 venit
1521 2080 1662 2134 scripta
1682 2082 1856 2135 epistola.

726 2145 882 2184 Vellem
920 2155 1056 2184 coetera
1088 2148 1187 2198 ejus.
1238 2148 1371 2199 Qam
1409 2146 1450 2186 in
1486 2160 1549 2186 me
1583 2148 1859 2187 incredibilem

471 2208 651 2248 ixa-imm!
684 2223 762 2262 qua
787 2210 949 2261 quidem
981 2211 1115 2262 cogito
1142 2211 1215 2249 uti.
1263 2210 1417 2250 Deinde
1439 2212 1622 2265 Serapion
1641 2226 1734 2251 cum
1754 2213 1858 2265 epis-

475 2276 554 2314 tola
575 2285 666 2314 tua:
700 2289 819 2327 quam
841 2276 948 2328 prius
969 2289 1088 2327 quam
1109 2276 1352 2329 aperuiffem,
1384 2277 1467 2316 dixi
1487 2279 1538 2323 ei,
1571 2287 1607 2316 te
1638 2278 1684 2316 ad
1717 2292 1779 2316 me
1811 2278 1859 2317 de

472 2354 518 2379 eo
540 2340 721 2392 scripsiss‘c
741 2350 866 2386 antea,
899 2350 942 2379 ut
974 2340 1132 2380 feceras.
1181 2342 1350 2387 Deinde,
1380 2342 1541 2395 epistola
1571 2343 1681 2388 lech,
1713 2350 1859 2382 cumu-

472 2405 651 2444 latissime
683 2415 844 2444 caetcra:
877 2416 914 2444 et
946 2405 1105 2445 hercule
1138 2406 1342 2447 hominem
1380 2407 1530 2460 probo:
1563 2423 1653 2448 nam
1687 2417 1726 2447 et
1760 2408 1857 2448 doc-

472 2481 558 2510 tum
578 2480 616 2510 et
638 2472 808 2524 probum
828 2471 1022 2512 existimo.
1066 2473 1177 2525 Qin
1209 2474 1327 2512 etiam
1361 2475 1448 2512 navi
1480 2476 1563 2527 ejus
1595 2489 1674 2520 me,
1705 2484 1743 2513 et
1776 2473 1859 2528 ipso
