2243 3008
565 277 671 317 AD
730 277 1159 316 ATTICUM
1228 279 1369 319 LIB.
1422 283 1493 321 VI.
1650 287 1722 339 163

338 377 557 430 QCicero
576 391 673 430 puer
699 377 812 429 legit,
843 386 888 415 ut
916 377 1072 430 opinor,
1102 387 1141 416 et
1173 387 1290 425 certe,
1322 381 1523 434 epistolam
1553 384 1721 437 inscrip-

337 454 419 482 tam
438 443 538 496 patri
568 443 663 481 suo:
696 442 792 481 solet
821 442 928 480 enim
954 444 1114 496 aperire,
1146 444 1266 497 idque
1293 445 1340 483 de
1369 459 1458 484 meo
1484 449 1661 494 confilio,
1692 450 1718 487 fi

335 508 433 560 quid
452 507 554 546 forte
574 509 634 554 fit,
666 508 773 561 quod
793 522 890 561 opus
922 509 968 547 fit
997 509 1100 548 sciri.
1147 510 1194 548 In
1223 523 1266 548 ea
1293 520 1425 549 autem
1454 513 1614 565 epistola
1641 524 1722 552 erat

334 573 437 613 illud
456 573 562 612 idem
583 574 629 613 de
650 574 790 620 sorore,
821 574 930 628 quod
948 574 995 612 ad
1016 589 1093 614 me.
1138 575 1315 615 Mirifice
1338 578 1619 618 conturbatum
1640 580 1720 618 vidi

333 653 502 693 puerum
519 655 530 679 ι
562 641 779 692 lacrymans
800 654 959 678 mecum
978 640 1032 678 est
1051 640 1223 694 questus.
1256 642 1366 694 Qid
1386 645 1526 696 quaeris
1544 646 1556 681 ?
1579 645 1720 683 miram

332 705 375 744 in
406 719 452 744 eo
483 706 684 758 pietatem,
716 706 959 751 suavitatem,
990 705 1371 760 humanitatemque,
1402 709 1608 762 perspexi:
1640 723 1720 762 quo

331 771 521 822 majorem
542 771 649 824 spem
669 770 809 816 habeo,
841 770 943 809 nihil
973 770 1056 809 fore
1084 771 1197 810 aliter
1216 785 1259 810 ac
1279 773 1427 812 deceat.
1473 774 1519 812 Id
1540 783 1577 812 te
1597 775 1720 827 igitur

332 834 428 873 scire
447 835 570 874 volui.
610 835 674 874 Ne
694 835 796 873 illud
815 835 977 888 quidem
997 837 1296 888 praetermittam
1314 852 1323 875 ε
1357 837 1591 877 Hortenfius
1612 839 1718 878 filius

330 899 411 938 fuit
442 900 644 939 Laodiceae
674 900 956 953 gladiatoribus
988 900 1178 954 flagitiose
1207 911 1247 940 et
1278 903 1473 955 turpiter:
1504 903 1614 942 hunc
1645 918 1719 957 ego

329 966 460 1018 patris·
485 965 596 1004 causa
629 966 764 1004 vocavi
796 966 844 1004 ad
877 979 1045 1012 coenam,
1085 980 1167 1019 quo
1200 967 1264 1006 die
1296 969 1432 1014 venit3
1472 978 1512 1007 et
1545 969 1718 1022 ejusdem

330 1031 451 1083 patris
472 1031 596 1076 causa,
628 1031 730 1069 nihil
755 1031 939 1085 amplius.
987 1033 1024 1070 Is
1045 1031 1147 1070 mihi
1167 1032 1284 1078 dixit,
1315 1033 1353 1071 se
1373 1032 1542 1072 Athenis
1563 1048 1627 1073 me
1647 1048 1717 1073 ex-

330 1098 591 1149 pectaturum,
623 1106 668 1134 ut
687 1110 847 1135 mecum
866 1097 1083 1136 decederet.
1115 1098 1251 1143 Recte,
1283 1099 1470 1151 inquam:
1495 1100 1591 1152 quid
1611 1101 1718 1139 enim

330 1161 501 1199 dicerem
520 1162 533 1198 ?
567 1161 746 1199 OmnIno
775 1170 873 1214 puto
900 1161 1002 1199 nihil
1031 1162 1103 1200 esse
1124 1163 1231 1214 quod
1251 1163 1352 1201 dixit
1370 1179 1379 1202 :
1412 1165 1505 1203 nolo
1526 1165 1716 1219 quidem;

328 1240 378 1264 ne
399 1226 595 1264 offendam
610 1236 776 1280 patrem,
794 1241 914 1280 quem
930 1226 1156 1266 mehercule
1175 1229 1351 1266 multum
1371 1229 1510 1282 diligo.
1541 1231 1607 1269 Sin
1628 1231 1717 1269 fue-

330 1293 382 1330 rit
402 1306 512 1330 meus
533 1305 680 1337 comes,
712 1293 943 1331 moderabor
963 1294 1030 1339 ita,
1062 1307 1110 1332 ne
1131 1294 1228 1346 quid
1247 1308 1337 1332 eum
1358 1295 1570 1341 offendam,
1599 1310 1718 1349 quem

329 1359 496 1397 minime
515 1359 620 1397 volo.
667 1359 766 1397 Haec
787 1359 876 1398 sunt
894 1375 903 1398 :
935 1360 1054 1398 etiam
1074 1359 1191 1399 illud.
1235 1361 1468 1400 Orationem
1490 1363 1554 1414 Q
1568 1363 1717 1401 Celeris

329 1424 434 1464 mihi
454 1425 574 1463 velim
594 1425 727 1463 mittas
749 1435 886 1463 contra
906 1426 970 1464 M.
995 1426 1219 1464 Servilium.
1267 1427 1417 1465 Literas
1438 1429 1553 1466 mitte
1574 1442 1718 1482 quam-

331 1492 508 1545 primum
527 1505 535 1529 :
569 1490 595 1528 fi
617 1490 747 1537 nihil;
780 1490 883 1529 nihil
905 1491 1004 1538 fieri,
1036 1492 1095 1530 vel
1117 1505 1186 1544 per
1207 1501 1322 1531 tuum
1344 1493 1606 1534 tabellarium.
1648 1495 1717 1533 Pi-

330 1557 393 1596 liae
413 1566 452 1595 et
472 1555 561 1594 filiae
583 1555 761 1596 salutem.
795 1558 913 1602 Cura,
945 1566 989 1596 ut
1011 1558 1148 1598 valeaS.

669 1758 911 1796 C1cERo
952 1759 1208 1797 Αττιςο
1250 1760 1380 1798 SAL.

331 1888 405 1928 IV.
429 1884 752 1960 TARSUM
781 1886 961 1925 venimus
983 1886 1114 1924 Nonis
1137 1888 1282 1938 Juniis,
1316 1888 1377 1926 Ibi
1400 1902 1463 1926 me
1479 1890 1609 1929 multa
1627 1905 1717 1931 mo-

537 1962 676 1991 verunt
695 1967 704 1991 :
737 1966 927 2004 magnum
949 1953 990 1990 in
1011 1953 1117 2004 Syria
1138 1954 1289 1992 bellum
1307 1973 1317 1999 ;
1350 1968 1491 2007 magna
1512 1957 1552 1994 in
1575 1958 1719 1996 Cilicia

329 2018 557 2063 latrocinia;
580 2016 682 2055 mihi
703 2017 876 2055 difficilis
898 2018 996 2055 ratio
1015 2017 1326 2064 administrandi,
1344 2020 1450 2072 quod
1470 2035 1614 2073 paucos
1635 2022 1718 2061 dies

329 2081 523 2121 habebam
544 2082 715 2134 reliquos
744 2082 865 2120 annui
891 2083 1064 2120 muneris
1085 2098 1093 2120 :
1126 2083 1227 2121 illud
1248 2093 1378 2122 autem
1399 2085 1684 2124 difficillimum
1702 2106 1714 2131 ;

330 2147 609 2200 relinquendus
629 2157 709 2185 erat
729 2161 776 2186 ex
797 2148 1170 2193 senatus-consulto,
1192 2149 1260 2200 qui
1281 2149 1464 2201 praeeffet.
1497 2149 1615 2188 Nihil
1636 2152 1716 2189 mi-

329 2226 404 2251 nus
425 2213 579 2265 probari
600 2221 766 2265 poterat,
797 2227 916 2266 quam
937 2213 1114 2265 Qraestor
1134 2214 1352 2252 Mescinius
1372 2229 1380 2251 ε
1414 2227 1504 2252 nam
1524 2215 1571 2253 de
1593 2216 1718 2254 Caelio

332 2277 433 2315 nihil
453 2278 720 2317 audiebamus.
753 2278 1025 2317 Rectiffimum
1042 2279 1245 2316 videbatur
1261 2278 1419 2317 fratrem
1436 2293 1528 2317 cum
1549 2281 1718 2333 imperio

333 2342 550 2394 relinquere
568 2358 576 2381 :
609 2344 650 2381 in
671 2357 751 2396 quo
772 2344 897 2382 multa
918 2344 1090 2388 molesta,
1123 2344 1301 2382 discessus
1323 2344 1463 2389 noster,
1494 2346 1588 2383 belli
1609 2347 1716 2399 peri-

332 2406 485 2450 culum,
515 2407 693 2446 militum
713 2409 960 2461 improbitas,
993 2409 1170 2447 sexcenta
1191 2420 1384 2462 praeterea.
1429 2411 1465 2447 O
1489 2408 1569 2448 re'm
1591 2420 1715 2448 totam

332 2471 503 2509 odiosam
524 2471 531 2507 !
565 2471 628 2509 sed
647 2471 729 2511 haec
750 2473 908 2512 fortuna
928 2475 1092 2520 viderit;
1116 2477 1304 2528 quoniam
1325 2476 1487 2513 confilio
1508 2489 1584 2513 non
1606 2475 1715 2512 mul·

335 2547 421 2575 tum
449 2537 508 2574 uti
536 2535 642 2575 licet.
689 2539 770 2582 Tu,
802 2540 958 2590 quando
981 2541 1150 2578 Romam
1174 2541 1311 2584 salvus,
1344 2550 1387 2577 ut
1408 2541 1531 2592 spero,
1562 2540 1714 2585 venisti,

1325 2605 1360 2641 X
1392 2616 1414 2642 2
