2243 3008
479 231 558 284 456
827 227 1521 268 EPISTOLARUM

482 327 690 373 Consules,
723 327 798 366 five
818 341 899 380 quo
918 327 996 366 alio
1017 327 1178 365 nomine
1199 326 1303 367 sunt.
1341 329 1487 366 Earum
1509 326 1738 379 exemplum
1759 325 1874 365 nobis

481 394 593 446 legit.
632 394 730 432 Dixi
751 393 848 447 quid
869 393 1093 431 videretur:
1125 406 1248 445 pauca
1267 390 1362 442 παραὶ
1380 389 1492 440 mim:
1525 392 1734 445 caeteroqui
1756 401 1794 430 et
1815 392 1874 430 sa-

481 459 532 496 tis
553 460 736 511 graviter,
767 468 806 496 et
827 472 906 496 non
927 458 1229 496 contumaciter.
1261 458 1441 495 Tantum
1461 458 1550 496 addi
1571 458 1736 511 placuit,
1767 455 1876 510 quod

480 533 563 562 erat
593 522 683 576 Cqffi
710 523 853 568 solum,
890 532 933 561 ut
953 522 1058 566 effet,
1089 522 1232 560 Praett.
1257 518 1383 559 Tribb.
1407 522 1510 561 Pleb.
1535 522 1713 566 Senatui,
1746 536 1793 560 ne
1813 521 1875 560 illi

482 603 562 627 non
583 589 803 642 proferrent
823 602 900 633 eas,
932 601 1018 640 quae
1039 587 1086 624 ad
1115 587 1218 639 ipsos
1240 586 1358 624 miffae
1379 586 1512 625 essent.
1561 589 1722 626 Sextum
1743 597 1876 626 autem

481 656 670 693 nuntiant
690 668 784 692 cum
804 667 881 692 una
901 653 1028 692 solum
1054 653 1210 704 legione
1241 651 1353 690 fuisse
1386 651 1653 704 Carthagine3
1684 653 1799 705 eique
1831 666 1877 691 eo

482 721 566 773 ipso
601 721 678 766 die,
715 733 796 772 quo
830 719 1024 771 oppidum
1058 719 1223 756 Boream
1258 717 1431 770 cepisset,
1463 719 1690 756 nuntiatum
1725 718 1797 756 effe
1831 718 1879 756 de

481 785 659 824 Caesare:
696 794 812 837 capto
845 783 1009 836 oppido,
1040 783 1182 821 miram
1217 783 1411 828 laetitiam,
1442 784 1879 835 commutationemque

481 846 724 890 animorum,
746 844 1063 896 concursumque
1084 844 1261 896 undique
1279 859 1288 882 ε
1312 843 1375 881 sed
1395 844 1512 882 illum
1535 843 1581 881 ad
1602 844 1666 882 sex
1687 843 1878 896 legiones,

480 924 580 963 quas
601 910 642 948 in
665 909 850 948 ulteriore
871 908 1099 961 reliquiffet,
1122 908 1329 946 revertisse.
1362 908 1427 946 Ad
1447 909 1578 961 ipsum
1597 918 1728 947 autem
1751 908 1878 947 Libo-

484 989 576 1013 nem
608 975 773 1027 scripsit,
805 973 909 1012 nihil
940 974 1028 1019 effe,
1060 973 1130 1011 nifi
1161 974 1208 1011 ad
1238 973 1360 1011 larem
1391 973 1506 1012 suum
1533 974 1696 1012 liceret:
1729 974 1883 1012 summa

483 1041 786 1094 postulatorum,
804 1049 849 1078 ut
869 1053 1006 1078 omnes
1027 1039 1222 1078 exercitus
1243 1039 1512 1085 dimittantur,
1529 1040 1599 1092 qui
1620 1040 1769 1092 ubique
1789 1039 1880 1078 sint.

484 1108 585 1146 Haec
606 1106 688 1145 fere
708 1106 755 1144 de
776 1107 909 1145 Sexto.
954 1107 1017 1144 De
1047 1105 1270 1144 Buthrotiis
1299 1105 1474 1158 undique
1494 1120 1671 1159 quaerens
1693 1105 1796 1144 nihil
1817 1118 1880 1144 re-

481 1172 698 1225 periebam.
745 1172 845 1217 Alii,
885 1171 1062 1210 concisos
1097 1172 1288 1224 agripetas
1308 1187 1317 1210 :
1355 1172 1438 1218 alii,
1471 1172 1680 1217 Plancum,
1711 1171 1882 1224 acceptis

483 1238 678 1283 nummis,
709 1237 854 1275 relictis
887 1236 984 1282 illis,
1015 1235 1219 1289 aufugiffe.
1267 1238 1405 1289 Itaque
1436 1251 1516 1276 non
1543 1238 1658 1276 video
1689 1237 1883 1275 sciturum

483 1317 564 1348 me,
586 1302 685 1356 quid
704 1303 788 1355 ejus
810 1303 870 1348 fit,
893 1302 935 1340 ni
956 1302 1085 1340 statim
1106 1302 1258 1355 aliquid
1278 1303 1496 1342 literarum.
1528 1305 1608 1343 Iter
1627 1302 1729 1342 illud
1750 1303 1882 1341 Brun-

483 1367 656 1412 dufium,
689 1367 736 1405 de
757 1381 837 1420 quo
858 1367 1105 1412 dubitabam,
1137 1367 1335 1405 sublatum
1356 1368 1538 1406 videtur:
1570 1369 1745 1420 legiones
1775 1367 1884 1405 enim

484 1433 693 1471 adventare
712 1433 915 1470 dicuntur.
963 1432 1063 1470 Haec
1084 1441 1216 1470 autem
1237 1433 1434 1484 navigatio
1454 1432 1573 1472 habet
1593 1433 1778 1485 quasdam
1799 1432 1880 1470 sus-

484 1499 663 1552 piciones
685 1497 881 1550 periculi:
914 1498 1046 1549 itaque
1067 1497 1354 1535 constituebam
1383 1499 1442 1535 uti
1474 1497 1658 1546 ὁμοπλείᾳ.
1707 1498 1883 1536 paratio-

486 1577 571 1601 rem
592 1563 741 1602 offendi
762 1564 948 1607 Brutum,
979 1575 1099 1614 quam
1120 1562 1342 1601 audiebam.
1388 1562 1496 1601 Nam
1517 1571 1555 1600 et
1576 1562 1657 1615 ipse
1678 1563 1884 1602 Domitius

485 1629 592 1667 bona
610 1626 866 1681 planehabet
885 1628 1036 1666 dicrota
1051 1645 1063 1672 ;
1096 1628 1265 1681 suntque
1297 1628 1451 1681 navigia
1481 1638 1663 1681 praeterea
1682 1629 1886 1667 luculenta

485 1694 627 1739 Sextii,
659 1693 872 1739 Buciliani,
903 1702 1149 1733 caeterorum.
1193 1694 1302 1733 Nam
1323 1694 1440 1733 Caffii
1461 1694 1630 1740 classem,
1663 1709 1749 1748 quae
1769 1695 1886 1747 plane

486 1760 593 1799 bella
611 1759 680 1805 est,
711 1773 791 1798 non
813 1773 979 1798 numero
1000 1760 1103 1798 ultra
1122 1759 1286 1798 fretum.
1332 1759 1440 1798 Illud
1459 1759 1513 1798 est
1533 1759 1635 1798 mihi
1665 1760 1884 1799 submoles-

488 1834 593 1870 tum,
624 1824 732 1878 quod
753 1838 892 1878 parum
914 1826 1058 1864 Brutus
1080 1839 1285 1879 properare
1305 1825 1474 1864 videtur.
1516 1825 1698 1864 Primum
1719 1824 1884 1863 confec-

487 1901 622 1930 torum
643 1891 830 1930 ludorum
852 1892 1013 1930 nuntios
1033 1894 1238 1945 expectat:
1271 1891 1426 1937 deinde,
1458 1900 1654 1944 quantum
1684 1891 1882 1944 intelligo,

487 1957 596 1996 tarde
616 1957 670 1995 est
691 1959 958 2010 navigaturuS,
988 1958 1198 1997 confistens
1227 1959 1268 1996 in
1300 1959 1398 1997 locis
1425 1958 1635 2011 pluribus:
1669 1967 1798 1996 tamen
1820 1970 1883 1996 ar-

488 2022 616 2061 bitror
635 2021 707 2061 ess‘e
728 2023 979 2062 commodius
1001 2023 1108 2061 tarde
1136 2023 1328 2075 navigare,
1359 2036 1480 2075 quam
1509 2023 1675 2061 omnino
1704 2036 1783 2061 non
1814 2036 1884 2061 na-

487 2087 634 2140 vigare.
681 2088 750 2133 Et,
781 2088 824 2134 fi,
854 2101 949 2128 cum
982 2088 1295 2143 procefl'erimu8‚
1332 2088 1594 2143 exploratiora
1626 2087 1882 2133 videbuntur,

488 2152 631 2193 Etesiis
652 2161 826 2195 utemur.

2236 1326 2243 1364 ,-
2241 1263 2243 1265 .
