2243 3008
521 283 600 324 350
875 266 1563 307 EPISTOLARUM

522 365 719 408 scribendi
752 365 951 405 necefiitas
986 365 1095 404 nulla
1124 363 1192 410 est,
1227 365 1510 418 conquiescent
1540 365 1678 412 literae,
1708 363 1780 405 nifi
1814 363 1913 422 quid

520 448 615 475 novi
634 442 824 473 extiterit.

859 633 1102 671 CICERO
1142 631 1402 669 ATTrco
1442 631 1574 670 SAL.

521 765 614 804 XL.
640 761 928 851 QUALIS
958 759 1093 798 futura
1118 759 1164 798 s1t
1186 759 1346 798 Caesaris
1365 758 1603 812 vituperatio
1623 767 1760 798 contra
1778 759 1916 798 lauda-

738 828 889 866 tionem
909 839 1038 864 meam
1058 825 1237 878 perspexi
1261 839 1308 864 ex
1329 838 1375 862 eo
1395 825 1514 870 libro,
1545 839 1666 878 quem
1687 826 1852 864 Hirtius
1868 825 1916 864 ad

521 908 587 934 me
607 893 726 938 misit,
757 892 798 930 in
819 905 900 944 quo
921 891 1077 943 colligit
1098 891 1192 928 vitia
1213 890 1392 935 Catonis,
1423 890 1487 928 sed
1508 904 1600 929 cum
1621 891 1807 929 maximis
1827 890 1915 928 lau-

521 961 639 998 dibus
671 959 785 997 meis.
833 958 970 1009 Itaque
1000 955 1085 994 mifi
1106 956 1256 994 librum
1277 955 1326 993 ad
1351 955 1550 1001 Muscam,
1582 966 1626 995 ut
1647 957 1725 995 tuis
1745 955 1917 994 librariis

522 1026 657 1064 daret:
691 1023 782 1062 volo
801 1022 909 1061 enim
928 1036 1020 1060 eum
1041 1021 1235 1075 divulgari
1252 1040 1263 1067 ;
1296 1021 1403 1074 quod
1425 1035 1507 1074 quo
1533 1021 1690 1061 facilius
1721 1021 1803 1068 fiat,
1834 1022 1917 1060 im-

520 1091 674 1144 perabis
707 1090 800 1128 tuis.
846 1084 1108 1137 Συμίῖελευτικῖιν
1129 1088 1226 1141 saepe
1245 1101 1395 1126 conor:
1428 1087 1531 1126 nihil
1552 1090 1704 1141 reperio
1719 1106 1731 1133 ;
1763 1097 1802 1126 et
1821 1088 1916 1141 qui-

521 1157 614 1197 dem
644 1169 805 1195 mecum
835 1154 964 1193 habeo
992 1163 1032 1192 et
1063 1149 1257 1208 Ἀςιςετέλκς
1287 1163 1327 1192 et
1354 1152 1534 1202 Θεοπόμπκ
1560 1153 1650 1207 πρὶς
1682 1147 1913 1203 Ἀλέξανδροκ

522 1224 586 1262 sed
615 1223 714 1276 quid
746 1221 870 1260 simile
888 1221 902 1258 ?
933 1220 994 1258 illi
1014 1229 1054 1258 et
1073 1233 1160 1272 quae
1180 1220 1270 1272 ipsis
1292 1219 1452 1259 honesta
1470 1219 1590 1258 effent
1611 1220 1846 1265 scribebant,
1876 1228 1917 1258 et

520 1298 631 1342 grata
649 1287 904 1327 Alexandro:
935 1286 1080 1338 ecquid
1112 1295 1156 1324 tu
1187 1286 1380 1338 ejusmodi
1411 1287 1589 1339 reperis?
1619 1285 1722 1324 mihi
1753 1285 1919 1338 quidem

522 1354 627 1394 nihil
657 1355 697 1392 in
719 1362 894 1392 mentem
914 1352 1037 1390 venit.
1082 1352 1203 1404 Qod
1223 1352 1359 1390 scribis
1382 1361 1419 1390 te
1439 1352 1576 1397 vereri,
1608 1366 1656 1390 ne
1676 1361 1715 1390 et
1735 1352 1859 1404 gratia
1878 1361 1919 1390 et

522 1421 730 1460 auctoritas
752 1418 878 1457 nostra
896 1417 974 1456 hoc
995 1431 1084 1456 meo
1104 1431 1271 1456 moerore
1292 1419 1494 1456 minuatur
1511 1437 1522 1462 ς
1554 1431 1642 1470 ego,
1664 1417 1761 1470 quid
1781 1417 1918 1456 horni-

520 1499 590 1525 nes
611 1494 678 1524 aut
698 1482 998 1536 reprehendant,
1030 1491 1096 1519 aut
1122 1481 1335 1534 postulent,
1368 1481 1526 1519 nescio:
1560 1495 1608 1520 ne
1629 1481 1783 1520 doleam
1803 1484 1816 1519 ?
1847 1482 1918 1535 qui

521 1550 647 1604 potest
667 1551 680 1587 ?
711 1550 924 1601 nejaceam
943 1549 957 1584 ?
974 1547 1077 1599 quis
1099 1560 1276 1599 unquam
1296 1547 1430 1586 minus
1449 1548 1463 1584 ?
1485 1545 1583 1585 dum
1605 1555 1670 1585 tua
1690 1560 1755 1585 me
1775 1546 1917 1586 domus

522 1617 689 1660 levabat,
721 1614 810 1667 quis
845 1626 867 1651 a
896 1625 961 1651 me
991 1611 1205 1650 exclusus?
1238 1612 1327 1665 quis
1361 1612 1484 1657 venit,
1516 1612 1587 1665 qui
1620 1611 1916 1651 offenderetur?

522 1681 707 1721 Asturam
739 1679 826 1718 sum
852 1692 874 1717 a
893 1687 932 1718 te
952 1677 1178 1732 profefius:
1211 1678 1339 1731 legere
1367 1678 1432 1717 isti
1461 1678 1557 1724 laeti,
1588 1679 1658 1731 qui
1690 1692 1754 1717 me
1785 1692 1918 1732 repre-

521 1747 720 1792 hendunt,
752 1754 833 1784 tam
867 1745 995 1784 multa
1027 1757 1107 1783 non
1142 1743 1315 1797 potsunt,
1345 1757 1466 1797 quarn
1499 1757 1573 1797 ego
1606 1743 1764 1796 scripsi:
1797 1758 1918 1797 quam

523 1815 638 1859 bene,
670 1811 772 1851 nihil
792 1811 839 1849 ad
860 1824 959 1850 rem.
1005 1809 1079 1848 Sed
1107 1823 1232 1863 genus
1262 1810 1457 1849 scribendi
1486 1810 1527 1848 id
1547 1809 1641 1855 fuit,
1672 1809 1780 1862 quod
1801 1823 1920 1849 nemo

523 1879 676 1932 abjee‘to
696 1878 829 1915 animo
849 1875 976 1915 facere
997 1875 1133 1928 poffet.
1178 1867 1368 1928 Triginta
1397 1875 1479 1915 dies
1499 1875 1540 1914 in
1561 1874 1688 1914 hortis
1709 1874 1767 1914 fui
1787 1890 1796 1914 :
1828 1876 1919 1929 quis

522 1952 591 1983 aut
610 1941 856 1994 congressum
877 1954 1029 1985 meum,
1059 1949 1128 1978 aut
1158 1939 1391 1979 facilitatem
1423 1939 1627 1985 sermonis,
1658 1939 1917 1978 defideravit?

522 2022 631 2049 nunc
652 2007 798 2061 ipsum,
828 2019 871 2044 ea
891 2006 994 2058 lego,
1024 2019 1068 2043 ea
1089 2005 1230 2050 scribo,
1262 2015 1307 2044 ut
1326 2006 1371 2050 ii,
1401 2006 1471 2058 qui
1492 2019 1652 2044 mecum
1673 2005 1777 2051 sunt,
1809 2006 1916 2044 diffi-

523 2076 641 2115 cilius
662 2074 792 2113 otium
812 2071 953 2118 ferant,
984 2085 1103 2124 quam
1123 2085 1196 2124 ego
1217 2071 1407 2111 laborem.
1454 2073 1494 2110 Si
1526 2073 1615 2125 quis
1637 2073 1816 2126 requirit,
1848 2086 1920 2112 cur
1959 2117 1964 2123 ¹

524 2143 666 2180 Romae
686 2153 765 2178 non
788 2139 886 2177 fim:
917 2137 1010 2190 quia
1030 2137 1209 2176 disceffus
1230 2137 1297 2176 est.
1345 2139 1429 2177 Cur
1459 2152 1537 2177 non
1570 2138 1637 2177 slm
1669 2139 1710 2177 in
1735 2138 1797 2177 his
1819 2139 1919 2177 meis

521 2206 736 2262 praediolis,
768 2219 855 2258 qua:
888 2204 977 2242 sunt
1008 2202 1128 2256 hujus
1159 2204 1375 2257 temporIS:
1409 2205 1501 2258 quia
1522 2203 1785 2257 frequentiam
1809 2205 1920 2243 illam

524 2287 605 2313 non
629 2272 742 2311 facile
763 2270 921 2309 ferrem.
970 2270 1032 2308 lbi
1061 2269 1147 2308 sum
1178 2270 1314 2323 igitur,
1346 2270 1415 2308 ubi
1446 2271 1492 2315 is,
1524 2271 1594 2324 qui
1614 2271 1785 2324 optimas
1809 2272 1918 2309 Baias

523 2339 709 2382 habebat,
740 2337 952 2390 quotannis
973 2335 1051 2375 hoc
1073 2346 1228 2389 tempus
1249 2336 1476 2375 consumere
1499 2336 1658 2375 solebat.
1704 2338 1810 2375 Cum
1833 2337 1918 2375 Ro-

526 2419 632 2444 mam
655 2417 809 2447 venero,
843 2417 913 2440 ncc
935 2403 1063 2447 vultu,
1096 2416 1166 2441 nec
1188 2403 1377 2447 oratione,
1411 2402 1681 2456 reprehendar.
1723 2402 1918 2440 Hilarita·

526 2481 607 2511 tem
631 2471 756 2514 illam,
774 2483 849 2522 qua
865 2469 964 2507 hanc
988 2469 1185 2508 tristitiam
1207 2479 1431 2522 temporum
1454 2468 1751 2514 condiebamus,
1771 2469 1809 2507 in
1828 2481 1917 2521 per-

526 2548 694 2591 petuum
714 2536 821 2576 amili
840 2552 849 2577 :
881 2535 1097 2576 constantia
1116 2546 1154 2576 ct
1175 2535 1339 2576 firmitas
1362 2550 1432 2576 nec
1453 2536 1591 2581 animi,
1614 2549 1686 2575 nec
1712 2534 1915 2579 orationis,
