2243 3008
483 237 591 275 AD
646 233 1076 273 ATTICUM
1143 235 1408 278 LIB.X1.
1561 256 1633 295 311

259 336 438 381 censeas3
470 335 590 387 idque
608 342 688 372 erat
707 346 800 372 cum
820 333 920 378 aliis,
952 347 1022 371 cur
1042 343 1093 379 te,
1126 334 1152 371 fi
1179 334 1263 372 fieri
1289 337 1424 388 posset,
1455 353 1639 391 cuperem

260 402 405 440 videre.
449 400 680 438 Minucium
715 413 782 437 ΧΠ
814 399 892 437 sola
920 399 1062 437 curaffe
1090 399 1220 452 scripsi
1240 401 1287 438 ad
1308 411 1345 439 te
1364 413 1500 442 antea:
1531 407 1639 458 quod

261 465 443 519 superest,
482 465 604 503 velim
640 464 769 503 videas
805 474 849 502 ut
883 474 1054 503 curetur.
1098 465 1274 516 Qintus
1304 479 1383 503 non
1413 468 1531 506 modo
1560 484 1639 507 non

259 544 354 568 cum
374 543 515 582 magna
534 534 646 582 prece
667 529 713 567 ad
734 542 812 574 me,
844 529 905 567 sed
926 529 1178 574 acerbiffime,
1209 529 1384 582 scripsit;
1417 531 1522 569 filius
1552 547 1642 572 vero

260 595 432 634 mirifico
451 595 565 633 odio:
595 594 698 633 nihil
718 595 816 647 fingi
835 594 960 647 potest
980 595 1089 639 mali,
1111 608 1191 646 quo
1212 609 1291 633 non
1312 609 1462 648 urgear.
1495 598 1643 636 Omnia

261 671 393 700 tamen
413 662 504 699 sunt
522 660 713 706 faciliora,
743 675 862 714 quarn
882 661 1032 714 peccati
1051 661 1178 706 dolor,
1207 661 1277 713 qui
1298 671 1337 699 et
1355 663 1552 701 maximus
1573 665 1640 710 est,

259 736 300 766 et
319 738 512 772 aeternus;
545 728 656 779 cujus
676 727 827 780 peccati
847 727 875 765 fi
904 727 1025 765 socios
1046 727 1161 765 essem
1188 726 1396 767 habiturus
1425 742 1512 781 ego,
1543 744 1642 782 quos

260 795 411 846 putavi,
443 803 574 831 tamen
594 793 684 831 esset
703 793 916 831 consolatio
936 792 1064 830 tenuis
1082 807 1092 830 ε
1125 792 1188 830 sed
1217 791 1336 831 habet
1365 794 1531 833 aliorum
1552 809 1642 834 om-

262 859 376 897 nium
406 859 503 897 ratio
531 859 700 903 exitum,
730 871 817 896 mea
846 858 1019 896 nullum.
1064 858 1149 896 Alii
1179 859 1299 911 capti,
1329 859 1395 896 alii
1426 860 1651 906 interclufi,.

262 936 343 962 non
363 924 528 961 veniunt
557 923 599 961 in
619 923 787 962 dubium
807 923 854 961 de
874 923 1088 968 voluntate,
1119 937 1165 961 eo
1192 924 1325 962 minus
1354 913 1518 970 scilicet,
1547 939 1643 965 cum

262 988 299 1026 se
319 988 578 1041 expedierint,
599 997 638 1026 et
659 1002 735 1027 una
754 988 825 1026 effe
844 989 1052 1040 coeperint.
1083 989 1118 1026 Ii
1137 997 1268 1026 autem
1288 989 1465 1042 ipfi,rqui
1485 990 1550 1028 sua
1569 1005 1646 1030 vo-

262 1055 414 1092 luntate
437 1053 484 1092 ad
514 1054 676 1093 Fufium
702 1063 907 1100 venerunt,
938 1054 1040 1092 nihil
1065 1054 1222 1106 poss‘unt
1249 1055 1320 1093 nisi
1349 1056 1482 1094 timidi
1507 1057 1645 1095 existi-

261 1121 376 1159 mari.
418 1120 545 1158 Multi
564 1130 694 1158 autem
714 1120 818 1164 sunt,
849 1120 934 1172 qui,
965 1121 1194 1172 quicunque
1214 1120 1316 1166 sunt¹
1347 1121 1466 1160 modo
1485 1123 1532 1160 ad
1550 1123 1642 1161 illos

260 1185 299 1222 :se
319 1184 490 1237 recipere
508 1184 658 1230 volent,
689 1185 941 1238 recipientur.
980 1187 1074 1237 Qo
1093 1187 1225 1223 minus
1246 1186 1363 1224 debes
1382 1187 1531 1233 mirari,
1562 1202 1644 1227 non

261 1250 365 1303 poffe
385 1263 449 1288 me
474 1258 584 1288 tanto
608 1250 737 1288 dolori
765 1251 957 1289 resistere:
988 1251 1107 1289 solius
1136 1252 1243 1290 enim
1272 1266 1407 1290 meum
1435 1263 1643 1305 peccatum

259 1315 406 1368 corrigi
428 1329 506 1353 non
527 1315 666 1368 potest,
687 1325 727 1354 et
744 1314 898 1354 fortasse
918 1316 1047 1355 Laelii.
1080 1316 1153 1354 Sed
1172 1316 1268 1369 quid
1288 1331 1351 1355 me
1371 1318 1412 1355 id
1431 1319 1531 1356 levat
1549 1321 1564 1356 ἒ
1591 1320 1641 1358 Ο.

259 1381 423 1434 quidem
439 1381 611 1419 Caffium
630 1382 741 1420 aiunt
759 1382 968 1421 confilium
988 1381 1267 1420 Alexandriam
1286 1383 1405 1421 eundi
1425 1384 1652 1424 mutavisse&

262 1446 364 1484 Haec
383 1446 431 1483 ad
451 1456 489 1484 te
508 1446 651 1491 scribo,
681 1460 761 1485 non
781 1456 826 1485 ut
850 1460 966 1499 queas
988 1456 1031 1485 tu
1053 1447 1206 1486 demere
1225 1447 1549 1494 sollicitudinem,
1579 1450 1653 1488 sed.

262 1521 309 1549 ut
329 1511 576 1564 cognoscam,
606 1512 750 1564 ecquid
770 1522 812 1550 tu
834 1512 883 1550 ad
900 1526 944 1550 ea
962 1512 1111 1558 afferas,
1140 1527 1228 1565 quae
1246 1527 1310 1551 me
1327 1513 1574 1553 conficiunt:
1597 1515 1656 1554 ad⁴

263 1590 350 1629 quae
370 1590 489 1629 gener
507 1576 672 1622 accedit,
703 1586 742 1615 et
762 1587 910 1623 caetera,
941 1591 1028 1630 quae
1059 1578 1152 1617 fletu
1181 1579 1373 1631 reprimor
1392 1593 1440 1617 ne
1460 1580 1642 1620 scribam.

263 1643 375 1693 Qin
408 1643 525 1680 etiarn
549 1642 686 1695 AEsopi
716 1642 824 1681 filius
854 1657 918 1681 me
948 1644 1173 1682 excruciat:
1203 1645 1359 1696 prorsus
1389 1645 1493 1683 nihil
1524 1646 1654 1692 abest,.

262 1709 362 1759 quin
383 1709 453 1746 fim
474 1709 730 1748 miserrimus.
763 1709 836 1748 Sed
855 1710 902 1748 ad
922 1711 1097 1762 primum
1117 1720 1301 1756 revertor,
1331 1712 1430 1764 quid
1448 1722 1562 1765 putes
1581 1712 1651 1751 fa-

261 1773 475 1819 ciendum3
497 1775 703 1813 occultene
723 1776 855 1827 aliquo
874 1777 1035 1829 propius
1054 1777 1308 1823 veniendum,
1328 1791 1376 1815 an
1396 1791 1501 1815 mare
1520 1779 1643 1816 trans-

262 1839 466 1877 eundum:
500 1853 589 1878 narn
609 1839 676 1878 hic
697 1842 844 1879 maneri
864 1841 1013 1880 diutius
1042 1856 1121 1880 non
1147 1842 1287 1895 potest.
1331 1843 1396 1880 De
1425 1843 1643 1882 Fufidianis

262 1917 382 1956 quare
403 1904 505 1943 nihil
525 1907 657 1958 potuit
675 1906 820 1944 confici
839 1908 852 1944 ?
884 1908 1023 1946 Genus
1049 1908 1157 1947 enim
1184 1908 1427 1947 conditionis
1451 1909 1657 1961 ejustnodi.

264 1969 359 2015 fuit,
390 1971 431 2008 in
451 1984 531 2023 quo
552 1985 631 2010 non
651 1972 748 2011 solet
767 1972 840 2010 effe
856 1974 1116 2012 controversia
1128 1992 1141 2019 ς
1171 1987 1264 2012 cum
1285 1987 1328 2012 ea
1346 1987 1449 2027 pars,
1476 1987 1564 2026 quae
1584 1976 1645 2014 vi-

262 2035 380 2073 detur
397 2036 471 2074 effe
490 2037 636 2083 minor,
666 2038 885 2077 licitatione
901 2040 1050 2093 expleri
1071 2039 1206 2093 posset.
1251 2041 1351 2078 Haec
1371 2053 1445 2092 ego
1462 2053 1542 2078 non
1569 2041 1656 2079 finer

262 2100 377 2138 causa
396 2114 549 2153 quaero:
578 2102 749 2155 suspicor
768 2103 876 2141 enim
896 2104 1104 2143 coheredes
1125 2105 1286 2144 dubiam
1306 2105 1474 2143 nostram
1494 2105 1659 2143 causam.

264 2173 416 2217 putare,
447 2176 486 2205 et
505 2180 551 2206 eo
569 2181 653 2206 rem
671 2168 714 2207 in
733 2169 887 2222 integro
906 2169 993 2210 effe.
1025 2170 1137 2210 Vale.
1169 2170 1300 2209 Pridie
1319 2169 1417 2209 Idus
1431 2169 1547 2208 Mai„
