2243 3008
546 260 654 299 AD
712 258 1144 299 ATTICUM
1213 262 1356 303 LIB.
1406 264 1521 305 XIV.
1650 281 1729 321 413

344 357 575 410 expetenda,
605 356 946 410 interpellantium
966 366 1098 395 autem
1118 357 1377 398 multitudine
1398 375 1495 413 pene
1516 363 1702 416 fugienda
1720 365 1729 402 !

347 423 420 461 Sed
439 423 486 461 ad
507 436 589 461 rem
613 433 658 461 ut
678 423 846 468 veniam,
879 423 916 460 O
947 423 1166 461 Dolabellae
1196 424 1314 462 nostri
1346 439 1529 478 magnam
1560 427 1728 483 ἁξιςε-έανέ

346 497 492 540 quanta
519 487 573 525 est
600 485 841 536 ἀναθεώρητιςέ
874 488 1073 540 Equidem
1104 488 1258 527 laudare
1288 503 1380 528 eum
1404 501 1442 528 et
1473 492 1621 532 hortari
1652 511 1733 536 non

346 553 494 592 defisto.
527 554 648 591 Re&e
670 563 711 591 tu
734 554 920 591 omnibus
940 553 1111 606 epistolis
1132 554 1340 606 significas,
1366 557 1462 607 quid
1484 557 1530 595 de
1551 573 1604 605 re,
1636 564 1733 613 quid

346 617 393 656 de
413 618 510 664 viro,
542 618 696 656 sentias.
743 617 854 656 Mihi
883 618 1046 670 quidem
1077 619 1230 657 videtur
1260 621 1405 659 Brutus
1427 622 1651 676 nosterjam
1672 628 1734 666 vel

345 695 532 721 coronam
552 696 707 722 auream
726 697 795 736 per
813 682 946 721 forum
967 682 1067 721 ferre
1087 683 1190 736 poffe
1208 700 1217 722 ;
1250 685 1338 737 quis
1360 687 1467 724 enim
1489 688 1626 728 audeat
1645 692 1734 729 vio-

342 747 436 794 lare,
468 749 663 802 propofita
694 762 824 794 cruce,
861 757 928 786 aut
962 748 1050 787 saxo
1069 750 1082 786 ?
1118 749 1330 802 praesertim
1365 752 1484 790 tantis
1517 754 1738 805 plausibus,

345 823 453 853 tanta
472 815 753 868 approbatione
777 814 1040 853 infimorum?
1073 815 1210 861 Nunc,
1242 817 1297 854 mi
1319 818 1469 863 Attice,
1500 833 1564 857 me
1594 820 1657 860 fac
1689 832 1736 862 ut

344 880 542 933 expedias.
590 881 736 932 Cupio,
767 894 860 918 cum
889 881 1012 919 Bruto
1039 880 1168 919 nostro
1189 880 1338 920 affatim
1359 882 1632 931 satisfecerim,
1661 901 1735 926 ex-

345 959 498 985 currere
518 946 559 984 in
581 946 791 984 Graeciam.
823 946 966 998 Magni
986 945 1143 984 interest
1160 947 1379 993 Ciceronis,
1397 949 1456 986 vel
1477 963 1564 988 mea
1584 953 1743 1004 potius,

345 1012 407 1050 vel
429 1011 654 1050 mehercule
676 1011 892 1064 utriusque,
911 1025 973 1050 me
994 1013 1228 1050 intervenire
1249 1013 1427 1052 discenti.
1461 1015 1567 1054 Nam
1589 1018 1736 1070 episto-

346 1076 384 1116 la
414 1077 614 1122 Leonidae,
645 1091 762 1128 quam
785 1077 831 1114 ad
852 1091 915 1115 me
935 1077 1084 1122 mifisti‚
1116 1078 1213 1129 quid
1244 1077 1377 1123 habet,
1409 1081 1551 1131 quaesO,
1584 1083 1623 1120 in
1653 1098 1737 1136 quo

347 1155 583 1196 magnopere
604 1143 781 1181 laetemur
800 1143 813 1180 ?
845 1143 1066 1194 Nunquam
1087 1143 1154 1180 ille
1176 1142 1276 1181 mihi
1299 1144 1386 1182 satis
1412 1145 1558 1183 laudari
1579 1148 1735 1187 videbi-

346 1216 425 1252 tur,
457 1221 550 1246 cum
581 1207 636 1246 ita
666 1207 903 1253 laudabitur,
934 1207 1094 1260 quomodo
1115 1222 1208 1247 nunc
1233 1208 1290 1259 est.
1340 1210 1436 1247 Non
1469 1209 1625 1250 fidentis
1658 1213 1735 1253 hoc

346 1272 633 1319 testimonium,
651 1273 714 1311 sed
735 1274 866 1326 potius
885 1274 1077 1312 timentis.
1107 1273 1262 1312 Herodi
1282 1284 1413 1313 autem
1434 1277 1672 1324 mandaram,
1690 1290 1739 1318 ut

346 1338 450 1377 mihi
468 1336 562 1374 κατὰ
578 1337 670 1387 μίτον
690 1339 899 1378 scriberet:
930 1353 952 1377 a
970 1353 1050 1392 quo
1070 1338 1199 1377 adhuc
1220 1340 1329 1378 nulla
1349 1341 1461 1379 litera
1480 1342 1546 1380 est.
1571 1344 1736 1390 Vereor,

346 1419 395 1444 ne
415 1404 518 1443 nihil
537 1403 737 1451 habuerit,
765 1405 872 1458 quod
892 1404 1009 1451 mihi,
1031 1419 1125 1444 cum
1145 1405 1384 1458 cognoffem,
1410 1408 1637 1459 jucundum
1657 1424 1737 1462 pu-

346 1480 445 1509 taret
465 1470 562 1508 fore.
587 1470 708 1521 Qod
728 1471 774 1508 ad
795 1472 1004 1509 Xenonem
1025 1470 1218 1523 scripfisti‚
1232 1470 1343 1509 valde
1358 1471 1459 1510 mihi
1480 1483 1638 1525 gratum
1657 1476 1710 1514 est
1721 1495 1737 1522 ς

347 1534 450 1573 nihil
471 1535 578 1572 enim
599 1534 720 1572 deeffe
741 1535 941 1580 Ciceroni,
963 1549 1056 1573 cum
1076 1535 1123 1572 ad
1144 1535 1339 1580 officium,
1361 1545 1448 1574 tum
1469 1537 1518 1574 ad
1536 1538 1736 1577 existima-

348 1600 498 1639 tionem
519 1612 662 1643 meam,
692 1599 877 1651 pertinet.
923 1599 1146 1638 Flammam
1174 1600 1419 1638 Flaminium
1451 1601 1567 1640 audio
1596 1604 1739 1643 Romae

348 1665 435 1704 effe.
467 1664 531 1701 Ad
553 1677 643 1702 eum
665 1663 809 1717 scripti,
827 1677 891 1702 me
913 1664 987 1703 tibi
1007 1664 1199 1703 mandaffe
1220 1679 1287 1717 per
1307 1665 1451 1710 literas,
1477 1676 1519 1704 ut
1541 1666 1587 1704 de
1608 1669 1736 1707 Nion-

348 1729 430 1770 tani
451 1729 611 1781 negotio
631 1743 724 1767 cum
744 1743 790 1767 eo
810 1729 1033 1781 loquerere:
1057 1740 1094 1768 et
1115 1730 1234 1767 velim
1252 1743 1362 1768 cures
1383 1730 1600 1782 epistolam,
1617 1747 1739 1785 quarn

348 1795 394 1834 ad
424 1807 516 1832 eum
542 1794 644 1839 misl,
676 1794 939 1841 reddendam,
971 1806 1010 1834 et
1041 1795 1139 1847 ipse,
1168 1795 1274 1846 quod
1307 1796 1518 1833 commodo
1552 1806 1620 1835 tuo
1651 1798 1739 1844 fiat,

347 1873 442 1899 cum
462 1873 508 1898 eo
528 1859 767 1913 colloquare.
801 1861 918 1907 Puto,
951 1861 976 1899 fi
998 1860 1094 1913 quid
1115 1862 1155 1898 in
1176 1859 1339 1899 homine
1360 1860 1520 1912 pudoris
1542 1861 1609 1907 est,
1635 1877 1738 1915 prae-

348 1927 538 1967 staturum
558 1940 664 1972 eum,
697 1940 744 1964 ne
764 1940 835 1979 pro
857 1927 892 1964 se
921 1927 1093 1980 quodam
1123 1926 1243 1964 modo
1273 1926 1526 1978 dependatur.
1574 1928 1637 1965 De
1657 1931 1740 1967 At-

349 1992 427 2033 tica
447 2001 671 2044 pergratum
692 1991 793 2030 mihi
814 1991 955 2037 fecisti,
987 1992 1093 2045 quod
1114 1991 1268 2037 curasti,
1299 2001 1345 2030 ut
1369 2000 1458 2030 ante
1478 1991 1614 2031 scirem
1637 1996 1745 2034 recte

349 2057 436 2103 effe,
466 2071 586 2111 quam
606 2071 684 2097 non
707 2058 808 2096 belle
828 2057 953 2096 fuisse.
1164 2068 1167 2069 ’

688 2261 929 2299 C1CERO
973 2262 1224 2299 Αττῐςο
1268 2259 1402 2297 SAL.

353 2388 489 2427 XVII.
513 2385 603 2458 IN
636 2387 920 2440 Pompeianum
941 2388 1029 2426 veni
1052 2401 1091 2425 v.
1125 2387 1260 2425 Nonas
1283 2385 1383 2423 Mai.
1408 2398 1499 2423 cum
1521 2386 1661 2438 pridie,
1694 2395 1739 2423 ut

586 2461 696 2490 antea
727 2452 773 2489 ad
797 2456 842 2490 'te
874 2453 1018 2505 scripsi,
1051 2452 1192 2490 Piliam
1226 2451 1265 2488 in
1300 2451 1481 2488 Cumano
1506 2450 1737 2488 collocavis-

353 2518 447 2558 sem.
493 2518 557 2557 Ibi
585 2515 686 2555 mihi
707 2519 880 2556 coenanti
911 2519 1031 2558 literae
1054 2527 1128 2556 tuae
1149 2517 1239 2556 sunt
1258 2515 1432 2560 redditae‚
1463 2528 1556 2568 quas
1579 2514 1746 2554 dederas
