2243 3008
546 245 623 285 208
902 243 1588 284 EPISTOLARUM

547 345 798 399 recuperarit.
844 345 890 384 In
916 343 990 383 hac
1017 353 1123 397 parte
1150 343 1234 383 haec
1261 343 1364 383 sunt.
1408 344 1511 384 Vide
1535 358 1657 391 nunc,
1686 359 1774 400 quae
1795 346 1869 385 fint
1889 348 1930 386 in

547 414 679 452 altera.
725 410 845 452 Nihil
865 413 993 450 aetum
1014 410 1068 448 est
1087 424 1108 448 a
1128 411 1318 463 Pompeio
1337 411 1468 450 nostro
1487 412 1690 466 sapienter,
1722 411 1825 451 nihil
1846 412 1929 452 for-

547 479 654 524 titer,
685 479 785 517 addo
805 478 937 522 etiam,
968 476 1071 515 nihil
1099 477 1169 514 nifi
1198 486 1335 514 contra
1353 478 1562 516 confilium
1582 480 1933 533 auctoritatemque

546 559 690 586 meam.
737 545 896 584 Omitto
927 543 995 581 illa
1024 551 1166 587 vetera,
1195 542 1304 595 quod
1333 541 1452 581 istum
1471 544 1513 582 in
1534 545 1842 598 Rempublicam
1863 546 1932 584 ille

546 612 660 657 aluit,
690 611 814 656 auxit,
845 609 1031 648 armavit:
1065 609 1132 646 ille
1152 608 1306 660 legibus
1327 621 1397 661 per
1415 609 1512 655 vim,
1532 619 1572 648 et
1592 620 1729 649 contra
1747 611 1931 664 auspicia,

546 676 718 716 ferendis
748 677 908 720 aneton
940 675 1009 713 ille
1034 673 1177 713 Galliae
1206 673 1402 712 ulterioris
1432 674 1664 726 adjunctor3
1695 675 1765 714 ille
1783 689 1929 729 genem

545 743 616 782 ille
634 744 676 782 in
694 740 916 796 adoptando
937 741 982 779 P.
1006 739 1150 778 Clodio
1170 753 1294 792 augur
1308 758 1320 784 ς
1353 739 1422 778 ille
1441 740 1668 778 restituendi
1689 742 1783 787 mei,
1813 755 1934 794 quam

546 809 756 853 retinendi,
788 807 1017 852 studiosior-3
1048 806 1117 844 ille
1148 806 1359 859 provinciae
1384 816 1644 859 propagator;
1676 806 1745 845 ille
1764 807 1933 846 absentie

546 876 590 913 in
621 873 807 913 omnibus
838 873 1019 925 adjutor:
1051 871 1158 910 idem
1186 872 1304 909 etiam
1326 872 1443 910 tertio
1464 872 1696 918 Consulatu,
1726 871 1934 926 postquam

547 940 621 979 ess‘e
640 938 818 978 defensor
838 937 1086 990 Reipublicae
1107 937 1243 989 coepit,
1275 937 1494 983 contendit,
1526 947 1569 976 ut
1598 937 1734 976 decem
1758 937 1934 977 Tribuni

545 1006 674 1059 plebis
708 1003 869 1048 ferrent,
900 1012 944 1040 ut
976 1002 1144 1040 absentis
1176 1002 1275 1040 ratio
1304 1001 1539 1042 haberetur:
1573 1003 1680 1056 quod
1713 1003 1820 1042 idem
1853 1003 1934 1057 ipse

546 1071 673 1109 sanxit
693 1069 778 1122 lege
798 1067 966 1121 quadam
986 1067 1052 1105 sua
1065 1086 1079 1113 5
1111 1067 1330 1121 Marcoque
1351 1067 1546 1107 Marcello
1567 1068 1748 1115 Conffili,
1779 1068 1934 1107 finienti

546 1135 767 1190 provincias
802 1133 968 1179 Gallias,
1014 1133 1202 1172 Kalendis
1237 1133 1396 1172 Martiis
1431 1134 1585 1173 restitit.
1638 1134 1726 1180 Sed,
1771 1144 1816 1173 ut
1849 1133 1932 1173 haec

546 1203 745 1246 omittam,
762 1199 860 1253 quid
879 1198 1041 1243 foedius,
1058 1198 1155 1251 quid
1175 1199 1455 1252 perturbatius,
1472 1197 1550 1238 hoc
1570 1199 1618 1237 ab
1639 1199 1735 1238 urbe
1755 1199 1931 1245 discessu,

546 1268 623 1308 five
642 1267 775 1321 potius
795 1265 1014 1319 turpiffima
1031 1263 1158 1318 fuga?
1190 1279 1276 1318 quae
1296 1265 1474 1304 conditio
1493 1279 1574 1304 non
1603 1265 1828 1319 accipienda
1857 1265 1934 1304 fuit

544 1334 694 1388 potius,
724 1345 845 1385 quam
863 1330 1122 1384 relinquenda
1138 1331 1288 1384 patria?
1320 1330 1440 1369 Malae
1459 1331 1706 1370 conditiones
1726 1340 1850 1376 erant,
1871 1330 1932 1370 fa-

545 1410 654 1439 teor:
676 1398 741 1437 sed
761 1411 859 1437 num
877 1397 976 1451 quid
995 1396 1072 1436 hoc
1091 1398 1233 1450 pejus?
1264 1398 1320 1435 At
1340 1397 1587 1450 recuperabit
1606 1397 1930 1451 Rempublicam.

546 1464 718 1518 Qando
736 1465 749 1502 ?
781 1473 847 1502 aut
872 1462 970 1516 quid
997 1461 1046 1500 ad
1064 1475 1150 1501 eam
1170 1462 1278 1515 spem
1297 1462 1351 1500 est
1369 1463 1491 1515 parati
1510 1465 1524 1500 ἓ
1555 1476 1635 1501 non
1655 1477 1744 1516 ager
1765 1463 1934 1501 Picenus

545 1530 702 1569 amissus
721 1531 734 1567 ?
766 1542 845 1568 non
875 1527 1112 1582 patefactum
1134 1528 1208 1566 iter
1227 1528 1274 1565 ad
1295 1527 1434 1566 urbem
1453 1529 1467 1566 ?
1498 1541 1578 1566 non
1598 1528 1767 1581 pecunia
1785 1529 1932 1573 omnis,

543 1607 584 1636 et
604 1597 764 1650 publica
780 1605 821 1634 et
840 1595 1002 1649 privata,
1034 1593 1245 1633 adversario
1275 1594 1447 1633 tradita?
1478 1593 1648 1647 denique
1670 1587 1788 1633 'nulla
1807 1594 1932 1640 causa,

543 1663 663 1702 nullae
694 1663 809 1707 vires,
837 1661 950 1699 nulla
980 1659 1100 1706 sedes,
1131 1674 1211 1713 quo
1240 1669 1492 1706 concurrant,
1523 1661 1593 1713 qui
1625 1660 1935 1714 Rempublicam

543 1728 742 1768 defensam
762 1728 901 1767 velint.
948 1728 1097 1781 Apulia
1115 1727 1264 1765 delecta
1282 1726 1350 1773 est,
1381 1726 1598 1766 inaniffima
1617 1740 1704 1780 pars
1725 1727 1862 1782 Italiae,
1892 1736 1933 1766 et

543 1796 591 1834 ab
612 1797 763 1849 impetu
783 1793 902 1847 hujus
924 1794 1021 1833 belli
1039 1793 1317 1832 remotiffima:
1349 1792 1444 1846 fuga
1462 1803 1501 1832 et
1521 1793 1720 1831 maritima
1736 1802 1931 1846 opportu-

544 1863 644 1901 nitas
665 1861 743 1899 visa
762 1861 884 1913 quaeri
914 1860 1194 1913 desperatione.
1241 1859 1370 1898 Invite
1399 1860 1488 1912 cepi
1518 1859 1711 1912 Capuam,
1744 1872 1820 1897 non
1851 1873 1932 1912 quo

544 1940 690 1966 munus
710 1925 813 1964 illud
844 1925 1086 1978 defugerem,
1117 1924 1181 1963 sed
1213 1925 1292 1963 sine
1322 1924 1460 1970 causa;
1492 1925 1533 1963 in
1566 1938 1642 1977 qua
1675 1924 1808 1963 nullus
1839 1924 1932 1964 esset

543 1993 745 2037 ordinum,
778 1991 911 2030 nullus
942 2001 1096 2044 apertus
1128 1991 1370 2044 privatorum
1402 1991 1541 2029 dolor:
1575 1991 1768 2029 bonorum
1799 2001 1931 2030 autem

543 2058 635 2098 ess‘et
653 2058 812 2111 aliquis,
844 2057 905 2095 sed
926 2056 1060 2102 hebes,
1093 2067 1136 2095 ut
1166 2056 1290 2102 solet3
1322 2066 1375 2102 et,
1407 2067 1450 2095 ut
1483 2056 1562 2110 ipse
1588 2057 1791 2102 sensissem,
1823 2057 1930 2095 mul-

542 2125 690 2171 titudo,
706 2134 745 2164 et
765 2124 946 2163 infirmus
966 2124 1131 2177 quisque
1153 2124 1365 2177 propensus
1387 2124 1427 2162 in
1448 2123 1607 2162 alteram
1629 2134 1794 2177 partem,
1812 2124 1931 2162 multi

543 2191 776 2231 mutationis
798 2204 927 2229 rerum
948 2189 1098 2244 cupidi.
1131 2190 1229 2228 Dixi
1250 2190 1335 2243 ipfi,
1358 2203 1421 2228 me
1441 2188 1542 2228 nihil
1564 2189 1833 2242 suscepturum
1854 2189 1930 2228 sine

543 2257 732 2311 pra-sidio,
763 2267 802 2295 ct
830 2256 907 2295 fine
936 2257 1129 2309 pecunia:
1162 2257 1293 2309 itaque
1313 2254 1433 2294 habui
1455 2255 1555 2294 nihil
1578 2256 1743 2294 omnino
1764 2256 1928 2308 negotii,

543 2323 651 2376 quod
677 2324 725 2360 ab
746 2323 862 2362 initio
881 2323 978 2368 vidi,
1011 2321 1112 2361 nihil
1141 2323 1263 2376 quaeri
1290 2331 1427 2376 praeter
1457 2320 1608 2374 sugam.
1656 2323 1753 2360 Eam
1776 2321 1800 2359 fi
1824 2334 1929 2359 nunc

545 2390 697 2443 sequor,
728 2400 900 2442 quonam
920 2390 934 2427 ?
965 2402 1058 2427 cum
1080 2387 1150 2427 illo
1171 2401 1249 2427 non
1269 2403 1278 2427 ι
1310 2387 1357 2427 ad
1382 2401 1500 2441 quein
1523 2401 1615 2425 cum
1636 2386 1751 2426 ess‘em
1772 2386 1928 2440 profec-

545 2467 623 2501 ωε,
654 2456 823 2508 cognovi
855 2455 894 2493 in
928 2455 975 2493 iis
1005 2455 1102 2494 locis
1128 2453 1200 2493 effe
1223 2454 1426 2498 Caesarem,
1460 2463 1502 2492 ut
1525 2464 1611 2492 tuto
1633 2454 1840 2493 Luceriam
1863 2467 1928 2492 ve-

545 2524 628 2562 nire
661 2534 741 2561 non
775 2520 937 2575 poffem.
983 2521 1116 2563 Insero
1150 2523 1246 2561 mari
1283 2522 1411 2566 nobis,
1450 2523 1600 2561 incerto
1633 2521 1762 2566 cursu,
1801 2519 1930 2559 hieme
