2243 3008
495 243 572 272 202
843 222 1535 266 EPIVSTOLARUM

495 328 594 381 quin
615 328 759 366 Cnaeus
780 327 819 366 in
842 325 936 379 fuga
956 326 1000 365 fit
1018 345 1028 372 3
1062 324 1181 364 modo
1207 323 1384 378 effugiat.
1430 326 1467 364 A
1497 323 1659 364 consilio
1688 322 1883 377 fugiendi,

499 403 544 433 ut
565 403 607 432 tu
628 393 773 438 censeS,
804 392 955 431 absum.

839 596 1081 632 cicssno
1123 593 1377 630 ATTICO
1418 591 1548 630 SAt.

500 721 633 759 XXV.
660 720 727 793 C
745 723 782 759 U
799 722 845 759 M
877 720 1061 759 dediffem
1089 720 1135 758 ad
1157 730 1193 758 te
1214 720 1344 758 literas
1366 717 1506 762 tristes,
1537 727 1576 756 et
1596 727 1731 756 metuo
1752 731 1800 756 ne
1819 730 1886 755 ve-

759 799 833 831 ras,
865 786 913 823 de
942 785 1120 824 Lucretii
1149 784 1196 822 ad
1227 782 1400 821 Caffium
1426 782 1550 821 literis
1579 784 1715 835 Capua
1737 782 1855 820 missis
1874 801 1892 826 ·,

501 850 696 903 Cephalio
715 851 823 890 venit
843 864 864 888 a
882 850 1010 895 vobis,
1036 849 1171 887 attulit
1189 849 1308 886 etiam
1329 861 1350 885 a
1369 857 1406 885 te
1426 847 1556 886 literas
1578 846 1794 892 hilariores,
1817 859 1888 884 nec

502 925 635 955 tamen
655 917 786 956 firmas
814 925 858 954 ut
885 915 997 954 soles.
1044 915 1193 953 Omnia
1211 913 1367 952 facilius
1395 913 1551 952 credere
1570 913 1738 966 possum,
1769 925 1888 965 quarn

500 981 610 1034 quod·
643 981 813 1020 scribitis
848 980 1086 1032 Pompeium
1116 979 1334 1018 exercitum
1363 976 1519 1017 habere.
1565 979 1699 1018 Nemo
1727 976 1807 1016 huc
1836 977 1891 1015 ita

500 1046 612 1084 affert
628 1065 640 1092 ;
672 1046 898 1097 omniaque,
929 1059 1016 1098 quae
1035 1044 1179 1083 nolim.
1218 1045 1255 1082 Ο
1277 1057 1360 1082 rem
1380 1044 1560 1082 miseram
1579 1044 1588 1081 !
1619 1043 1740 1082 malas
1760 1042 1889 1082 causas

501 1111 651 1165 semper
670 1112 861 1157 obtinuit,
892 1111 935 1150 in
954 1111 1106 1164 optima
1124 1109 1316 1149 concidit.
1361 1109 1473 1162 Qid
1498 1109 1659 1148 dicam?
1691 1109 1762 1148 nisi
1788 1108 1892 1147 illud

500 1192 593 1217 eum
613 1178 744 1224 sciffe;
777 1190 904 1230 neque
924 1177 1031 1215 enim
1052 1186 1133 1215 erat
1153 1175 1340 1214 difficile:
1372 1174 1449 1214 hoc
1470 1175 1626 1214 nesciffe
1641 1194 1653 1221 ;
1684 1184 1764 1223 enat
1783 1175 1893 1215 enim

500 1256 559 1282 ars
580 1242 754 1282 difficilis
775 1243 876 1281 τεᾶς
896 1241 1206 1294 Rernpublicam
1226 1254 1371 1293 gerere.
1418 1240 1490 1279 Sed
1511 1241 1596 1293 jam
1617 1241 1780 1294 jamque
1799 1253 1892 1279 om·

502 1309 566 1347 nia
584 1308 768 1354 sciemus,
797 1317 836 1347 et
856 1307 1070 1347 scribemus
1091 1307 1139 1346 ad
1158 1316 1196 1346 te
1216 1307 1363 1345 statim.

843 1511 1085 1548 Crenno
1126 1510 1382 1548 ATT1co
1423 1509 1554 1547 SAL.

506 1639 660 1677 XXVI.
684 1635 882 1710 NON
911 1638 1020 1676 venit
1046 1637 1152 1676 idem
1182 1638 1252 1676 usu
1283 1636 1399 1682 mihi,
1431 1635 1538 1690 quod
1566 1643 1608 1674 tu
1638 1635 1712 1674 tibi
1739 1635 1894 1682 scribis,

801 1703 934 1755 quoties
951 1702 1090 1741 exorior
1107 1703 1127 1741 ,2
1156 1695 1367 1755 egoenim
1394 1716 1500 1741 nunc
1530 1702 1692 1755 paulum
1719 1702 1887 1746 exorior,

504 1779 542 1807 et
562 1770 734 1807 maxime
754 1768 918 1822 quidem
938 1769 985 1807 iis
1013 1769 1154 1815 literis,
1185 1782 1272 1822 quae
1303 1769 1432 1807 Roma
1462 1767 1692 1812 afferuntur,
1723 1766 1771 1804 de
1802 1767 1891 1805 Do·

505 1836 634 1879 mitio,
661 1834 708 1872 de
730 1835 957 1873 Picentium
977 1833 1224 1872 cohortibus.
1259 1833 1406 1871 Omnia
1425 1841 1532 1870 erant
1553 1831 1652 1870 facta
1672 1831 1748 1870 hoc
1770 1832 1893 1870 biduo

507 1899 678 1937 laetiora:
712 1899 843 1951 itaque
864 1898 971 1951 suga,
1002 1913 1088 1952 quae
1111 1899 1329 1951 parabatur,
1362 1898 1521 1951 repressa
1541 1897 1608 1936 est.
1647 1897 1805 1936 Caesaris
1827 1899 1893 1936 in·

508 1964 681 2008 terdicta,
713 1965 756 2002 Si
773 1962 970 2016 teſseundo
987 1963 1116 2002 lumine
1135 1964 1193 2002 hic
1213 1963 1400 2016 qffiwdero,
1432 1963 1680 2016 respuuntur.
1719 1964 1825 2001 Bona
1846 1963 1893 2001 dc

510 2030 706 2074 Domitio,
738 2029 919 2082 praeclara
938 2029 985 2067 de
1007 2028 1185 2074 Afranio,
1219 2029 1320 2067 fama
1340 2028 1407 2067 est.
1445 2029 1564 2081 Qod
1585 2043 1648 2068 me
1669 2029 1896 2068 amicissime

507 2096 707 2141 admones,
730 2105 774 2134 ut
795 2110 856 2134 me
878 2096 1093 2148 integrum,
1115 2096 1243 2148 quoad
1266 2095 1417 2148 possim,
1440 2095 1614 2140 servcm;
1647 2105 1802 2148 gratum
1822 2095 1890 2134 est.

508 2161 629 2212 Qod
663 2161 788 2205 addis,
818 2175 865 2199 ne
898 2161 1119 2214 propensior
1148 2161 1195 2199 ad
1228 2170 1383 2213 turpem
1415 2161 1568 2199 causam
1600 2161 1756 2203 videar;
1789 2171 1893 2199 certe

508 2227 628 2264 videri
651 2226 816 2279 poss‘um.
863 2227 951 2279 Ego
978 2241 1040 2265 me
1068 2227 1208 2265 ducem
1230 2227 1270 2264 in
1292 2226 1401 2264 civili
1432 2226 1552 2271 bello,
1583 2226 1711 2278 quoad
1732 2226 1778 2264 dc
1801 2240 1892 2279 pace

507 2301 698 2344 ageretur,
731 2292 866 2344 negavi
887 2292 986 2331 effe:
1020 2306 1097 2330 non
1119 2293 1215 2345 quin
1239 2295 1386 2330 redium
1407 2292 1495 2330 essct
1515 2310 1524 2335 ;
1560 2291 1635 2335 sed,
1667 2292 1759 2344 quia
1786 2292 1893 2345 quod

509 2357 637 2395 multo
659 2358 797 2396 rectius
820 2358 910 2402 suit,
934 2359 973 2396 id
995 2359 1095 2397 mihi
1118 2358 1292 2397 fraudem
1316 2359 1428 2396 tulit:
1454 2358 1566 2410 plane
1587 2372 1692 2403 cum,
1715 2359 1778 2396 cui
1803 2358 1892 2397 nos-

502 2434 565 2462 ter
594 2423 759 2461 alterum
793 2425 1052 2463 Consulatum
1081 2425 1264 2469 deferret,
1294 2434 1331 2462 ct
1362 2423 1625 2476 triumphum,
1660 2427 1715 2476 (at
1747 2424 1891 2476 quibus

506 2488 666 2528 verbis?
707 2498 775 2542 pro
808 2491 887 2542 fiu's
930 2489 1030 2528 rebus
1069 2491 1171 2543 gaestis
1209 2489 1451 2541 amplgffimis,)
1499 2490 1707 2529 inimicum
1752 2489 1891 2529 habere
