<?xml version="1.0" encoding="UTF-8"?>
<!DOCTYPE html PUBLIC "-//W3C//DTD XHTML 1.0 Transitional//EN"
    "http://www.w3.org/TR/xhtml1/DTD/xhtml1-transitional.dtd">
<html xmlns="http://www.w3.org/1999/xhtml" xml:lang="en" lang="en">
 <head>
  <title>
</title>
<meta http-equiv="Content-Type" content="text/html;charset=utf-8" />
  <meta name='ocr-system' content='tesseract 3.04.00' />
  <meta name='ocr-capabilities' content='ocr_page ocr_carea ocr_par ocr_line ocrx_word'/>
</head>
<body>
  <div class='ocr_page' id='page_1' title='image "./operacumindicibu08ciceuoft_0271.png"; bbox 0 0 2243 3008; ppageno 0'>
   <div class='ocr_carea' id='block_1_1' title="bbox 453 255 1615 316">
    <p class='ocr_par' dir='ltr' id='par_1_1' title="bbox 453 255 1615 316">
     <span class='ocr_line' id='line_1_1' title="bbox 453 255 1615 316; baseline 0.007 -22"><span class='ocrx_word' id='word_1_1' title='bbox 453 257 565 295; x_wconf 90' lang='lat' dir='ltr'>AD</span> <span class='ocrx_word' id='word_1_2' title='bbox 618 255 1050 294; x_wconf 84' lang='lat' dir='ltr'><strong>ATTICUM</strong></span> <span class='ocrx_word' id='word_1_3' title='bbox 1117 258 1261 298; x_wconf 87' lang='lat' dir='ltr'><strong>LIB.</strong></span> <span class='ocrx_word' id='word_1_4' title='bbox 1316 261 1390 300; x_wconf 89' lang='lat' dir='ltr'>IX.</span> <span class='ocrx_word' id='word_1_5' title='bbox 1538 262 1615 316; x_wconf 86' lang='lat'>263</span> 
     </span>
    </p>
   </div>
   <div class='ocr_carea' id='block_1_2' title="bbox 218 353 1615 540">
    <p class='ocr_par' dir='ltr' id='par_1_2' title="bbox 218 353 1615 540">
     <span class='ocr_line' id='line_1_2' title="bbox 225 353 1613 413; baseline 0.002 -18"><span class='ocrx_word' id='word_1_6' title='bbox 225 357 435 410; x_wconf 66' lang='lat' dir='ltr'>corfiripta,</span> <span class='ocrx_word' id='word_1_7' title='bbox 466 355 673 394; x_wconf 82' lang='lat' dir='ltr'><em>nuntiatum</em></span> <span class='ocrx_word' id='word_1_8' title='bbox 692 353 736 406; x_wconf 73' lang='lat' dir='ltr'>est</span> <span class='ocrx_word' id='word_1_9' title='bbox 755 353 866 399; x_wconf 83' lang='lat' dir='ltr'><em>nobis,</em></span> <span class='ocrx_word' id='word_1_10' title='bbox 902 355 1078 408; x_wconf 83' lang='lat' dir='ltr'>Caesarem</span> <span class='ocrx_word' id='word_1_11' title='bbox 1097 369 1134 394; x_wconf 86' lang='lat' dir='ltr'>a.</span> <span class='ocrx_word' id='word_1_12' title='bbox 1156 355 1191 394; x_wconf 87' lang='lat' dir='ltr'>d.</span> <span class='ocrx_word' id='word_1_13' title='bbox 1215 370 1293 393; x_wconf 70' lang='grc' dir='ltr'>γη]</span> <span class='ocrx_word' id='word_1_14' title='bbox 1309 358 1464 398; x_wconf 82' lang='lat' dir='ltr'><em>Kalend.</em></span> <span class='ocrx_word' id='word_1_15' title='bbox 1485 362 1613 413; x_wconf 82' lang='lat' dir='ltr'>April.</span> 
     </span>
     <span class='ocr_line' id='line_1_3' title="bbox 225 419 1615 477; baseline 0.002 -17"><span class='ocrx_word' id='word_1_16' title='bbox 225 421 428 460; x_wconf 83' lang='lat' dir='ltr'>Beneventi</span> <span class='ocrx_word' id='word_1_17' title='bbox 456 421 674 474; x_wconf 71' lang='lat' dir='ltr'>matfitrum,</span> <span class='ocrx_word' id='word_1_18' title='bbox 704 435 741 458; x_wconf 85' lang='lat' dir='ltr'>a.</span> <span class='ocrx_word' id='word_1_19' title='bbox 776 419 815 459; x_wconf 82' lang='lat' dir='ltr'>d.</span> <span class='ocrx_word' id='word_1_20' title='bbox 842 434 901 457; x_wconf 79' lang='lat' dir='ltr'>Vll</span> <span class='ocrx_word' id='word_1_21' title='bbox 928 422 1078 474; x_wconf 79' lang='lat' dir='ltr'><em>Capuae,</em></span> <span class='ocrx_word' id='word_1_22' title='bbox 1107 435 1146 460; x_wconf 86' lang='lat' dir='ltr'>a.</span> <span class='ocrx_word' id='word_1_23' title='bbox 1176 421 1212 460; x_wconf 88' lang='lat' dir='ltr'>d.</span> <span class='ocrx_word' id='word_1_24' title='bbox 1240 436 1279 459; x_wconf 61' lang='lat'>121</span> <span class='ocrx_word' id='word_1_25' title='bbox 1311 423 1488 477; x_wconf 62' lang='lat' dir='ltr'><em>Sinuqffae.</em></span> <span class='ocrx_word' id='word_1_26' title='bbox 1533 428 1615 465; x_wconf 88' lang='lat' dir='ltr'>Hoc</span> 
     </span>
     <span class='ocr_line' id='line_1_4' title="bbox 218 494 622 540; baseline -0.005 -14"><span class='ocrx_word' id='word_1_27' title='bbox 218 495 290 540; x_wconf 87' lang='lat' dir='ltr'>pro</span> <span class='ocrx_word' id='word_1_28' title='bbox 318 494 414 526; x_wconf 83' lang='lat' dir='ltr'>certo</span> <span class='ocrx_word' id='word_1_29' title='bbox 434 495 622 538; x_wconf 85' lang='lat' dir='ltr'><em>putamus.</em></span> 
     </span>
    </p>
   </div>
   <div class='ocr_carea' id='block_1_3' title="bbox 565 687 1278 726">
    <p class='ocr_par' dir='ltr' id='par_1_3' title="bbox 565 687 1278 726">
     <span class='ocr_line' id='line_1_5' title="bbox 565 687 1278 726; baseline 0.001 -1"><span class='ocrx_word' id='word_1_30' title='bbox 565 687 808 725; x_wconf 68' lang='lat' dir='ltr'>Cxcnno</span> <span class='ocrx_word' id='word_1_31' title='bbox 848 687 1106 724; x_wconf 74' lang='lat' dir='ltr'>ATT1co</span> <span class='ocrx_word' id='word_1_32' title='bbox 1147 687 1278 726; x_wconf 82' lang='lat' dir='ltr'><strong>SAL.</strong></span> 
     </span>
    </p>
   </div>
   <div class='ocr_carea' id='block_1_4' title="bbox 223 813 1619 1260">
    <p class='ocr_par' dir='ltr' id='par_1_4' title="bbox 228 813 1613 887">
     <span class='ocr_line' id='line_1_6' title="bbox 228 813 1613 887; baseline 0.002 -34"><span class='ocrx_word' id='word_1_33' title='bbox 228 815 341 854; x_wconf 85' lang='lat' dir='ltr'>XVI.</span> <span class='ocrx_word' id='word_1_34' title='bbox 367 813 435 887; x_wconf 83' lang='lat' dir='ltr'>C</span> <span class='ocrx_word' id='word_1_35' title='bbox 452 816 490 852; x_wconf 94' lang='lat' dir='ltr'><strong>U</strong></span> <span class='ocrx_word' id='word_1_36' title='bbox 505 814 574 859; x_wconf 77' lang='lat' dir='ltr'>M,</span> <span class='ocrx_word' id='word_1_37' title='bbox 601 815 710 867; x_wconf 84' lang='lat' dir='ltr'>quod</span> <span class='ocrx_word' id='word_1_38' title='bbox 729 814 937 853; x_wconf 70' lang='lat' dir='ltr'>scriberem</span> <span class='ocrx_word' id='word_1_39' title='bbox 956 814 1002 851; x_wconf 89' lang='lat' dir='ltr'>ad</span> <span class='ocrx_word' id='word_1_40' title='bbox 1025 824 1077 859; x_wconf 82' lang='lat' dir='ltr'>te,</span> <span class='ocrx_word' id='word_1_41' title='bbox 1099 813 1201 853; x_wconf 85' lang='lat' dir='ltr'>nihil</span> <span class='ocrx_word' id='word_1_42' title='bbox 1222 814 1405 854; x_wconf 78' lang='lat' dir='ltr'>haberem</span> <span class='ocrx_word' id='word_1_43' title='bbox 1423 835 1434 861; x_wconf 89' lang='lat'>;</span> <span class='ocrx_word' id='word_1_44' title='bbox 1469 826 1613 864; x_wconf 86' lang='lat' dir='ltr'>tamen,</span> 
     </span>
    </p>

    <p class='ocr_par' dir='ltr' id='par_1_5' title="bbox 223 880 1619 1260">
     <span class='ocr_line' id='line_1_7' title="bbox 467 880 1611 933; baseline 0.004 -15"><span class='ocrx_word' id='word_1_45' title='bbox 467 894 516 918; x_wconf 91' lang='lat' dir='ltr'>ne</span> <span class='ocrx_word' id='word_1_46' title='bbox 535 893 655 933; x_wconf 85' lang='lat' dir='ltr'>quem</span> <span class='ocrx_word' id='word_1_47' title='bbox 675 880 782 918; x_wconf 80' lang='lat' dir='ltr'>diem</span> <span class='ocrx_word' id='word_1_48' title='bbox 802 880 1125 925; x_wconf 76' lang='lat' dir='ltr'>intermitterem,</span> <span class='ocrx_word' id='word_1_49' title='bbox 1152 880 1220 918; x_wconf 78' lang='lat' dir='ltr'>has</span> <span class='ocrx_word' id='word_1_50' title='bbox 1250 881 1339 919; x_wconf 85' lang='lat' dir='ltr'>dedi</span> <span class='ocrx_word' id='word_1_51' title='bbox 1368 883 1513 922; x_wconf 80' lang='lat' dir='ltr'>literas,</span> <span class='ocrx_word' id='word_1_52' title='bbox 1559 886 1611 923; x_wconf 84' lang='lat' dir='ltr'>A.</span> 
     </span>
     <span class='ocr_line' id='line_1_8' title="bbox 227 944 1616 987; baseline 0.004 -5"><span class='ocrx_word' id='word_1_53' title='bbox 227 945 266 983; x_wconf 89' lang='lat' dir='ltr'>d.</span> <span class='ocrx_word' id='word_1_54' title='bbox 293 959 352 984; x_wconf 83' lang='grc' dir='ltr'>νῐ.</span> <span class='ocrx_word' id='word_1_55' title='bbox 378 945 468 984; x_wconf 81' lang='lat' dir='ltr'>Kal.</span> <span class='ocrx_word' id='word_1_56' title='bbox 492 945 681 983; x_wconf 80' lang='lat' dir='ltr'>Caesarem</span> <span class='ocrx_word' id='word_1_57' title='bbox 710 944 889 983; x_wconf 80' lang='lat' dir='ltr'>Sinueffae</span> <span class='ocrx_word' id='word_1_58' title='bbox 918 945 1146 983; x_wconf 74' lang='lat' dir='ltr'>mansurum</span> <span class='ocrx_word' id='word_1_59' title='bbox 1176 947 1425 986; x_wconf 76' lang='lat' dir='ltr'>nuntiabant.</span> <span class='ocrx_word' id='word_1_60' title='bbox 1473 949 1537 986; x_wconf 95' lang='lat' dir='ltr'>Ab</span> <span class='ocrx_word' id='word_1_61' title='bbox 1569 963 1616 987; x_wconf 91' lang='lat' dir='ltr'>eo</span> 
     </span>
     <span class='ocr_line' id='line_1_9' title="bbox 227 1009 1612 1066; baseline 0.004 -19"><span class='ocrx_word' id='word_1_62' title='bbox 227 1010 329 1048; x_wconf 81' lang='lat' dir='ltr'>mihi</span> <span class='ocrx_word' id='word_1_63' title='bbox 350 1011 471 1049; x_wconf 83' lang='lat' dir='ltr'>literae</span> <span class='ocrx_word' id='word_1_64' title='bbox 493 1010 651 1049; x_wconf 82' lang='lat' dir='ltr'>redditae</span> <span class='ocrx_word' id='word_1_65' title='bbox 673 1010 762 1048; x_wconf 72' lang='lat' dir='ltr'>sunt</span> <span class='ocrx_word' id='word_1_66' title='bbox 781 1023 815 1048; x_wconf 86' lang='lat' dir='ltr'>a.</span> <span class='ocrx_word' id='word_1_67' title='bbox 839 1010 878 1048; x_wconf 87' lang='lat' dir='ltr'>d.</span> <span class='ocrx_word' id='word_1_68' title='bbox 905 1023 969 1047; x_wconf 81' lang='lat' dir='ltr'>vu</span> <span class='ocrx_word' id='word_1_69' title='bbox 994 1009 1084 1049; x_wconf 84' lang='lat' dir='ltr'>Kal.</span> <span class='ocrx_word' id='word_1_70' title='bbox 1108 1011 1254 1062; x_wconf 82' lang='lat' dir='ltr'>quibus</span> <span class='ocrx_word' id='word_1_71' title='bbox 1277 1013 1360 1064; x_wconf 85' lang='lat' dir='ltr'>jam</span> <span class='ocrx_word' id='word_1_72' title='bbox 1390 1021 1468 1066; x_wconf 83' lang='lat' dir='ltr'>opes</span> <span class='ocrx_word' id='word_1_73' title='bbox 1492 1027 1612 1059; x_wconf 83' lang='lat' dir='ltr'>meas,</span> 
     </span>
     <span class='ocr_line' id='line_1_10' title="bbox 226 1077 1614 1130; baseline 0.002 -16"><span class='ocrx_word' id='word_1_74' title='bbox 226 1089 322 1121; x_wconf 79' lang='lat' dir='ltr'>non,</span> <span class='ocrx_word' id='word_1_75' title='bbox 340 1086 384 1114; x_wconf 89' lang='lat' dir='ltr'>ut</span> <span class='ocrx_word' id='word_1_76' title='bbox 405 1077 671 1130; x_wconf 78' lang='lat' dir='ltr'>superioribus</span> <span class='ocrx_word' id='word_1_77' title='bbox 691 1077 831 1121; x_wconf 67' lang='lat' dir='ltr'>literis,</span> <span class='ocrx_word' id='word_1_78' title='bbox 851 1084 962 1128; x_wconf 80' lang='lat' dir='ltr'><em>opem,</em></span> <span class='ocrx_word' id='word_1_79' title='bbox 982 1078 1173 1129; x_wconf 65' lang='lat' dir='ltr'>expectat.</span> <span class='ocrx_word' id='word_1_80' title='bbox 1207 1079 1312 1116; x_wconf 85' lang='lat' dir='ltr'>Cum</span> <span class='ocrx_word' id='word_1_81' title='bbox 1333 1080 1416 1130; x_wconf 87' lang='lat' dir='ltr'>ejus</span> <span class='ocrx_word' id='word_1_82' title='bbox 1437 1079 1614 1117; x_wconf 65' lang='lat' dir='ltr'>clemen-</span> 
     </span>
     <span class='ocr_line' id='line_1_11' title="bbox 226 1140 1619 1198; baseline 0.004 -20"><span class='ocrx_word' id='word_1_83' title='bbox 226 1142 323 1179; x_wconf 85' lang='lat' dir='ltr'>tiam</span> <span class='ocrx_word' id='word_1_84' title='bbox 351 1140 636 1180; x_wconf 72' lang='lat' dir='ltr'>Corfinienstem</span> <span class='ocrx_word' id='word_1_85' title='bbox 667 1142 777 1179; x_wconf 87' lang='lat' dir='ltr'>illam</span> <span class='ocrx_word' id='word_1_86' title='bbox 808 1154 876 1193; x_wconf 88' lang='lat' dir='ltr'>per</span> <span class='ocrx_word' id='word_1_87' title='bbox 905 1141 1035 1179; x_wconf 84' lang='lat' dir='ltr'>literas</span> <span class='ocrx_word' id='word_1_88' title='bbox 1065 1143 1393 1190; x_wconf 70' lang='lat' dir='ltr'>coliaudaviffern,</span> <span class='ocrx_word' id='word_1_89' title='bbox 1425 1145 1619 1198; x_wconf 71' lang='lat' dir='ltr'>rescripsit-</span> 
     </span>
     <span class='ocr_line' id='line_1_12' title="bbox 223 1205 519 1260; baseline 0.007 -16"><span class='ocrx_word' id='word_1_90' title='bbox 223 1205 300 1245; x_wconf 80' lang='lat' dir='ltr'>lwc</span> <span class='ocrx_word' id='word_1_91' title='bbox 321 1208 519 1260; x_wconf 84' lang='lat' dir='ltr'>exemp10.</span> 
     </span>
    </p>
   </div>
   <div class='ocr_carea' id='block_1_5' title="bbox 377 1407 1454 1448">
    <p class='ocr_par' dir='ltr' id='par_1_6' title="bbox 377 1407 1454 1448">
     <span class='ocr_line' id='line_1_13' title="bbox 377 1407 1454 1448; baseline 0.001 -1"><span class='ocrx_word' id='word_1_92' title='bbox 377 1409 585 1447; x_wconf 81' lang='lat' dir='ltr'>CAESAR</span> <span class='ocrx_word' id='word_1_93' title='bbox 629 1408 756 1446; x_wconf 83' lang='grc' dir='ltr'><strong>ΙΜΡ.</strong></span> <span class='ocrx_word' id='word_1_94' title='bbox 801 1407 1106 1446; x_wconf 65' lang='grc' dir='ltr'>(Σιοειιοκι</span> <span class='ocrx_word' id='word_1_95' title='bbox 1153 1408 1280 1448; x_wconf 79' lang='grc' dir='ltr'><strong>ῙΜΡ.</strong></span> <span class='ocrx_word' id='word_1_96' title='bbox 1327 1408 1364 1447; x_wconf 92' lang='lat' dir='ltr'>S.</span> <span class='ocrx_word' id='word_1_97' title='bbox 1399 1409 1454 1448; x_wconf 95' lang='lat' dir='ltr'>D.</span> 
     </span>
    </p>
   </div>
   <div class='ocr_carea' id='block_1_6' title="bbox 221 1532 1622 2180">
    <p class='ocr_par' dir='ltr' id='par_1_7' title="bbox 226 1532 1622 1610">
     <span class='ocr_line' id='line_1_14' title="bbox 226 1532 1622 1610; baseline 0.001 -36"><span class='ocrx_word' id='word_1_98' title='bbox 226 1535 302 1610; x_wconf 80' lang='lat' dir='ltr'><em>R</em></span> <span class='ocrx_word' id='word_1_99' title='bbox 318 1537 354 1574; x_wconf 88' lang='lat' dir='ltr'>E</span> <span class='ocrx_word' id='word_1_100' title='bbox 373 1537 406 1574; x_wconf 92' lang='lat' dir='ltr'><strong><em>C</em></strong></span> <span class='ocrx_word' id='word_1_101' title='bbox 422 1532 505 1574; x_wconf 80' lang='lat' dir='ltr'>‘TE</span> <span class='ocrx_word' id='word_1_102' title='bbox 532 1536 729 1588; x_wconf 86' lang='lat' dir='ltr'>auguraris</span> <span class='ocrx_word' id='word_1_103' title='bbox 748 1534 788 1573; x_wconf 84' lang='lat' dir='ltr'>de</span> <span class='ocrx_word' id='word_1_104' title='bbox 806 1549 872 1579; x_wconf 81' lang='lat' dir='ltr'>me,</span> <span class='ocrx_word' id='word_1_105' title='bbox 903 1534 1014 1588; x_wconf 80' lang='lat' dir='ltr'>(bene</span> <span class='ocrx_word' id='word_1_106' title='bbox 1032 1535 1123 1573; x_wconf 87' lang='lat' dir='ltr'>enim</span> <span class='ocrx_word' id='word_1_107' title='bbox 1143 1534 1214 1574; x_wconf 83' lang='lat' dir='ltr'><em>tibi</em></span> <span class='ocrx_word' id='word_1_108' title='bbox 1228 1536 1390 1588; x_wconf 85' lang='lat' dir='ltr'>cognitus</span> <span class='ocrx_word' id='word_1_109' title='bbox 1394 1538 1482 1590; x_wconf 72' lang='lat' dir='ltr'>fitm</span> <span class='ocrx_word' id='word_1_110' title='bbox 1482 1535 1508 1588; x_wconf 84' lang='lat'><em>)</em></span> <span class='ocrx_word' id='word_1_111' title='bbox 1527 1538 1622 1576; x_wconf 75' lang='lat' dir='ltr'><em>nihil</em></span> 
     </span>
    </p>

    <p class='ocr_par' dir='ltr' id='par_1_8' title="bbox 221 1598 1618 2180">
     <span class='ocr_line' id='line_1_15' title="bbox 331 1598 1615 1655; baseline 0.002 -16"><span class='ocrx_word' id='word_1_112' title='bbox 331 1615 354 1639; x_wconf 89' lang='lat' dir='ltr'><em>a</em></span> <span class='ocrx_word' id='word_1_113' title='bbox 375 1615 427 1639; x_wconf 86' lang='lat' dir='ltr'>me</span> <span class='ocrx_word' id='word_1_114' title='bbox 445 1599 550 1652; x_wconf 70' lang='lat' dir='ltr'>abcjffe</span> <span class='ocrx_word' id='word_1_115' title='bbox 568 1600 704 1652; x_wconf 87' lang='lat' dir='ltr'>longius</span> <span class='ocrx_word' id='word_1_116' title='bbox 721 1598 943 1638; x_wconf 84' lang='lat' dir='ltr'>crudelitate.</span> <span class='ocrx_word' id='word_1_117' title='bbox 979 1602 1105 1653; x_wconf 86' lang='lat' dir='ltr'><em>Atque</em></span> <span class='ocrx_word' id='word_1_118' title='bbox 1123 1615 1182 1653; x_wconf 87' lang='lat' dir='ltr'>ego</span> <span class='ocrx_word' id='word_1_119' title='bbox 1202 1615 1280 1640; x_wconf 87' lang='lat' dir='ltr'>cum</span> <span class='ocrx_word' id='word_1_120' title='bbox 1300 1616 1343 1640; x_wconf 84' lang='lat' dir='ltr'>ex</span> <span class='ocrx_word' id='word_1_121' title='bbox 1360 1602 1435 1655; x_wconf 75' lang='lat' dir='ltr'>ipfil</span> <span class='ocrx_word' id='word_1_122' title='bbox 1453 1617 1494 1640; x_wconf 86' lang='lat' dir='ltr'>re</span> <span class='ocrx_word' id='word_1_123' title='bbox 1511 1617 1615 1655; x_wconf 86' lang='lat' dir='ltr'><em>mag-</em></span> 
     </span>
     <span class='ocr_line' id='line_1_16' title="bbox 227 1664 1617 1720; baseline 0.001 -16"><span class='ocrx_word' id='word_1_124' title='bbox 227 1680 308 1704; x_wconf 87' lang='lat' dir='ltr'>nam</span> <span class='ocrx_word' id='word_1_125' title='bbox 327 1666 426 1718; x_wconf 80' lang='lat' dir='ltr'><em>capio</em></span> <span class='ocrx_word' id='word_1_126' title='bbox 445 1664 664 1717; x_wconf 76' lang='lat' dir='ltr'><em>voluptatem</em></span> <span class='ocrx_word' id='word_1_127' title='bbox 680 1683 691 1709; x_wconf 87' lang='lat'>;</span> <span class='ocrx_word' id='word_1_128' title='bbox 723 1674 800 1702; x_wconf 80' lang='lat' dir='ltr'>tum</span> <span class='ocrx_word' id='word_1_129' title='bbox 818 1677 930 1702; x_wconf 85' lang='lat' dir='ltr'>meum</span> <span class='ocrx_word' id='word_1_130' title='bbox 933 1665 1083 1716; x_wconf 68' lang='lat' dir='ltr'><em>saHum</em></span> <span class='ocrx_word' id='word_1_131' title='bbox 1097 1665 1255 1718; x_wconf 86' lang='lat' dir='ltr'>probari</span> <span class='ocrx_word' id='word_1_132' title='bbox 1274 1666 1338 1704; x_wconf 85' lang='lat' dir='ltr'>abs</span> <span class='ocrx_word' id='word_1_133' title='bbox 1357 1677 1405 1711; x_wconf 79' lang='lat' dir='ltr'>te,</span> <span class='ocrx_word' id='word_1_134' title='bbox 1437 1668 1617 1720; x_wconf 84' lang='lat' dir='ltr'>triumpho</span> 
     </span>
     <span class='ocr_line' id='line_1_17' title="bbox 223 1729 1615 1785; baseline 0.001 -17"><span class='ocrx_word' id='word_1_135' title='bbox 223 1730 354 1784; x_wconf 83' lang='lat' dir='ltr'><em>gaudio</em></span> <span class='ocrx_word' id='word_1_136' title='bbox 369 1746 383 1769; x_wconf 88' lang='lat'>.·</span> <span class='ocrx_word' id='word_1_137' title='bbox 413 1744 521 1783; x_wconf 84' lang='lat' dir='ltr'>neque</span> <span class='ocrx_word' id='word_1_138' title='bbox 540 1730 631 1769; x_wconf 86' lang='lat' dir='ltr'><em>illud</em></span> <span class='ocrx_word' id='word_1_139' title='bbox 644 1745 697 1768; x_wconf 82' lang='lat' dir='ltr'>me</span> <span class='ocrx_word' id='word_1_140' title='bbox 715 1739 846 1774; x_wconf 85' lang='lat' dir='ltr'><em>movet,</em></span> <span class='ocrx_word' id='word_1_141' title='bbox 878 1729 972 1783; x_wconf 80' lang='lat' dir='ltr'><em>quod</em></span> <span class='ocrx_word' id='word_1_142' title='bbox 985 1729 1023 1774; x_wconf 84' lang='lat' dir='ltr'>ii,</span> <span class='ocrx_word' id='word_1_143' title='bbox 1055 1731 1118 1783; x_wconf 85' lang='lat' dir='ltr'>qui</span> <span class='ocrx_word' id='word_1_144' title='bbox 1142 1745 1165 1768; x_wconf 90' lang='lat' dir='ltr'><em>a</em></span> <span class='ocrx_word' id='word_1_145' title='bbox 1194 1745 1246 1770; x_wconf 84' lang='lat' dir='ltr'>me</span> <span class='ocrx_word' id='word_1_146' title='bbox 1273 1731 1514 1785; x_wconf 68' lang='lat' dir='ltr'><em>dimgffistmt,</em></span> <span class='ocrx_word' id='word_1_147' title='bbox 1544 1733 1615 1785; x_wconf 69' lang='lat' dir='ltr'>dff-</span> 
     </span>
     <span class='ocr_line' id='line_1_18' title="bbox 227 1795 1615 1849; baseline 0.001 -14"><span class='ocrx_word' id='word_1_148' title='bbox 227 1795 343 1849; x_wconf 79' lang='lat' dir='ltr'>ceffiffl</span> <span class='ocrx_word' id='word_1_149' title='bbox 367 1795 552 1841; x_wconf 83' lang='lat' dir='ltr'><em>dicuntur,</em></span> <span class='ocrx_word' id='word_1_150' title='bbox 583 1806 626 1835; x_wconf 79' lang='lat' dir='ltr'>ut</span> <span class='ocrx_word' id='word_1_151' title='bbox 645 1795 734 1834; x_wconf 84' lang='lat' dir='ltr'>mihi</span> <span class='ocrx_word' id='word_1_152' title='bbox 750 1797 876 1848; x_wconf 63' lang='lat' dir='ltr'>rursus</span> <span class='ocrx_word' id='word_1_153' title='bbox 894 1795 1018 1834; x_wconf 81' lang='lat' dir='ltr'>bellum</span> <span class='ocrx_word' id='word_1_154' title='bbox 1037 1795 1217 1848; x_wconf 80' lang='lat' dir='ltr'>infirrent</span> <span class='ocrx_word' id='word_1_155' title='bbox 1234 1813 1249 1835; x_wconf 90' lang='lat'>.·</span> <span class='ocrx_word' id='word_1_156' title='bbox 1279 1797 1373 1835; x_wconf 81' lang='lat' dir='ltr'><em>nihil</em></span> <span class='ocrx_word' id='word_1_157' title='bbox 1395 1798 1484 1836; x_wconf 81' lang='lat' dir='ltr'>enim</span> <span class='ocrx_word' id='word_1_158' title='bbox 1512 1800 1615 1843; x_wconf 87' lang='lat' dir='ltr'><em>malo,</em></span> 
     </span>
     <span class='ocr_line' id='line_1_19' title="bbox 228 1859 1618 1915; baseline 0 -14"><span class='ocrx_word' id='word_1_159' title='bbox 228 1875 334 1915; x_wconf 79' lang='lat' dir='ltr'><em>quam</em></span> <span class='ocrx_word' id='word_1_160' title='bbox 349 1871 386 1900; x_wconf 87' lang='lat' dir='ltr'>et</span> <span class='ocrx_word' id='word_1_161' title='bbox 403 1875 456 1900; x_wconf 84' lang='lat' dir='ltr'>me</span> <span class='ocrx_word' id='word_1_162' title='bbox 474 1861 542 1900; x_wconf 87' lang='lat' dir='ltr'>mei</span> <span class='ocrx_word' id='word_1_163' title='bbox 549 1862 700 1912; x_wconf 84' lang='lat' dir='ltr'>fimilem</span> <span class='ocrx_word' id='word_1_164' title='bbox 722 1859 794 1913; x_wconf 69' lang='grc' dir='ltr'>ςβὲ,</span> <span class='ocrx_word' id='word_1_165' title='bbox 825 1871 860 1900; x_wconf 87' lang='lat' dir='ltr'>et</span> <span class='ocrx_word' id='word_1_166' title='bbox 886 1862 958 1900; x_wconf 83' lang='lat' dir='ltr'><em>illos</em></span> <span class='ocrx_word' id='word_1_167' title='bbox 963 1862 1041 1914; x_wconf 81' lang='lat' dir='ltr'><em>sui.</em></span> <span class='ocrx_word' id='word_1_168' title='bbox 1089 1859 1144 1900; x_wconf 77' lang='lat' dir='ltr'>Tu</span> <span class='ocrx_word' id='word_1_169' title='bbox 1174 1863 1279 1901; x_wconf 79' lang='lat' dir='ltr'><em>velim</em></span> <span class='ocrx_word' id='word_1_170' title='bbox 1308 1863 1397 1901; x_wconf 83' lang='lat' dir='ltr'><em>mihi</em></span> <span class='ocrx_word' id='word_1_171' title='bbox 1421 1863 1474 1902; x_wconf 86' lang='lat' dir='ltr'>ad</span> <span class='ocrx_word' id='word_1_172' title='bbox 1497 1864 1618 1902; x_wconf 70' lang='lat' dir='ltr'>urbem</span> 
     </span>
     <span class='ocr_line' id='line_1_20' title="bbox 221 1927 1617 1982; baseline 0.001 -16"><span class='ocrx_word' id='word_1_173' title='bbox 221 1927 424 1982; x_wconf 81' lang='lat' dir='ltr'>praestosts‚</span> <span class='ocrx_word' id='word_1_174' title='bbox 455 1937 500 1966; x_wconf 83' lang='lat' dir='ltr'>ut·</span> <span class='ocrx_word' id='word_1_175' title='bbox 516 1929 586 1966; x_wconf 75' lang='lat' dir='ltr'><em>tuis</em></span> <span class='ocrx_word' id='word_1_176' title='bbox 607 1927 751 1979; x_wconf 75' lang='lat' dir='ltr'>cotfiliis</span> <span class='ocrx_word' id='word_1_177' title='bbox 769 1935 877 1980; x_wconf 85' lang='lat' dir='ltr'><em>atque</em></span> <span class='ocrx_word' id='word_1_178' title='bbox 895 1927 1028 1980; x_wconf 85' lang='lat' dir='ltr'><em>opibus,</em></span> <span class='ocrx_word' id='word_1_179' title='bbox 1060 1937 1102 1966; x_wconf 81' lang='lat' dir='ltr'>ut</span> <span class='ocrx_word' id='word_1_180' title='bbox 1119 1929 1292 1982; x_wconf 66' lang='lat' dir='ltr'>corgsuevi,</span> <span class='ocrx_word' id='word_1_181' title='bbox 1323 1930 1360 1967; x_wconf 84' lang='lat' dir='ltr'>in</span> <span class='ocrx_word' id='word_1_182' title='bbox 1383 1929 1539 1969; x_wconf 81' lang='lat' dir='ltr'><em>omnibus</em></span> <span class='ocrx_word' id='word_1_183' title='bbox 1556 1945 1617 1968; x_wconf 87' lang='lat' dir='ltr'>re-</span> 
     </span>
     <span class='ocr_line' id='line_1_21' title="bbox 228 1991 1618 2047; baseline 0.001 -14"><span class='ocrx_word' id='word_1_184' title='bbox 228 1995 292 2033; x_wconf 79' lang='lat' dir='ltr'>bus</span> <span class='ocrx_word' id='word_1_185' title='bbox 318 2004 418 2033; x_wconf 81' lang='lat' dir='ltr'><em>utar.</em></span> <span class='ocrx_word' id='word_1_186' title='bbox 464 1994 654 2033; x_wconf 82' lang='lat' dir='ltr'><em>Dolabella</em></span> <span class='ocrx_word' id='word_1_187' title='bbox 683 2003 745 2032; x_wconf 89' lang='lat' dir='ltr'>tuo</span> <span class='ocrx_word' id='word_1_188' title='bbox 763 1995 858 2032; x_wconf 81' lang='lat' dir='ltr'><em>nihil</em></span> <span class='ocrx_word' id='word_1_189' title='bbox 856 1994 955 2047; x_wconf 81' lang='lat' dir='ltr'><em>fiito</em></span> <span class='ocrx_word' id='word_1_190' title='bbox 971 1994 1062 2032; x_wconf 80' lang='lat' dir='ltr'>mihi</span> <span class='ocrx_word' id='word_1_191' title='bbox 1076 1991 1138 2046; x_wconf 68' lang='lat' dir='ltr'>qffe</span> <span class='ocrx_word' id='word_1_192' title='bbox 1143 1993 1351 2046; x_wconf 80' lang='lat' dir='ltr'><em>jucundius.</em></span> <span class='ocrx_word' id='word_1_193' title='bbox 1396 1997 1508 2034; x_wconf 79' lang='lat' dir='ltr'>Hanc</span> <span class='ocrx_word' id='word_1_194' title='bbox 1535 1995 1618 2035; x_wconf 83' lang='lat' dir='ltr'>adeo</span> 
     </span>
     <span class='ocr_line' id='line_1_22' title="bbox 228 2060 1618 2115; baseline 0.001 -17"><span class='ocrx_word' id='word_1_195' title='bbox 228 2060 357 2099; x_wconf 85' lang='lat' dir='ltr'><em>habebo</em></span> <span class='ocrx_word' id='word_1_196' title='bbox 381 2060 546 2113; x_wconf 85' lang='lat' dir='ltr'>gratiam</span> <span class='ocrx_word' id='word_1_197' title='bbox 573 2060 628 2099; x_wconf 83' lang='lat' dir='ltr'><em>illi</em></span> <span class='ocrx_word' id='word_1_198' title='bbox 640 2077 654 2099; x_wconf 91' lang='lat'>.·</span> <span class='ocrx_word' id='word_1_199' title='bbox 683 2074 793 2113; x_wconf 84' lang='lat' dir='ltr'>neque</span> <span class='ocrx_word' id='word_1_200' title='bbox 820 2060 909 2099; x_wconf 78' lang='lat' dir='ltr'>enim</span> <span class='ocrx_word' id='word_1_201' title='bbox 936 2061 1045 2099; x_wconf 81' lang='lat' dir='ltr'>aliter</span> <span class='ocrx_word' id='word_1_202' title='bbox 1058 2061 1191 2113; x_wconf 84' lang='lat' dir='ltr'>facere</span> <span class='ocrx_word' id='word_1_203' title='bbox 1210 2062 1349 2115; x_wconf 78' lang='lat' dir='ltr'>poterit</span> <span class='ocrx_word' id='word_1_204' title='bbox 1365 2077 1379 2101; x_wconf 74' lang='lat'>.-</span> <span class='ocrx_word' id='word_1_205' title='bbox 1410 2071 1518 2101; x_wconf 82' lang='lat' dir='ltr'><em>tanta</em></span> <span class='ocrx_word' id='word_1_206' title='bbox 1546 2062 1618 2115; x_wconf 70' lang='lat' dir='ltr'>ejus</span> 
     </span>
     <span class='ocr_line' id='line_1_23' title="bbox 227 2125 1186 2180; baseline 0.003 -17"><span class='ocrx_word' id='word_1_207' title='bbox 227 2126 446 2172; x_wconf 80' lang='lat' dir='ltr'><em>humanitas,</em></span> <span class='ocrx_word' id='word_1_208' title='bbox 476 2126 506 2164; x_wconf 84' lang='lat' dir='ltr'>is</span> <span class='ocrx_word' id='word_1_209' title='bbox 509 2127 648 2180; x_wconf 58' lang='lat' dir='ltr'>frasta,</span> <span class='ocrx_word' id='word_1_210' title='bbox 679 2140 723 2166; x_wconf 82' lang='lat' dir='ltr'>ea</span> <span class='ocrx_word' id='word_1_211' title='bbox 739 2127 776 2166; x_wconf 83' lang='lat' dir='ltr'>in</span> <span class='ocrx_word' id='word_1_212' title='bbox 795 2140 848 2165; x_wconf 83' lang='lat' dir='ltr'>me</span> <span class='ocrx_word' id='word_1_213' title='bbox 869 2125 914 2180; x_wconf 70' lang='lat' dir='ltr'>est</span> <span class='ocrx_word' id='word_1_214' title='bbox 931 2126 1186 2166; x_wconf 82' lang='lat' dir='ltr'>benevolentia.</span> 
     </span>
    </p>
   </div>
  </div>
 </body>
</html>
