2243 3008
549 304 628 343 402
897 287 1589 330 EP1sT0LARuM

549 388 733 435 attulisse,
750 387 853 428 mihi
874 388 1018 427 Paulus
1040 387 1148 426 dedit
1166 387 1215 425 ad
1235 386 1272 425 se
1290 400 1312 425 a
1331 385 1449 426 fratre
1468 387 1595 426 miffas
1605 406 1617 434 ;
1640 387 1786 442 quibus
1807 387 1847 427 in
1869 401 1940 427 ex-

551 456 688 494 tremis
717 465 812 500 erat,
843 455 915 493 fibi
947 454 1101 493 infidias
1132 453 1217 491 fieri
1233 471 1246 498 3
1278 452 1315 491 se
1335 453 1376 491 id
1395 454 1512 492 certis
1532 455 1755 493 auditoribus
1776 468 1940 508 compe-

553 520 664 559 riffe:
697 520 774 559 hoc
806 534 878 558 nec
910 519 1013 558 mihi
1045 517 1238 571 placebat,
1268 526 1307 555 et
1336 518 1467 556 multo
1495 518 1558 557 illi
1583 519 1730 558 minus.
1778 520 1942 572 Reginae

551 584 646 638 fuga
666 585 767 624 mihi
790 599 867 623 non
890 584 1076 623 molesta:
1109 583 1172 621 sed
1194 582 1337 620 Clodia
1357 583 1454 635 quid
1473 584 1611 636 egerit,
1643 584 1784 623 scribas
1805 585 1852 623 ad
1879 598 1942 623 me

551 651 688 689 velim.
722 652 784 689 De
805 650 1007 701 Byzantiis
1029 648 1198 693 curabis,
1231 656 1275 686 ut
1295 657 1454 693 caetera;
1486 657 1525 685 et
1547 648 1734 701 Pelopem
1755 649 1801 686 ad
1823 659 1860 688 te
1880 663 1940 687 ar-

553 715 682 753 ceffes.
717 716 820 766 Ego,
844 724 887 752 ut
907 713 1092 767 postulas,
1119 712 1261 751 Baiana
1280 713 1452 765 negotia,
1474 711 1722 765 chorumque
1742 713 1874 759 illurn,
1897 714 1944 752 de

552 794 633 832 quo
654 780 748 818 scire
769 781 842 826 vis,
868 793 961 818 cum
983 779 1226 832 perspexero,
1249 787 1336 816 tum
1358 778 1522 816 scribam
1541 797 1553 824 3
1586 790 1634 816 ne
1654 777 1752 830 quid
1772 779 1943 830 ignores.

554 843 666 896 Qid
698 843 822 889 Galli,
854 844 951 896 quid
973 843 1158 896 Hispani,
1189 841 1287 895 quid
1308 843 1447 881 Sextus
1467 851 1570 895 agat,
1601 840 1854 881 vehementer
1873 856 1943 882 ex-

554 912 693 962 pecto:
726 922 770 946 ea
795 909 945 947 scilicet
973 918 1015 946 tu
1043 907 1272 953 declarabis,
1304 907 1374 960 qui
1405 916 1555 947 caetera.
1601 907 1840 946 Nauseolam
1869 909 1946 947 tibi

553 984 640 1012 tum
662 974 816 1012 causam
835 974 908 1012 otii
937 973 1080 1012 dediffe
1110 972 1227 1011 facile
1258 973 1459 1026 patiebar:
1490 972 1672 1011 videbare
1703 973 1811 1011 enim
1842 972 1944 1012 mihi

553 1041 700 1093 legenti
734 1049 818 1078 tuas
850 1041 981 1078 literas
1013 1039 1200 1093 requiesse
1231 1039 1439 1092 paulisper.
1486 1040 1549 1078 De
1576 1041 1700 1078 Bruto
1728 1039 1879 1092 semper
1897 1040 1945 1077 ad

551 1119 618 1144 me
649 1105 783 1143 onmia
813 1105 1060 1157 perscribito,
1091 1104 1163 1143 ubi
1196 1104 1258 1150 fit,
1287 1104 1386 1158 quid
1417 1105 1594 1157 cogitet;
1626 1117 1746 1156 quem
1781 1104 1945 1157 quidem

551 1185 626 1224 ego
660 1171 769 1224 spero
797 1173 882 1225 jam
917 1181 1006 1211 tuto
1036 1171 1097 1211 vel
1129 1171 1258 1210 solum
1292 1180 1376 1210 tota
1404 1171 1502 1210 urbe
1532 1172 1662 1225 vagari
1696 1171 1814 1225 posse.
1861 1171 1943 1210 Ve-

552 1246 776 1278 runtamen.

887 1438 1133 1476 Crcnno
1173 1438 1430 1477 A‘r'r1co
1472 1437 1604 1476 SAL.

553 1566 628 1605 IX.
652 1565 781 1639 DE
812 1565 1016 1618 republica
1041 1565 1169 1604 multa
1193 1565 1363 1618 cognovi
1390 1579 1438 1604 ex
1465 1565 1543 1603 tuis
1564 1564 1705 1611 literis,
1735 1578 1830 1618 quas
1852 1567 1945 1620 qui-

762 1631 854 1670 dem
877 1631 1110 1685 multijuges
1131 1632 1266 1684 accepi
1288 1645 1367 1670 uno
1389 1641 1566 1684 ternpore
1585 1645 1606 1669 a
1626 1631 1795 1670 Vestorii
1821 1632 1946 1671 liber-

552 1707 608 1737 t0.
654 1698 720 1737 Ad
749 1711 794 1737 ea
823 1706 956 1736 autem
982 1712 1069 1751 quae
1101 1698 1284 1751 requiris,
1317 1697 1425 1736 brevi
1460 1696 1716 1750 respondebo.
1763 1698 1947 1737 Primum

551 1763 806 1802 vehementer
826 1777 890 1802 me
911 1764 1105 1802 Cluviana
1124 1763 1332 1802 delectant.
1377 1763 1450 1802 Sed
1471 1763 1577 1816 quod
1598 1763 1739 1816 quaeris
1759 1763 1856 1816 quid
1883 1777 1946 1802 ar-

541 1829 744 1868 <ecflictim
765 1829 1056 1883 Chryfippum;
1079 1829 1248 1868 taberna-2·
1268 1829 1372 1869 mihi
1391 1829 1477 1869 duae
1498 1839 1744 1874 corruerunt,
1763 1830 1946 1883 reliquae-

553 1909 631 1948 que
651 1896 768 1934 rimas
787 1905 930 1948 agunt:
955 1896 1087 1948 itaque
1109 1909 1186 1934 non
1208 1897 1336 1935 solum
1357 1896 1562 1949 inquilini,
1581 1895 1642 1934 sed
1665 1908 1793 1934 mures
1810 1896 1945 1941 etiam,

554 1960 836 2012 migraverunt.
869 1960 987 1998 Hanc
1008 1961 1136 1999 caeteri
1158 1961 1423 1999 calamitatem
1439 1971 1603 2005 vocant;
1626 1974 1700 2013 ego
1722 1974 1768 1999 ne
1790 1961 1947 2000 incom-

556 2025 720 2064 modum
742 2024 921 2078 quidem.
954 2027 991 2064 O
1010 2027 1199 2071 Socrates,
1221 2036 1259 2064 et
1281 2026 1468 2064 Socratici
1490 2026 1584 2063 viri!
1610 2040 1812 2079 nunquam
1834 2028 1947 2066 vobis·

556 2091 721 2143 gratiam
742 2089 921 2129 referam.
964 2091 1034 2129 Dii
1055 2091 1312 2136 immortales,
1344 2104 1463 2144 quam
1486 2089 1586 2128 mihi
1610 2091 1676 2128 ista
1697 2105 1767 2144 pro
1790 2091 1916 2130 nihilo
1936 2092 1945 2130 !

557 2156 630 2194 Sed
664 2165 794 2195 tamen
829 2170 873 2194 ea
905 2156 1004 2195 ratio
1038 2155 1256 2195 aedificandi
1292 2157 1429 2201 initur,
1460 2156 1680 2195 consiliario
1713 2158 1874 2208 quidem
1909 2168 1948 2197 ct

556 2224 711 2261 auditore
731 2221 925 2268 Vestorio,
957 2231 1001 2261 ut
1021 2221 1097 2261 hoc
1119 2222 1307 2262 damnum
1330 2222 1589 2276 quaessuosum
1618 2223 1676 2261 sit.
1723 2223 1804 2261 llic
1834 2225 1947 2263 turba

557 2301 700 2340 magna
717 2286 785 2332 est,
807 2288 975 2340 eritque,
998 2297 1042 2326 ut
1063 2287 1193 2334 audio,
1225 2289 1362 2340 major.
1397 2289 1490 2326 Duo
1510 2287 1672 2340 quidem
1694 2289 1797 2340 quasi
1818 2289 1945 2342 desig-

559 2355 639 2392 nati
661 2352 868 2391 Consules.
902 2354 939 2391 O
963 2353 1032 2391 Dii
1054 2353 1147 2392 boni
1168 2354 1175 2392 !
1209 2355 1305 2393 vivit
1327 2354 1515 2405 tyranniS,
1538 2355 1748 2405 Tyrannus
1769 2355 1945 2394 occidit!

557 2421 641 2472 ejus
662 2417 856 2457 interfcfii
879 2428 1005 2456 morte
1027 2419 1218 2465 laetamur,
1249 2421 1361 2472 cujus
1386 2419 1482 2458 saeta
1502 2419 1751 2458 defendimus
1771 2420 1779 2458 l
1814 2422 1950 2474 Itaque

556 2498 674 2537 quam
698 2484 821 2523 severe
843 2497 912 2522 nos
936 2485 997 2523 M.
1023 2486 1185 2523 Curtius
1207 2486 1383 2531 πρωί-,ιη
1408 2496 1450 2524 ut
1473 2485 1614 2538 pudeat
1634 2486 1786 2524 vivere:
1821 2500 1948 2539 neque

558 2551 726 2604 injuria:
761 2564 850 2589 nam
874 2551 973 2589 mori
996 2551 1140 2590 millies
1163 2552 1354 2605 praessitit,
1377 2565 1497 2606 quam
1518 2551 1598 2591 haec
1620 2553 1716 2606 pati,
1737 2566 1824 2606 qua*
1845 2553 1947 2592 mihi
