2243 3008
542 245 622 295 284
887 240 1574 283 EPISTOLARUM

540 341 798 387 occultabor3
829 350 942 380 caute
961 341 1056 380 hinc
1077 341 1157 380 istis
1177 339 1414 379 invitiffimis
1434 340 1612 385 evolabo,
1634 348 1749 392 atque
1770 337 1923 376 utinam

541 408 588 445 ad
611 409 843 453 Curionem,
873 405 928 442 <rim
947 403 1028 455 θεῷ.
1063 405 1116 442 To>
1135 405 1242 453 λέγω.
1288 407 1461 458 Magnus
1493 406 1606 445 dolor
1633 405 1799 444 acceffit.
1845 403 1921 442 Ef-

545 473 700 511 ficietur
719 472 869 526 aliquid
890 472 1057 524 dignum
1079 471 1207 509 nobis.
1241 467 1396 516 Aunef'a
1415 480 1481 509 tua
1500 471 1602 510 mihi
1621 471 1732 510 valde
1747 469 1920 509 molesta.

546 539 710 578 Medere
740 539 893 583 amabo,
925 537 1020 575 dum
1051 536 1104 585 est
1134 532 1232 585 ὶξχη
1277 536 1339 573 De
1369 535 1669 575 Maffilienfibus
1701 545 1817 589 gratae
1849 544 1925 573 tuae

544 604 647 643 mihi
668 605 811 643 literae:
835 602 963 655 qu-aeso
983 611 1027 640 ut
1048 600 1166 638 sciam
1181 599 1377 653 quidquid
1397 600 1579 640 audieris.
1611 602 1786 640 Siciliam
1802 613 1924 653 cupe-

546 684 644 715 rem,
676 670 700 708 si
734 669 877 722 possem
908 667 1064 720 palam;
1096 665 1204 719 quod
1233 678 1254 703 a
1285 665 1459 704 Curione
1487 665 1706 705 effeceram.
1750 667 1833 705 Hic
1853 680 1926 719 ego

546 737 722 773 Servium
743 734 905 786 expec‘to
923 747 932 769 ε
965 744 1081 783 rogor
1109 731 1217 768 enim
1246 730 1294 768 ab
1323 731 1406 783 ejus
1427 743 1549 769 uxore
1568 740 1607 768 et
1627 730 1738 769 filio:
1769 741 1809 769 et
1829 740 1927 784 puto

545 814 644 853 opus
665 800 750 838 effe.
792 799 873 836 Hic
895 807 1023 836 tamen
1047 796 1304 848 Cytheridem
1325 796 1456 835 secum
1477 797 1615 835 lectica
1632 806 1763 849 aperta
1782 806 1925 849 portat,

545 868 664 904 altera
684 878 874 903 uxorem:
908 863 1054 916 septem
1084 872 1265 916 praeterea
1293 863 1512 914 conjunctae
1539 862 1685 901 lecticae
1712 863 1927 902 amicarum

547 933 649 976 sunt,
681 944 727 968 an
749 930 967 968 amicorum
987 929 999 965 ?
1033 928 1134 966 Vide
1154 941 1272 980 quam
1295 929 1399 981 turpi
1422 928 1502 966 leto
1522 941 1723 980 pereamus
1743 943 1752 966 ε
1784 938 1823 966 et
1849 928 1925 967 du·-

547 999 642 1042 bita,
674 996 699 1034 fi
721 1005 847 1049 potes,
879 995 975 1048 quin
998 993 1080 1038 ille,
1113 993 1174 1031 seu
1197 995 1321 1032 victus
1352 994 1413 1032 seu
1435 995 1558 1032 victor
1579 993 1750 1039 redierit,
1781 994 1928 1033 caedem

545 1063 717 1102 facturus
739 1062 797 1100 fit.
831 1062 920 1113 Ego
939 1074 1030 1098 vero
1050 1060 1111 1098 vel
1133 1060 1352 1105 lintriculo‚
1374 1060 1400 1098 fi
1422 1060 1528 1098 navis
1551 1073 1628 1098 non
1649 1061 1738 1105 erit,
1764 1061 1928 1113 eripiam

546 1142 677 1184 me'ex
698 1127 860 1165 istorum
882 1125 1105 1178 parricidio.
1141 1125 1213 1163 Sed
1234 1126 1346 1178 plura
1365 1125 1547 1170 scribam,
1578 1139 1671 1163 cum
1691 1125 1808 1164 illum
1829 1139 1926 1164 con-

545 1206 700 1233 vener0.
745 1193 940 1244 Juvenem
971 1190 1146 1229 nostrum
1175 1204 1253 1228 non
1275 1190 1426 1243 pofl‘um
1447 1203 1526 1228 non
1547 1203 1700 1228 amare:
1733 1190 1796 1228 sed
1815 1191 1863 1228 ab
1883 1204 1930 1229 eo

546 1273 617 1299 nos
638 1272 718 1298 non
738 1258 857 1296 amari
878 1257 992 1310 plane
1012 1257 1208 1308 intelligo.
1256 1255 1375 1294 Nihil
1400 1269 1474 1308 ego
1493 1255 1574 1294 vidi
1595 1264 1675 1293 tam
1702 1254 1926 1300 ἀνηθπείητον,

545 1337 626 1365 tam
647 1324 821 1363 aversum
841 1337 863 1362 a
883 1323 974 1368 suis,
1004 1333 1083 1361 tam
1105 1322 1234 1361 nescio
1253 1321 1350 1374 quid
1369 1323 1561 1375 cogitans.
1594 1322 1690 1359 Vim
1711 1321 1926 1359 incredibi-

546 1394 625 1431 lem
646 1388 937 1429 molestiarum!
972 1388 1044 1426 Sed
1072 1389 1147 1426 erit
1173 1401 1288 1433 curae,
1320 1397 1358 1425 et
1389 1387 1458 1433 est,
1489 1397 1533 1426 ut
1565 1397 1746 1440 regatur:
1779 1387 1926 1426 mirum

545 1456 599 1495 est
618 1456 724 1494 enim
746 1455 953 1507 ingenium
970 1468 980 1492 :
1012 1449 1096 1495 ἧᾶες
1114 1451 1326 1501 imparati-tior.

880 1657 1122 1695 Cxcnno
1163 1654 1418 1693 Αττιςο
1459 1655 1590 1693 SAL.

548 1788 621 1827 xl.
647 1784 1080 1858 OBSIGNATA
1104 1784 1187 1835 jam
1213 1782 1601 1835 epistolasuperiore,
1624 1794 1701 1818 non
1724 1781 1872 1833 placuit
1892 1783 1928 1820 ei

750 1852 847 1896 dari,
877 1851 943 1889 cui
969 1848 1260 1893 constitueram,
1292 1847 1399 1901 quod
1424 1857 1502 1886 erat
1522 1847 1698 1885 alienus:
1731 1847 1862 1900 itaque
1882 1861 1930 1886 eo

546 1919 609 1956 die
629 1917 716 1955 data
736 1929 814 1955 non
834 1916 902 1954 est.
949 1915 1114 1953 Interim
1133 1914 1240 1952 venit
1269 1913 1526 1957 Philotimus,
1557 1921 1597 1950 et
1617 1911 1716 1950 mihi
1737 1925 1758 1949 a
1779 1922 1815 1950 te
1837 1913 1928 1951 lite-

548 1997 605 2022 ras
628 1982 824 2026 reddidit3
856 1980 1001 2034 quibus
1032 1992 1118 2032 quae
1148 1979 1194 2016 de
1215 1977 1332 2017 fratre
1352 1992 1442 2017 meo
1462 1977 1613 2022 scribis,
1645 1977 1735 2015 sunt
1763 1991 1805 2015 ea
1836 1979 1928 2029 qui-

547 2050 638 2088 dem
659 2061 795 2101 parum
816 2046 942 2089 firma,
974 2045 1037 2083 sed
1063 2043 1208 2082 habent
1236 2043 1338 2082 nihil
1365 2043 1499 2088 ὕηλον,
1531 2042 1633 2081 nihil
1661 2042 1795 2089 fallax,
1828 2043 1930 2082 nihil

550 2129 627 2153 non
650 2113 824 2153 flexibile
843 2112 890 2150 ad
910 2111 1144 2154 bonitatem,
1176 2108 1277 2148 nihil
1299 2109 1405 2162 quod
1428 2122 1504 2147 non
1526 2122 1607 2161 quo
1626 2109 1721 2147 velis
1743 2123 1823 2148 uno
1852 2109 1928 2147 ser-

548 2194 665 2219 mone
686 2179 800 2232 poffis
820 2177 1056 2231 perducere:
1089 2188 1137 2213 ne
1158 2175 1310 2220 multa;
1341 2187 1477 2213 omnes
1503 2174 1604 2218 suos,
1635 2176 1754 2212 etiam
1783 2175 1928 2226 quibus

549 2247 724 2284 irascitur
743 2244 933 2288 crebrius,
965 2252 1095 2281 tamen
1124 2253 1230 2279 caros
1264 2240 1396 2285 habet,
1429 2254 1491 2278 me
1520 2239 1682 2292 quidem
1705 2240 1739 2277 sc
1761 2240 1843 2293 ipso
1863 2254 1928 2278 ca-

549 2312 704 2350 riorem.
750 2307 870 2366 Qod
899 2309 959 2352 de,
976 2296 1097 2361 puero
1119 2307 1231 2345 aliter
1251 2306 1296 2344 ad
1319 2316 1356 2344 te
1379 2305 1540 2358 scripsit,
1571 2315 1610 2343 et
1630 2305 1674 2343 ad
1696 2315 1861 2344 matrem
1882 2306 1930 2344 de

549 2378 646 2422 filio,
681 2390 756 2414 non
790 2374 1043 2428 reprehendo,
1091 2373 1153 2411 De
1185 2373 1322 2411 itinere
1355 2382 1393 2410 ct
1428 2372 1475 2409 de
1506 2372 1630 2409 sorore
1660 2385 1745 2424 qua:
1777 2371 1929 2416 scribis.

548 2442 706 2481 molesta
729 2441 829 2483 sunt.
860 2454 983 2493 eoque
1013 2439 1152 2490 magiS,
1185 2438 1290 2490 quod
1321 2452 1363 2476 ea
1393 2447 1569 2489 tempora
1599 2437 1724 2475 nostra
1752 2437 1855 2481 sunt,
1886 2446 1930 2475 ut

547 2522 620 2563 ego
641 2508 701 2547 his
724 2507 869 2546 mederi
896 2519 974 2544 non
1004 2505 1168 2557 posiim;
1204 2519 1291 2542 nam
1323 2514 1426 2542 certe
1458 2503 1657 2542 mederer:
1692 2502 1753 2540 sed
1783 2503 1930 2555 quibus
