2243 3008
526 193 602 233 272
874 177 1627 223 EPISTOLARUM‘·

524 291 562 320 et
583 280 742 319 confilio
764 281 1010 334 relinquendi
1031 282 1200 321 Italiam.
1237 283 1290 321 Et
1310 282 1393 321 haec
1414 284 1493 336 ipsa
1513 285 1678 323 timide:
1712 285 1775 324 sed
1795 286 1904 324 nulla

524 346 649 384 nostra
668 346 784 399 culpa
803 346 882 391 est;
916 357 1050 385 natura
1080 348 1290 385 metuenda
1319 347 1385 386 est.
1432 350 1531 388 Haec
1557 351 1788 396 Curionem,
1819 351 1902 390 haec

523 412 724 450 Hortensii
746 411 889 456 filiurn,
921 426 998 450 non
1019 422 1175 464 patrum
1196 413 1325 465 culpa,
1356 416 1546 467 corrupit.
1589 417 1699 467 jacet
1731 417 1770 454 in
1799 431 1900 456 moe-

523 492 608 516 rore
628 491 736 516 meus
758 477 889 523 frater,
921 492 1046 530 neque
1079 488 1157 516 tam
1190 478 1237 515 de
1269 478 1332 516 sua
1356 480 1448 524 vita,
1479 492 1596 532 quam
1618 482 1664 520 de
1686 497 1785 527 mea,
1815 497 1899 521 me-

523 544 613 581 tuit.
648 544 757 581 Huic
779 552 836 587 tu,
858 542 952 581 huic
974 553 1016 580 tu
1038 543 1141 580 malo
1162 541 1255 580 affer
1274 542 1572 590 consolationes,
1594 546 1620 584 fi
1643 547 1740 585 ullas
1759 557 1870 600 potes
1889 563 1898 585 ε

523 609 694 647 maxime
714 607 876 662 quidem
897 608 1006 646 illam
1027 608 1161 652 velim,
1193 620 1248 652 ea,
1279 621 1364 659 quae
1391 608 1437 646 ad
1464 622 1534 647 nos
1561 609 1688 648 delata
1716 612 1804 657 sint,
1835 622 1902 651 aut

521 673 614 712 falsa
632 674 718 719 effe,
749 683 815 711 aut
835 674 1013 711 minora:
1045 686 1130 725 quae
1152 673 1178 710 sl
1199 686 1286 710 vera
1310 673 1411 718 fint;
1443 674 1539 725 quid
1570 673 1750 713 futurum
1783 677 1829 715 fit
1859 678 1901 715 in

520 739 593 778 hac
614 741 692 778 vita
720 749 758 777 et
787 738 894 791 fuga,
927 738 1069 776 nescio.
1116 739 1222 777 Nam
1253 738 1280 776 si
1312 737 1543 777 haberemus
1576 741 1898 793 Rempublicm,

520 806 727 845 confilium
748 803 849 842 mihi
870 818 949 842 non
969 803 1108 841 deeffet
1129 817 1199 841 nec
1220 804 1267 841 ad
1299 804 1554 850 severitatem,
1586 819 1658 844 nec
1689 807 1736 844 ad
1765 807 1900 845 indul-

521 872 709 924 gentiam.
742 871 854 914 Haec,
886 870 961 908 sive
981 869 1195 914 iracundia,
1226 869 1301 907 five
1321 869 1470 915 dolore,
1501 871 1575 909 five
1596 881 1720 916 metu,
1742 885 1900 924 permo-

522 947 599 983 tus,
631 937 784 989 gravius
806 935 951 988 scripfi,
981 949 1100 987 quam
1121 943 1187 973 aut
1208 944 1298 974 tuus
1319 936 1360 974 in
1382 936 1499 976 illum
1523 950 1645 982 amor,
1677 948 1743 976 aut
1774 953 1900 985 meus,

518 1003 751 1057 postulabat.
789 1002 828 1039 Si
848 1015 935 1040 vera
954 1001 1058 1046 sunt,
1089 1001 1264 1053 ignosces
1281 1020 1292 1046 ς
1324 1003 1351 1040 fi
1372 1001 1479 1048 falsa,
1510 1017 1573 1042 me
1593 1003 1742 1042 libente
1761 1005 1901 1058 eripies

518 1068 620 1107 mihi
640 1067 748 1106 hunc
774 1080 972 1105 errorem:
1004 1079 1166 1119 quoquo
1192 1066 1312 1106 modo
1341 1081 1431 1106 vero
1460 1068 1497 1106 se
1525 1082 1584 1107 res
1612 1068 1768 1115 habeat,
1799 1069 1902 1109 nihil

517 1133 721 1187 aflignabis
742 1147 813 1171 nec
834 1142 987 1186 patruo,
1018 1146 1090 1170 nec
1109 1133 1224 1186 patri.

574 1201 680 1238 Cum
701 1198 784 1237 haec
804 1198 1045 1251 scripfiffem‚
1076 1211 1097 1235 a
1126 1198 1300 1237 Curione
1326 1198 1428 1237 mihi
1455 1201 1683 1239 nuntiatum
1709 1200 1776 1245 est,
1808 1214 1900 1240 eum

517 1265 564 1304 ad
596 1279 659 1304 me
690 1265 847 1302 venire:
879 1273 1036 1302 venerat
1066 1264 1173 1302 enim
1200 1264 1232 1303 is
1265 1265 1305 1303 in
1334 1266 1560 1303 Cumanum
1581 1266 1726 1319 vesperi
1758 1267 1898 1318 pridie,

517 1331 559 1370 id
578 1332 646 1377 est,
678 1331 830 1370 Idibus.
875 1330 916 1367 Si
946 1330 1043 1382 quid
1073 1331 1157 1382 ejus
1189 1330 1312 1382 igitur
1343 1330 1468 1370 sermo
1496 1331 1688 1384 ejusmodi
1707 1333 1898 1378 attulerit,

517 1398 623 1451 quod
643 1397 690 1436 ad
711 1405 748 1435 te
768 1396 1018 1435 scribendum
1038 1396 1112 1441 fit;
1144 1395 1184 1434 id
1215 1397 1256 1435 in
1284 1397 1408 1435 literis
1436 1397 1662 1450 adjungam.
1709 1399 1901 1437 Praeteriit

516 1464 653 1502 villam
672 1475 800 1501 meam
822 1461 1159 1514 Curi0,juffitque
1178 1461 1281 1500 mihi
1303 1463 1474 1500 nuntiari
1495 1476 1588 1501 mox
1610 1463 1646 1500 se
1664 1472 1898 1510 venturum;

516 1529 793 1580 concurritque
815 1527 1014 1582 Puteolos,
1046 1536 1090 1565 ut
1110 1527 1166 1565 ibi
1187 1527 1499 1566 concionaretur.
1541 1528 1810 1566 Concionatus
1831 1529 1899 1575 est,

515 1595 645 1640 rediit,
677 1593 754 1632 fuit
774 1593 820 1631 ad
841 1607 904 1631 me
924 1593 1010 1631 sane
1030 1592 1112 1631 diu.
1161 1593 1198 1630 Ο
1219 1606 1301 1631 rem
1325 1592 1474 1631 foedam
1493 1593 1500 1630 !
1534 1593 1634 1631 nosti
1661 1592 1867 1633 hominem
1887 1610 1897 1633 z

514 1661 617 1700 nihil
638 1660 879 1704 occultavit;
910 1660 951 1697 in
972 1659 1110 1712 primis
1132 1658 1234 1697 nihil
1254 1659 1326 1698 effe
1345 1660 1505 1705 certius,
1537 1673 1655 1712 quam
1677 1670 1721 1698 ut
1744 1674 1896 1705 omnes,

514 1728 584 1780 qui
617 1727 703 1780 lege
736 1725 923 1778 Pompeia
956 1724 1207 1764 condemnati
1240 1725 1373 1771 effent,
1409 1725 1728 1770 restituerentur;
1766 1727 1898 1779 itaque

515 1793 551 1831 se
572 1793 611 1830 in
634 1792 766 1830 Sicilia
784 1805 920 1830 eorum
941 1805 1057 1844 opera
1083 1790 1258 1829 usurum.
1305 1792 1368 1829 De
1394 1790 1597 1843 Hispaniis
1628 1804 1706 1829 non
1736 1791 1896 1829 dubita-

515 1859 594 1904 bat,
617 1858 713 1911 quin
735 1856 894 1896 Caesaris
914 1856 1032 1895 effent
1051 1871 1059 1894 :
1083 1855 1174 1894 inde
1195 1855 1323 1909 ipsum
1344 1869 1436 1894 cum
1456 1856 1646 1901 exercitu,
1668 1855 1897 1909 ubicunque

514 1924 725 1976 Pompeius
746 1922 836 1961 effet
854 1937 863 1960 :
887 1923 969 1974 ejus
990 1922 1154 1960 interitu
1175 1921 1295 1960 finem
1318 1922 1411 1960 belli
1433 1921 1515 1961 fore
1533 1937 1542 1960 :
1565 1922 1727 1974 propius
1747 1921 1896 1961 factum

512 1989 585 2028 effe
607 1988 707 2027 nihil
727 2003 735 2027 :
767 2002 858 2026 eum
879 1988 992 2040 plane
1013 1987 1212 2026 iracundia
1231 1988 1378 2026 elatum
1400 1987 1559 2026 voluiffe
1585 1987 1714 2025 occidi
1746 1988 1896 2027 Metel-

511 2055 598 2094 lum
619 2054 850 2094 Tribunum
880 2053 1005 2106 plebis
1023 2072 1034 2098 ;
1067 2052 1173 2106 quod
1198 2052 1224 2091 si
1244 2053 1335 2091 ess‘et
1355 2052 1517 2097 factum,
1549 2053 1693 2092 caedem
1715 2067 1896 2106 magnam

513 2121 688 2159 futuram
706 2119 843 2159 fuiffe:
875 2119 1092 2173 permultos
1114 2118 1329 2157 hortatores
1350 2119 1421 2157 ess‘e
1441 2119 1581 2163 caedis;
1615 2118 1742 2170 ipsum
1764 2130 1895 2158 autem

513 2201 591 2225 non
612 2186 827 2230 voluntate,
858 2193 924 2224 aut
946 2195 1093 2230 natura,
1126 2198 1203 2223 non
1235 2184 1307 2223 effe
1338 2185 1553 2229 crudelem,
1585 2184 1647 2222 sed
1680 2185 1785 2237 quod
1819 2200 1893 2238 pu-

513 2263 609 2292 taret
630 2253 858 2305 popularem
877 2251 949 2290 effe
969 2252 1244 2290 clementiam:
1268 2251 1375 2305 quod
1396 2252 1420 2289 s1
1443 2251 1579 2304 populi
1601 2251 1772 2289 studium
1794 2253 1893 2290 ami-

513 2319 623 2363 slsset,
654 2318 854 2357 crudelem
874 2317 985 2363 fore;
1018 2331 1188 2371 eumque
1211 2317 1496 2370 perturbatum,
1528 2317 1634 2369 quod
1657 2317 1895 2370 intelligeret

514 2385 547 2423 se
567 2384 670 2437 apud
691 2383 811 2437 ipsam
835 2384 991 2438 plebem
1010 2383 1211 2423 offendisse
1231 2383 1278 2422 de
1297 2384 1429 2422 aerario
1447 2399 1455 2421 :
1489 2384 1618 2435 itaque
1639 2383 1673 2420 ei
1695 2395 1786 2422 cum
1808 2398 1893 2422 cer-

512 2451 702 2491 tissimum
721 2448 852 2490 fuiffet
880 2459 968 2489 ante
988 2462 1107 2504 quam
1136 2450 1443 2503 proficisceretur
1474 2449 1707 2488 concionem
1737 2448 1893 2494 habere.
