2243 3008
532 276 608 314 266
876 273 1562 314 EPISTOLARUM

534 373 674 411 tislime
695 373 816 412 fiant?
840 374 942 412 Cave
963 382 1093 411 autem
1114 381 1241 425 putes,
1260 385 1499 425 quemquam
1515 370 1721 410 hominem
1741 371 1782 410 in
1804 371 1918 410 Italia

535 449 690 492 turpem
709 438 795 483 effe,
827 440 896 491 qui
916 437 1012 476 hinc
1032 437 1142 476 absit.
1175 437 1269 474 Vidi
1294 437 1374 489 ipse
1395 437 1566 476 Formiis
1587 437 1784 476 universos
1803 452 1812 475 :
1845 450 1915 475 ne-

533 518 610 557 que
630 503 854 543 mehercule
874 516 1050 556 unquam
1071 502 1251 540 homines
1271 502 1431 555 putavi;
1454 512 1493 540 et
1513 516 1648 542 noram
1668 515 1804 542 omnes
1819 522 1831 549 ς
1854 501 1918 541 sed

533 583 738 622 nunquam
759 583 839 608 uno
859 570 948 607 loco
968 568 1154 607 videram.
1200 567 1413 619 Pergamus
1444 567 1567 619 igitur
1595 582 1676 621 quo
1706 569 1851 622 placet,
1880 576 1920 606 et

535 634 662 672 nostra
680 635 813 673 omnia
834 634 1115 686 relinquamus.
1161 630 1460 670 proficiscamur
1478 631 1526 669 ad
1544 645 1652 678 eum,
1682 633 1748 671 cui
1774 633 1920 686 gratior

536 698 662 737 noster
680 698 867 737 adventus
888 699 976 743 erit,
993 711 1112 750 quam
1132 697 1158 735 fi
1179 709 1256 735 una
1274 695 1493 735 fuissemus.
1515 697 1626 734 Tum
1641 698 1750 736 enim
1768 711 1921 736 eramus

536 765 578 802 in
598 765 771 803 maxima
790 764 880 817 spe:
913 777 1035 809 nunc,
1065 776 1138 815 ego
1157 762 1334 816 quidem,
1365 763 1406 800 in
1427 762 1537 800 nulla
1550 781 1561 807 ;
1585 775 1671 808 nec,
1702 772 1840 815 praeter
1860 777 1924 802 me

537 831 744 882 quisquam
774 831 888 869 Italia
915 829 1037 875 ceflit,
1068 829 1139 867 nisi
1173 828 1243 880 qui
1272 827 1380 866 hunc
1410 829 1622 867 inimicum
1653 828 1724 867 fibi
1752 838 1922 882 putaret.

538 896 626 933 Nec
657 894 882 933 mehercule
912 893 990 932 hoc
1021 893 1125 932 facio
1155 893 1404 946 Reipublicae
1434 893 1559 939 causa,
1589 907 1710 947 quam
1741 892 1924 933 funditus

539 960 706 998 deletam
726 970 849 1013 puto:
882 960 945 998 sed
965 973 1013 998 ne
1033 959 1121 1012 quis
1142 972 1206 997 me
1226 968 1338 1012 putet
1359 959 1559 1011 ingratum
1580 960 1620 997 in
1641 973 1748 1005 eum,
1769 961 1840 1013 qui
1861 973 1926 998 me

540 1025 681 1063 levavit
702 1026 748 1063 iis
770 1024 1052 1070 incommodis,
1083 1024 1230 1077 quibus
1250 1023 1356 1062 idem
1376 1023 1555 1063 affecerat
1573 1039 1582 1063 ε
1614 1034 1654 1063 et
1683 1025 1797 1063 simul
1818 1025 1926 1078 quod

540 1105 597 1136 ea,
628 1105 714 1144 quae
734 1090 851 1135 fiunt,
882 1100 948 1128 aut
969 1104 1055 1143 quae
1075 1099 1179 1128 certe
1198 1089 1333 1129 futura
1353 1090 1456 1136 sunt,
1486 1090 1616 1129 videre
1646 1104 1724 1128 non
1755 1091 1924 1143 poffum.

540 1157 675 1195 Etiam
695 1156 879 1209 equidem
900 1155 1255 1194 senatus-consulta
1274 1155 1372 1194 facta
1392 1156 1569 1208 quaedam
1586 1158 1668 1208 jam
1690 1166 1813 1208 puto;
1846 1157 1929 1195 uti-

541 1235 633 1259 nam
664 1221 704 1259 in
726 1221 899 1259 Volcatii
931 1220 1177 1259 sententiam.
1224 1220 1297 1258 Sed
1328 1220 1426 1273 quid
1458 1219 1606 1258 refert?
1637 1220 1691 1258 est
1719 1222 1825 1259 enim
1854 1234 1931 1259 una

542 1286 732 1325 sententia
749 1287 947 1326 omnium.
993 1286 1066 1324 Sed
1096 1287 1170 1324 erit
1202 1285 1469 1338 injustiffimus
1497 1286 1666 1331 Servius,
1697 1287 1765 1338 qui
1798 1286 1928 1324 filium

542 1353 647 1391 misit
675 1353 723 1390 ad
756 1351 1012 1404 effligendum
1043 1353 1121 1390 Cn.
1157 1352 1408 1404 Pompeium,
1439 1361 1505 1390 aut
1538 1361 1642 1390 certe
1677 1351 1928 1404 capiendum,

544 1431 637 1456 cum
668 1418 812 1456 Pontio
839 1418 1060 1456 Titiniano.
1107 1417 1189 1456 Etfi
1218 1417 1286 1456 hic
1313 1417 1477 1470 quidem
1506 1417 1660 1456 timoris
1690 1417 1828 1462 causa;
1861 1417 1930 1455 ille

544 1484 666 1522 vero?
699 1483 771 1522 Sed
792 1482 1023 1521 stomachari
1044 1483 1275 1527 desinamus,
1306 1492 1344 1521 et
1371 1482 1581 1535 aliquando
1608 1482 1854 1527 sententiam,
1886 1492 1931 1520 ut

544 1547 647 1586 nihil
669 1548 775 1592 novi,
806 1548 876 1586 nis1
898 1548 953 1593 id,
984 1547 1091 1600 quod
1113 1548 1329 1586 minimum
1348 1547 1507 1592 vellem,
1530 1547 1713 1599 spiritum
1733 1547 1932 1599 reliquum

546 1613 633 1651 esse.
667 1614 769 1658 Nos,
801 1613 989 1666 quoniam
1009 1613 1192 1665 superum
1214 1625 1318 1650 mare
1338 1612 1549 1657 obsidetur,
1582 1610 1708 1650 infero
1730 1612 1934 1665 navigabi-

546 1692 664 1723 mus;
704 1687 757 1723 et,
798 1678 823 1715 si
860 1677 1036 1715 Puteolis
1070 1678 1144 1715 erit
1177 1677 1354 1722 difficile,
1393 1678 1609 1715 Crotonem
1643 1687 1838 1729 petemus,
1868 1686 1935 1715 aut

549 1743 724 1782 Thurios
742 1762 754 1788 ς
785 1752 823 1781 et
844 1742 939 1780 boni
959 1743 1078 1786 cives,
1109 1752 1281 1781 amantes
1303 1743 1449 1796 patriae‚
1481 1755 1586 1780 mare
1606 1741 1791 1780 infestum
1812 1741 1935 1780 habe-

548 1809 681 1848 bimus
700 1824 709 1847 :
741 1809 856 1846 aliam
879 1809 1068 1846 rationem
1090 1807 1208 1860 hujus
1231 1808 1325 1846 belli
1354 1807 1514 1860 gerendi
1542 1806 1692 1845 nullam
1714 1807 1840 1845 video.
1889 1808 1935 1845 In

552 1876 771 1926 AEgyptum
802 1886 871 1910 nos
901 1872 1110 1911 abdimus:
1143 1874 1317 1911 exercitu
1347 1885 1455 1924 pares
1489 1870 1561 1909 esse
1595 1884 1674 1909 non
1704 1872 1932 1924 poss‘umus:

552 1939 656 1991 pacis
679 1938 772 1975 fides
793 1937 902 1974 nulla
921 1937 988 1974 est.
1036 1937 1107 1974 Sed
1138 1936 1219 1975 haec
1250 1937 1337 1975 satis
1364 1936 1563 1989 deplorata
1583 1935 1686 1974 sunt.
1728 1938 1794 1974 Tu
1816 1937 1937 1975 velim

553 2004 683 2041 literas
705 2000 939 2053 Cephalioni
961 2001 1026 2039 des
1048 2000 1095 2038 de
1115 2001 1300 2039 omnibus
1331 2001 1445 2039 rebus
1475 2001 1567 2038 neiis
1587 2019 1596 2045 ;
1629 2001 1798 2053 denique
1818 2002 1938 2040 etiam

555 2070 601 2107 de
623 2067 865 2107 sermonibus
886 2065 1127 2112 hominum3
1160 2066 1228 2105 nisi
1258 2067 1372 2120 plane
1401 2066 1700 2105 obmutuerunt.
1746 2068 1834 2119 Ego
1861 2067 1939 2106 tuis

554 2133 725 2173 confiliis
745 2132 834 2170 usus
862 2131 962 2176 sum,
994 2132 1244 2185 maximeque
1272 2131 1378 2184 quod
1408 2131 1638 2184 gravitatem
1667 2132 1706 2169 in
1738 2133 1941 2185 congressu

556 2199 685 2238 nostro
719 2197 843 2242 tenui,
873 2210 993 2250 quam
1026 2197 1172 2243 debui;
1203 2207 1243 2236 et
1273 2197 1318 2235 ad
1350 2197 1487 2235 urbem
1518 2207 1562 2235 ut
1592 2210 1670 2236 non
1700 2198 1938 2244 accederem,

556 2264 805 2317 perseveravi.
852 2263 972 2314 Quod
993 2262 1173 2316 superest,
1204 2263 1341 2307 scribe,
1373 2263 1501 2315 quaeso
1521 2277 1639 2315 quam
1661 2263 1942 2302 accuratissime

558 2331 664 2382 (jam
683 2329 790 2367 enirn
811 2338 985 2367 extrema
1005 2328 1112 2378 sunt)
1134 2329 1231 2381 quid
1252 2330 1414 2382 placeat,
1446 2328 1542 2381 quid
1563 2328 1713 2366 censeas
1733 2343 1741 2366 :
1774 2329 1839 2366 etsi
1857 2330 1942 2381 jam

558 2395 665 2434 nulla
685 2394 881 2432 dubitatio
900 2394 966 2433 est.
999 2396 1153 2433 Tamen
1177 2395 1200 2434 fi
1221 2395 1333 2448 quid,
1351 2395 1410 2432 vel
1434 2394 1564 2446 potius
1585 2393 1796 2447 quidquid,
1813 2395 1942 2433 veniet

559 2463 598 2500 in
619 2469 808 2506 mentem,
840 2459 981 2498 scribas
1003 2461 1136 2500 velim.

2231 2485 2243 2545 ’-Α
2233 2285 2243 2464 uun-⁴.
2240 2241 2243 2252 -
