2243 3008
622 192 729 231 AD
787 191 1215 231 ATTICUM
1286 193 1528 233 L1ss.x.
1691 209 1766 249 273

383 290 519 330 ausum
538 303 618 329 non
638 290 724 334 effe,
755 288 1084 340 vehementerque
1113 289 1246 326 animo
1275 291 1500 340 perturbato
1526 290 1761 343 profectum.

384 356 490 395 Cum
528 364 659 394 autem
697 367 746 393 ex
784 367 830 392 eo
864 367 1091 406 quaererem,
1137 353 1234 406 quid
1267 353 1414 392 videret
1434 357 1446 392 ?
1487 356 1593 407 quod
1627 371 1762 395 exem-

383 420 529 472 plum?
551 433 671 473 quam
692 419 1000 471 Rempublicam
1020 420 1032 455 ?
1056 418 1170 471 plane
1190 417 1383 456 fatebatur
1404 419 1554 457 nullam
1575 421 1680 472 spem
1702 436 1763 459 re-

382 485 561 538 liquam:
595 484 774 537 Pompeii
795 484 950 524 claffem
971 484 1162 529 timebat3
1194 497 1282 536 quae
1311 484 1337 522 s1
1367 484 1471 529 esset,
1503 484 1538 522 se
1568 486 1615 524 de
1636 487 1767 524 Sicilia

382 551 598 590 abiturum.
644 549 755 602 Qid
784 549 860 595 isti,
893 550 1069 602 inquam,
1100 548 1164 587 sex
1195 550 1253 588 tui
1282 548 1434 588 fasces?
1467 550 1492 587 fi
1527 550 1573 588 ab
1609 551 1763 597 Senatu,

384 629 455 655 cur
474 617 636 656 laureati
654 618 666 654 ἓ
699 616 726 655 si
746 616 794 655 ab
814 615 912 669 ipso,
935 629 1006 654 cur
1025 615 1087 654 sex
1106 616 1120 655 ?
1152 615 1314 668 Cupivi,
1346 616 1493 668 inquit,
1524 630 1571 654 ex
1591 616 1766 656 senatus-

383 681 564 722 consulto
584 682 758 734 surrepto
775 699 786 726 ;
817 694 908 721 nam
929 680 1041 719 aliter
1060 693 1139 720 non
1170 689 1334 733 poterat.
1379 682 1435 719 At
1467 681 1535 718 ille
1565 682 1768 734 impendio

383 760 490 785 nunc
511 748 636 799 magis
661 745 746 784 odit
775 747 987 784 Senatum:
1019 759 1040 786 a
1066 759 1146 791 me,
1175 746 1324 798 inquit,
1354 746 1487 784 omnia
1515 746 1767 798 proficiscen-

386 822 465 851 tur.
511 813 584 850 Sex
615 821 761 856 autem,
791 812 885 864 quia
915 810 1126 850 duodecim
1157 811 1295 849 nolui:
1329 825 1419 849 nam
1453 811 1612 850 licebat.
1658 814 1768 850 Tum

386 891 474 930 ego,
506 879 640 929 Qam
659 876 818 921 vellem,
849 876 1026 928 inquam,
1058 875 1207 929 petiiffe
1235 876 1283 914 ab
1309 889 1370 920 eo,
1401 877 1508 929 quod
1534 877 1650 914 audio
1670 876 1769 915 Phi-

387 942 545 996 lippum
564 941 783 995 impetrasse
801 956 810 980 :
843 941 906 979 sed
926 942 1070 980 veritus
1092 941 1193 986 sum,
1223 941 1316 993 quia
1344 941 1412 979 ille
1441 955 1461 978 a
1482 955 1544 979 me
1565 938 1667 979 nihil
1691 942 1770 980 im-

387 1008 579 1061 petrabat.
624 1008 827 1052 Libenter,
859 1007 1006 1060 inquit,
1038 1007 1112 1045 tibi
1133 1006 1382 1045 conceffiffet.
1426 1007 1575 1045 Verum
1607 1017 1702 1060 puta
1735 1018 1771 1045 te

387 1073 608 1126 impetrasse
626 1088 635 1112 :
666 1087 740 1125 ego
759 1072 867 1110 enim
887 1072 934 1111 ad
954 1085 1045 1111 eum
1066 1072 1247 1117 scribam,
1279 1082 1324 1110 ut
1345 1082 1387 1110 tu
1412 1072 1492 1124 ipse
1512 1072 1633 1117 voles,
1663 1072 1711 1110 de
1731 1085 1774 1110 ea

390 1153 430 1178 re
450 1153 520 1178 nos
541 1139 644 1177 inter
663 1151 733 1177 nos
754 1138 923 1176 locutos.
968 1137 1079 1189 Qid
1103 1146 1234 1176 autem
1255 1138 1363 1176 illius
1385 1137 1555 1182 interest,
1587 1138 1774 1189 quoniam

388 1205 431 1243 in
452 1205 639 1243 Senatum
659 1216 738 1241 non
758 1203 882 1248 venis,
914 1201 983 1241 ubi
1004 1202 1049 1240 sis
1069 1203 1082 1239 ?
1114 1203 1212 1255 quin
1242 1216 1347 1240 nunc
1368 1203 1496 1255 ipsum
1523 1203 1688 1241 minime
1709 1203 1772 1241 of-

390 1268 570 1308 fendiffes
591 1270 674 1321 ejus
694 1268 820 1313 causa,
851 1268 877 1306 fi
897 1268 939 1307 in
962 1267 1074 1306 Italia
1093 1281 1172 1306 non
1194 1267 1339 1306 fuiffes.
1385 1267 1450 1305 Ad
1477 1282 1562 1320 quae
1591 1281 1679 1320 ego,
1711 1282 1774 1307 me

391 1334 578 1374 receffum
605 1343 645 1373 et
676 1333 929 1373 solitudinem
960 1347 1146 1385 quaerere,
1177 1334 1350 1371 maxime
1378 1333 1486 1385 quod
1517 1333 1670 1371 lictores
1702 1333 1773 1372 ha-

392 1401 539 1440 berem.
586 1399 778 1439 Laudavit
798 1399 1021 1439 confilium.
1065 1399 1175 1450 Qid
1199 1412 1307 1451 ergo,
1337 1399 1532 1452 inquam?
1565 1412 1653 1438 nam
1675 1399 1777 1438 mihi

391 1467 525 1505 cursus
546 1467 586 1504 in
608 1466 803 1504 Graeciam
823 1479 891 1518 per
912 1475 1019 1504 tuam
1041 1465 1284 1518 provinciam
1303 1464 1356 1504 est
1373 1483 1383 1509 ;
1417 1465 1603 1516 quoniam
1625 1465 1669 1502 ad
1692 1479 1776 1503 ma-

394 1545 434 1569 re
453 1531 635 1583 superum
655 1530 803 1568 milites
834 1530 938 1569 sunt.
984 1531 1094 1581 Qid
1123 1529 1240 1575 mihi,
1271 1530 1418 1582 inquit,
1449 1531 1654 1581 optatius?
1685 1531 1778 1568 Hoc

393 1597 484 1635 loco
504 1596 629 1634 multa
649 1596 946 1648 perliberaliter.
983 1597 1090 1647 Ergo
1111 1594 1187 1635 hoc
1208 1595 1369 1647 quidem
1390 1595 1443 1633 est
1463 1609 1598 1633 verum
1620 1594 1776 1647 profec-

394 1673 451 1707 to,
479 1672 525 1700 ut
545 1675 623 1700 non
644 1661 763 1700 modo
785 1671 886 1705 tuto,
909 1675 1044 1699 verum
1063 1661 1180 1698 etiarn
1202 1661 1346 1713 palam,
1377 1661 1661 1711 navigaremuS.
1694 1662 1776 1699 Re-

394 1728 505 1781 liqua
525 1728 564 1765 in
586 1727 782 1780 posterum
803 1727 908 1764 diem
935 1726 1114 1770 distulit;
1146 1740 1194 1764 ex
1222 1726 1368 1777 quibus
1398 1725 1564 1763 scribam
1593 1725 1640 1763 ad
1669 1735 1720 1770 te,
1751 1727 1778 1765 fi

395 1793 494 1846 quid
512 1793 586 1830 erit
605 1792 766 1845 epistola
786 1792 967 1844 dignum.
1001 1792 1100 1829 Sunt
1120 1800 1251 1829 autem
1272 1805 1358 1843 quae
1379 1791 1560 1843 praeterii,
1587 1791 1778 1843 interreg-

395 1872 545 1897 numne
565 1857 655 1896 effet
675 1859 946 1910 expectaturus
962 1875 975 1902 ;
1007 1870 1053 1895 an
1075 1887 1082 1895 .
1103 1887 1111 1895 .
1131 1886 1139 1895 .
1157 1857 1250 1908 Qo
1270 1855 1389 1894 modo
1418 1855 1561 1894 dixerit
1581 1855 1627 1893 ad
1656 1856 1692 1894 se
1713 1857 1782 1896 ille

396 1923 559 1976 quidem
579 1922 721 1961 deferri
742 1922 1019 1967 Consulatum,
1038 1921 1101 1960 sed
1121 1921 1157 1960 se
1179 1921 1284 1959 nolle
1303 1921 1345 1959 in
1366 1921 1596 1973 proximum
1616 1934 1781 1962 annum.

397 1991 452 2030 Et
471 1989 545 2027 alia
564 1989 667 2034 sunt,
698 2003 784 2041 quae
804 1989 1022 2041 exquiram.
1055 1988 1217 2038 Jurabat
1237 1987 1284 2024 ad
1304 1987 1512 2032 summam,
1543 1986 1650 2038 quod
1671 1987 1783 2025 nullo

399 2055 558 2108 negotio
578 2054 736 2100 faceret,
766 2054 1043 2093 amicissimum
1063 2052 1165 2091 mihi
1186 2052 1375 2091 Caesarem
1396 2051 1468 2090 effe
1488 2051 1640 2090 debere.
1674 2052 1784 2103 Qid

399 2121 523 2165 enim,
555 2120 701 2172 inquit,
734 2119 882 2173 scripsit
908 2119 955 2157 ad
983 2132 1047 2157 me
1077 2118 1317 2157 Dolabella?
1349 2118 1468 2162 Dico,
1499 2116 1627 2169 quid?
1659 2116 1782 2154 Affir-

400 2185 547 2236 mabat,
578 2198 670 2222 cum
691 2184 906 2237 scripsisset,
937 2183 1043 2236 quod
1065 2198 1127 2222 me
1147 2192 1307 2236 cuperet
1327 2182 1372 2219 ad
1395 2182 1532 2219 urbem
1553 2182 1698 2226 venire,
1729 2182 1781 2219 il-

403 2249 488 2287 lum
508 2249 668 2302 quidem
689 2250 829 2301 gratias
850 2263 961 2302 agere
980 2250 1187 2293 maximas,
1218 2257 1257 2285 et
1278 2261 1355 2285 non
1376 2246 1496 2285 modo
1516 2246 1692 2298 probare,
1721 2247 1785 2284 sed

404 2315 521 2352 etiam
541 2314 719 2366 gaudere.
764 2315 874 2366 Qid
895 2315 1033 2367 quaeris
1054 2315 1066 2351 ?
1098 2313 1289 2365 acquievi.
1336 2313 1480 2350 Levata
1499 2311 1551 2349 est
1571 2312 1677 2349 enim
1703 2312 1783 2349 sus-

406 2379 511 2431 picio
532 2379 598 2416 illa
617 2379 819 2418 domestici
841 2381 949 2425 mali,
981 2390 1019 2418 et
1050 2378 1235 2416 sermonis
1269 2377 1459 2416 Hirtiani.
1507 2378 1638 2428 Qam
1667 2378 1785 2429 cupio

407 2443 525 2482 illum
544 2443 709 2494 dignum
730 2445 801 2483 esse
822 2445 935 2484 nobis
955 2460 963 2485 :
991 2454 1029 2484 et
1049 2458 1168 2497 quam
1190 2443 1268 2497 ipse
1290 2457 1352 2482 me
1373 2444 1512 2487 invito,
1533 2455 1608 2495 qua
1627 2455 1697 2494 pro
1718 2442 1789 2480 illo

497 2509 635 2547 TOM.
667 2507 783 2548 VIII.
1375 2507 1423 2545 M
1454 2520 1495 2545 m
