<?xml version="1.0" encoding="UTF-8"?>
<!DOCTYPE html PUBLIC "-//W3C//DTD XHTML 1.0 Transitional//EN"
    "http://www.w3.org/TR/xhtml1/DTD/xhtml1-transitional.dtd">
<html xmlns="http://www.w3.org/1999/xhtml" xml:lang="en" lang="en">
 <head>
  <title>
</title>
<meta http-equiv="Content-Type" content="text/html;charset=utf-8" />
  <meta name='ocr-system' content='tesseract 3.04.00' />
  <meta name='ocr-capabilities' content='ocr_page ocr_carea ocr_par ocr_line ocrx_word'/>
</head>
<body>
  <div class='ocr_page' id='page_1' title='image "./operacumindicibu08ciceuoft_0455.png"; bbox 0 0 2243 3008; ppageno 0'>
   <div class='ocr_carea' id='block_1_1' title="bbox 516 294 1689 354">
    <p class='ocr_par' dir='ltr' id='par_1_1' title="bbox 516 294 1689 354">
     <span class='ocr_line' id='line_1_1' title="bbox 516 294 1689 354; baseline 0.001 -16"><span class='ocrx_word' id='word_1_1' title='bbox 516 298 625 338; x_wconf 89' lang='lat' dir='ltr'>AD</span> <span class='ocrx_word' id='word_1_2' title='bbox 682 294 1113 335; x_wconf 88' lang='lat' dir='ltr'><strong>ATTICUM</strong></span> <span class='ocrx_word' id='word_1_3' title='bbox 1179 296 1321 337; x_wconf 86' lang='lat' dir='ltr'>LIB.</span> <span class='ocrx_word' id='word_1_4' title='bbox 1375 297 1469 339; x_wconf 81' lang='lat' dir='ltr'>xv.</span> <span class='ocrx_word' id='word_1_5' title='bbox 1606 313 1689 354; x_wconf 85' lang='lat'>447</span> 
     </span>
    </p>
   </div>
   <div class='ocr_carea' id='block_1_2' title="bbox 288 392 1695 2610">
    <p class='ocr_par' dir='ltr' id='par_1_2' title="bbox 288 392 1695 2610">
     <span class='ocr_line' id='line_1_2' title="bbox 300 392 1687 447; baseline 0.003 -11"><span class='ocrx_word' id='word_1_6' title='bbox 300 396 551 436; x_wconf 88' lang='lat' dir='ltr'>Tabellarius</span> <span class='ocrx_word' id='word_1_7' title='bbox 572 396 655 440; x_wconf 90' lang='lat' dir='ltr'>ille,</span> <span class='ocrx_word' id='word_1_8' title='bbox 686 407 805 447; x_wconf 88' lang='lat' dir='ltr'>quem</span> <span class='ocrx_word' id='word_1_9' title='bbox 827 393 902 431; x_wconf 86' lang='lat' dir='ltr'>tibi</span> <span class='ocrx_word' id='word_1_10' title='bbox 922 392 1096 432; x_wconf 87' lang='lat' dir='ltr'>dixeram</span> <span class='ocrx_word' id='word_1_11' title='bbox 1117 406 1137 431; x_wconf 86' lang='lat' dir='ltr'>a</span> <span class='ocrx_word' id='word_1_12' title='bbox 1156 407 1219 432; x_wconf 90' lang='lat' dir='ltr'>me</span> <span class='ocrx_word' id='word_1_13' title='bbox 1239 394 1286 432; x_wconf 91' lang='lat' dir='ltr'>ad</span> <span class='ocrx_word' id='word_1_14' title='bbox 1311 396 1478 435; x_wconf 90' lang='lat' dir='ltr'><strong>Brutum</strong></span> <span class='ocrx_word' id='word_1_15' title='bbox 1499 399 1571 438; x_wconf 80' lang='lat' dir='ltr'>effe</span> <span class='ocrx_word' id='word_1_16' title='bbox 1591 403 1687 440; x_wconf 90' lang='lat' dir='ltr'>mis-</span> 
     </span>
     <span class='ocr_line' id='line_1_3' title="bbox 302 458 1689 514; baseline 0.001 -14"><span class='ocrx_word' id='word_1_17' title='bbox 302 461 388 501; x_wconf 87' lang='lat' dir='ltr'>sum</span> <span class='ocrx_word' id='word_1_18' title='bbox 409 464 451 500; x_wconf 92' lang='lat' dir='ltr'>in</span> <span class='ocrx_word' id='word_1_19' title='bbox 472 461 745 513; x_wconf 83' lang='lat' dir='ltr'>Anagninum,</span> <span class='ocrx_word' id='word_1_20' title='bbox 778 458 824 497; x_wconf 90' lang='lat' dir='ltr'>ad</span> <span class='ocrx_word' id='word_1_21' title='bbox 846 473 908 497; x_wconf 79' lang='lat' dir='ltr'>me</span> <span class='ocrx_word' id='word_1_22' title='bbox 928 459 1036 497; x_wconf 90' lang='lat' dir='ltr'>venit</span> <span class='ocrx_word' id='word_1_23' title='bbox 1062 473 1105 497; x_wconf 89' lang='lat' dir='ltr'>ea</span> <span class='ocrx_word' id='word_1_24' title='bbox 1125 461 1251 505; x_wconf 63' lang='lat' dir='ltr'>nocte,</span> <span class='ocrx_word' id='word_1_25' title='bbox 1284 474 1370 513; x_wconf 86' lang='lat' dir='ltr'>quae</span> <span class='ocrx_word' id='word_1_26' title='bbox 1396 465 1574 514; x_wconf 83' lang='lat' dir='ltr'>proxima</span> <span class='ocrx_word' id='word_1_27' title='bbox 1600 477 1689 506; x_wconf 80' lang='lat' dir='ltr'>ante</span> 
     </span>
     <span class='ocr_line' id='line_1_4' title="bbox 303 525 1689 578; baseline 0.004 -13"><span class='ocrx_word' id='word_1_28' title='bbox 303 527 394 565; x_wconf 86' lang='lat' dir='ltr'>Kal.</span> <span class='ocrx_word' id='word_1_29' title='bbox 417 526 523 572; x_wconf 86' lang='lat' dir='ltr'>fuit;</span> <span class='ocrx_word' id='word_1_30' title='bbox 555 525 761 578; x_wconf 86' lang='lat' dir='ltr'>literasque</span> <span class='ocrx_word' id='word_1_31' title='bbox 781 525 828 563; x_wconf 89' lang='lat' dir='ltr'>ad</span> <span class='ocrx_word' id='word_1_32' title='bbox 848 538 911 563; x_wconf 91' lang='lat' dir='ltr'>me</span> <span class='ocrx_word' id='word_1_33' title='bbox 931 525 1066 563; x_wconf 90' lang='lat' dir='ltr'>attulit</span> <span class='ocrx_word' id='word_1_34' title='bbox 1081 543 1094 570; x_wconf 89' lang='lat'>;</span> <span class='ocrx_word' id='word_1_35' title='bbox 1125 525 1167 563; x_wconf 90' lang='lat' dir='ltr'>in</span> <span class='ocrx_word' id='word_1_36' title='bbox 1194 526 1339 578; x_wconf 87' lang='lat' dir='ltr'>quibus</span> <span class='ocrx_word' id='word_1_37' title='bbox 1361 540 1486 566; x_wconf 90' lang='lat' dir='ltr'>unum</span> <span class='ocrx_word' id='word_1_38' title='bbox 1516 531 1689 571; x_wconf 87' lang='lat' dir='ltr'>alienum</span> 
     </span>
     <span class='ocr_line' id='line_1_5' title="bbox 302 590 1687 646; baseline 0.004 -17"><span class='ocrx_word' id='word_1_39' title='bbox 302 591 455 631; x_wconf 88' lang='lat' dir='ltr'>summa</span> <span class='ocrx_word' id='word_1_40' title='bbox 475 592 539 630; x_wconf 88' lang='lat' dir='ltr'>sua</span> <span class='ocrx_word' id='word_1_41' title='bbox 558 591 779 644; x_wconf 88' lang='lat' dir='ltr'>prudentia,</span> <span class='ocrx_word' id='word_1_42' title='bbox 812 600 855 628; x_wconf 89' lang='lat' dir='ltr'>ut</span> <span class='ocrx_word' id='word_1_43' title='bbox 885 591 1052 643; x_wconf 58' lang='lat' dir='ltr'>speeiem</span> <span class='ocrx_word' id='word_1_44' title='bbox 1074 590 1187 629; x_wconf 90' lang='lat' dir='ltr'>ludos</span> <span class='ocrx_word' id='word_1_45' title='bbox 1209 591 1311 631; x_wconf 89' lang='lat' dir='ltr'>suos.</span> <span class='ocrx_word' id='word_1_46' title='bbox 1358 592 1549 646; x_wconf 85' lang='lat' dir='ltr'>Rescri-pfi</span> <span class='ocrx_word' id='word_1_47' title='bbox 1580 596 1687 635; x_wconf 84' lang='lat' dir='ltr'>scili-</span> 
     </span>
     <span class='ocr_line' id='line_1_6' title="bbox 301 656 1686 711; baseline 0.003 -15"><span class='ocrx_word' id='word_1_48' title='bbox 301 667 379 703; x_wconf 89' lang='lat' dir='ltr'>cet,</span> <span class='ocrx_word' id='word_1_49' title='bbox 410 659 587 711; x_wconf 89' lang='lat' dir='ltr'>primum</span> <span class='ocrx_word' id='word_1_50' title='bbox 614 671 678 695; x_wconf 90' lang='lat' dir='ltr'>me</span> <span class='ocrx_word' id='word_1_51' title='bbox 700 658 785 708; x_wconf 88' lang='lat' dir='ltr'>jam</span> <span class='ocrx_word' id='word_1_52' title='bbox 814 656 1051 708; x_wconf 56' lang='lat' dir='ltr'>profectum,</span> <span class='ocrx_word' id='word_1_53' title='bbox 1084 665 1127 694; x_wconf 88' lang='lat' dir='ltr'>ut</span> <span class='ocrx_word' id='word_1_54' title='bbox 1154 669 1231 694; x_wconf 90' lang='lat' dir='ltr'>non</span> <span class='ocrx_word' id='word_1_55' title='bbox 1254 657 1454 710; x_wconf 87' lang='lat' dir='ltr'>integrum</span> <span class='ocrx_word' id='word_1_56' title='bbox 1475 659 1548 705; x_wconf 67' lang='lat' dir='ltr'>fit,</span> <span class='ocrx_word' id='word_1_57' title='bbox 1581 662 1686 709; x_wconf 88' lang='lat' dir='ltr'>dein,</span> 
     </span>
     <span class='ocr_line' id='line_1_7' title="bbox 298 721 1688 775; baseline 0.007 -18"><span class='ocrx_word' id='word_1_58' title='bbox 298 721 508 759; x_wconf 69' lang='grc' dir='ltr'><em>ἀτοπώτατον</em></span> <span class='ocrx_word' id='word_1_59' title='bbox 538 722 624 768; x_wconf 83' lang='lat' dir='ltr'>effe,</span> <span class='ocrx_word' id='word_1_60' title='bbox 656 736 734 767; x_wconf 90' lang='lat' dir='ltr'>rne,</span> <span class='ocrx_word' id='word_1_61' title='bbox 765 723 834 774; x_wconf 92' lang='lat' dir='ltr'>qui</span> <span class='ocrx_word' id='word_1_62' title='bbox 867 722 1038 760; x_wconf 86' lang='lat' dir='ltr'>Romam</span> <span class='ocrx_word' id='word_1_63' title='bbox 1067 723 1233 760; x_wconf 90' lang='lat' dir='ltr'>omnino</span> <span class='ocrx_word' id='word_1_64' title='bbox 1263 723 1348 775; x_wconf 93' lang='lat' dir='ltr'>post</span> <span class='ocrx_word' id='word_1_65' title='bbox 1377 723 1459 762; x_wconf 85' lang='lat' dir='ltr'>haec</span> <span class='ocrx_word' id='word_1_66' title='bbox 1484 738 1588 764; x_wconf 87' lang='lat' dir='ltr'>arma</span> <span class='ocrx_word' id='word_1_67' title='bbox 1608 741 1688 767; x_wconf 88' lang='lat' dir='ltr'>non</span> 
     </span>
     <span class='ocr_line' id='line_1_8' title="bbox 300 788 1689 845; baseline 0.004 -19"><span class='ocrx_word' id='word_1_68' title='bbox 300 788 534 834; x_wconf 70' lang='lat' dir='ltr'>accesserim,</span> <span class='ocrx_word' id='word_1_69' title='bbox 567 802 692 840; x_wconf 90' lang='lat' dir='ltr'>neque</span> <span class='ocrx_word' id='word_1_70' title='bbox 724 789 765 826; x_wconf 92' lang='lat' dir='ltr'>id</span> <span class='ocrx_word' id='word_1_71' title='bbox 797 798 877 826; x_wconf 90' lang='lat' dir='ltr'>tam</span> <span class='ocrx_word' id='word_1_72' title='bbox 908 788 1076 840; x_wconf 90' lang='lat' dir='ltr'>periculi</span> <span class='ocrx_word' id='word_1_73' title='bbox 1106 789 1186 826; x_wconf 89' lang='lat' dir='ltr'>mei</span> <span class='ocrx_word' id='word_1_74' title='bbox 1217 789 1328 827; x_wconf 90' lang='lat' dir='ltr'>causa</span> <span class='ocrx_word' id='word_1_75' title='bbox 1360 789 1537 836; x_wconf 87' lang='lat' dir='ltr'>fecerim,</span> <span class='ocrx_word' id='word_1_76' title='bbox 1568 806 1689 845; x_wconf 88' lang='lat' dir='ltr'>quam</span> 
     </span>
     <span class='ocr_line' id='line_1_9' title="bbox 299 853 1687 908; baseline 0.005 -18"><span class='ocrx_word' id='word_1_77' title='bbox 299 853 520 906; x_wconf 84' lang='lat' dir='ltr'>dignitatis,</span> <span class='ocrx_word' id='word_1_78' title='bbox 552 855 681 892; x_wconf 87' lang='lat' dir='ltr'>subito</span> <span class='ocrx_word' id='word_1_79' title='bbox 709 853 756 891; x_wconf 90' lang='lat' dir='ltr'>ad</span> <span class='ocrx_word' id='word_1_80' title='bbox 792 853 906 891; x_wconf 88' lang='lat' dir='ltr'>ludos</span> <span class='ocrx_word' id='word_1_81' title='bbox 936 854 1094 892; x_wconf 90' lang='lat' dir='ltr'>venire:</span> <span class='ocrx_word' id='word_1_82' title='bbox 1133 853 1202 892; x_wconf 86' lang='lat' dir='ltr'>tali</span> <span class='ocrx_word' id='word_1_83' title='bbox 1231 855 1338 892; x_wconf 88' lang='lat' dir='ltr'>enim</span> <span class='ocrx_word' id='word_1_84' title='bbox 1369 865 1544 908; x_wconf 84' lang='lat' dir='ltr'>tempore</span> <span class='ocrx_word' id='word_1_85' title='bbox 1573 858 1687 898; x_wconf 91' lang='lat' dir='ltr'>ludos</span> 
     </span>
     <span class='ocr_line' id='line_1_10' title="bbox 299 918 1688 971; baseline 0.005 -15"><span class='ocrx_word' id='word_1_86' title='bbox 299 918 427 957; x_wconf 84' lang='lat' dir='ltr'>facere</span> <span class='ocrx_word' id='word_1_87' title='bbox 447 920 508 957; x_wconf 91' lang='lat' dir='ltr'>illi</span> <span class='ocrx_word' id='word_1_88' title='bbox 537 919 743 958; x_wconf 89' lang='lat' dir='ltr'>honestum</span> <span class='ocrx_word' id='word_1_89' title='bbox 765 918 833 963; x_wconf 91' lang='lat' dir='ltr'>est,</span> <span class='ocrx_word' id='word_1_90' title='bbox 865 919 929 956; x_wconf 91' lang='lat' dir='ltr'>cui</span> <span class='ocrx_word' id='word_1_91' title='bbox 951 918 1095 957; x_wconf 82' lang='lat' dir='ltr'>necesse</span> <span class='ocrx_word' id='word_1_92' title='bbox 1114 918 1195 964; x_wconf 86' lang='lat' dir='ltr'>est;</span> <span class='ocrx_word' id='word_1_93' title='bbox 1228 919 1394 971; x_wconf 64' lang='lat' dir='ltr'>spectare</span> <span class='ocrx_word' id='word_1_94' title='bbox 1414 921 1515 959; x_wconf 91' lang='lat' dir='ltr'>mihi</span> <span class='ocrx_word' id='word_1_95' title='bbox 1544 932 1586 961; x_wconf 92' lang='lat' dir='ltr'>ut</span> <span class='ocrx_word' id='word_1_96' title='bbox 1608 938 1688 963; x_wconf 89' lang='lat' dir='ltr'>non</span> 
     </span>
     <span class='ocr_line' id='line_1_11' title="bbox 299 983 1686 1038; baseline 0.004 -17"><span class='ocrx_word' id='word_1_97' title='bbox 299 983 353 1021; x_wconf 90' lang='lat' dir='ltr'>est</span> <span class='ocrx_word' id='word_1_98' title='bbox 374 984 534 1030; x_wconf 82' lang='lat' dir='ltr'>neceffe,</span> <span class='ocrx_word' id='word_1_99' title='bbox 566 985 615 1022; x_wconf 90' lang='lat' dir='ltr'>fic</span> <span class='ocrx_word' id='word_1_100' title='bbox 637 998 684 1021; x_wconf 90' lang='lat' dir='ltr'>ne</span> <span class='ocrx_word' id='word_1_101' title='bbox 705 983 912 1021; x_wconf 87' lang='lat' dir='ltr'>honestum</span> <span class='ocrx_word' id='word_1_102' title='bbox 934 983 1096 1036; x_wconf 88' lang='lat' dir='ltr'>quidem</span> <span class='ocrx_word' id='word_1_103' title='bbox 1117 984 1184 1022; x_wconf 88' lang='lat' dir='ltr'>est.</span> <span class='ocrx_word' id='word_1_104' title='bbox 1231 985 1430 1038; x_wconf 89' lang='lat' dir='ltr'>Equidem</span> <span class='ocrx_word' id='word_1_105' title='bbox 1462 987 1552 1025; x_wconf 90' lang='lat' dir='ltr'>illos</span> <span class='ocrx_word' id='word_1_106' title='bbox 1582 989 1686 1028; x_wconf 89' lang='lat' dir='ltr'>cele-</span> 
     </span>
     <span class='ocr_line' id='line_1_12' title="bbox 300 1049 1689 1105; baseline 0.004 -18"><span class='ocrx_word' id='word_1_107' title='bbox 300 1049 417 1095; x_wconf 80' lang='lat' dir='ltr'>brari,</span> <span class='ocrx_word' id='word_1_108' title='bbox 449 1060 487 1088; x_wconf 88' lang='lat' dir='ltr'>et</span> <span class='ocrx_word' id='word_1_109' title='bbox 517 1049 589 1088; x_wconf 84' lang='lat' dir='ltr'>effe</span> <span class='ocrx_word' id='word_1_110' title='bbox 613 1063 733 1102; x_wconf 86' lang='lat' dir='ltr'>quam</span> <span class='ocrx_word' id='word_1_111' title='bbox 764 1049 1012 1101; x_wconf 85' lang='lat' dir='ltr'>gratiffimos,</span> <span class='ocrx_word' id='word_1_112' title='bbox 1044 1049 1279 1088; x_wconf 81' lang='lat' dir='ltr'>mirabiliter</span> <span class='ocrx_word' id='word_1_113' title='bbox 1307 1052 1454 1104; x_wconf 78' lang='lat' dir='ltr'>cupio;</span> <span class='ocrx_word' id='word_1_114' title='bbox 1487 1053 1605 1105; x_wconf 92' lang='lat' dir='ltr'>idque</span> <span class='ocrx_word' id='word_1_115' title='bbox 1633 1055 1689 1093; x_wconf 82' lang='lat' dir='ltr'>ita</span> 
     </span>
     <span class='ocr_line' id='line_1_13' title="bbox 298 1114 1686 1169; baseline 0.004 -17"><span class='ocrx_word' id='word_1_116' title='bbox 298 1114 481 1153; x_wconf 87' lang='lat' dir='ltr'>futurum</span> <span class='ocrx_word' id='word_1_117' title='bbox 502 1115 574 1153; x_wconf 83' lang='lat' dir='ltr'>effe</span> <span class='ocrx_word' id='word_1_118' title='bbox 594 1115 773 1153; x_wconf 89' lang='lat' dir='ltr'>confido:</span> <span class='ocrx_word' id='word_1_119' title='bbox 797 1124 835 1153; x_wconf 91' lang='lat' dir='ltr'>et</span> <span class='ocrx_word' id='word_1_120' title='bbox 857 1124 987 1153; x_wconf 88' lang='lat' dir='ltr'>tecum</span> <span class='ocrx_word' id='word_1_121' title='bbox 1010 1128 1096 1167; x_wconf 84' lang='lat' dir='ltr'>ago,</span> <span class='ocrx_word' id='word_1_122' title='bbox 1114 1125 1157 1153; x_wconf 85' lang='lat' dir='ltr'>ut</span> <span class='ocrx_word' id='word_1_123' title='bbox 1172 1116 1256 1167; x_wconf 83' lang='lat' dir='ltr'>jam</span> <span class='ocrx_word' id='word_1_124' title='bbox 1276 1116 1323 1154; x_wconf 86' lang='lat' dir='ltr'>ab</span> <span class='ocrx_word' id='word_1_125' title='bbox 1344 1117 1425 1169; x_wconf 88' lang='lat' dir='ltr'>ipsa</span> <span class='ocrx_word' id='word_1_126' title='bbox 1444 1119 1686 1158; x_wconf 82' lang='lat' dir='ltr'>commiffio-</span> 
     </span>
     <span class='ocr_line' id='line_1_14' title="bbox 297 1180 1694 1237; baseline 0.004 -19"><span class='ocrx_word' id='word_1_127' title='bbox 297 1193 346 1219; x_wconf 84' lang='lat' dir='ltr'>ne</span> <span class='ocrx_word' id='word_1_128' title='bbox 367 1180 413 1218; x_wconf 90' lang='lat' dir='ltr'>ad</span> <span class='ocrx_word' id='word_1_129' title='bbox 434 1194 511 1225; x_wconf 90' lang='lat' dir='ltr'>me,</span> <span class='ocrx_word' id='word_1_130' title='bbox 529 1180 864 1232; x_wconf 84' lang='lat' dir='ltr'>quemadmodum</span> <span class='ocrx_word' id='word_1_131' title='bbox 884 1181 1141 1232; x_wconf 82' lang='lat' dir='ltr'>accipiantur,</span> <span class='ocrx_word' id='word_1_132' title='bbox 1165 1180 1304 1219; x_wconf 88' lang='lat' dir='ltr'>deinde</span> <span class='ocrx_word' id='word_1_133' title='bbox 1324 1183 1488 1220; x_wconf 87' lang='lat' dir='ltr'>omnino</span> <span class='ocrx_word' id='word_1_134' title='bbox 1510 1184 1694 1237; x_wconf 53' lang='lat' dir='ltr'>reliqum</span> 
     </span>
     <span class='ocr_line' id='line_1_15' title="bbox 296 1245 1687 1304; baseline 0.004 -20"><span class='ocrx_word' id='word_1_135' title='bbox 296 1259 385 1284; x_wconf 87' lang='lat' dir='ltr'>rum</span> <span class='ocrx_word' id='word_1_136' title='bbox 406 1245 486 1284; x_wconf 89' lang='lat' dir='ltr'>dies</span> <span class='ocrx_word' id='word_1_137' title='bbox 509 1247 679 1299; x_wconf 81' lang='lat' dir='ltr'>singulos</span> <span class='ocrx_word' id='word_1_138' title='bbox 700 1246 940 1299; x_wconf 89' lang='lat' dir='ltr'>persequare.</span> <span class='ocrx_word' id='word_1_139' title='bbox 985 1246 1058 1284; x_wconf 88' lang='lat' dir='ltr'>Sed</span> <span class='ocrx_word' id='word_1_140' title='bbox 1078 1246 1125 1284; x_wconf 92' lang='lat' dir='ltr'>de</span> <span class='ocrx_word' id='word_1_141' title='bbox 1145 1246 1248 1285; x_wconf 90' lang='lat' dir='ltr'>ludis</span> <span class='ocrx_word' id='word_1_142' title='bbox 1268 1246 1470 1287; x_wconf 69' lang='lat' dir='ltr'>hactenus.</span> <span class='ocrx_word' id='word_1_143' title='bbox 1513 1251 1687 1304; x_wconf 83' lang='lat' dir='ltr'>Reliqua</span> 
     </span>
     <span class='ocr_line' id='line_1_16' title="bbox 297 1311 1686 1365; baseline 0.004 -16"><span class='ocrx_word' id='word_1_144' title='bbox 297 1324 384 1364; x_wconf 86' lang='lat' dir='ltr'>pars</span> <span class='ocrx_word' id='word_1_145' title='bbox 404 1311 589 1363; x_wconf 78' lang='lat' dir='ltr'>epistolae‚</span> <span class='ocrx_word' id='word_1_146' title='bbox 621 1311 674 1349; x_wconf 93' lang='lat' dir='ltr'>est</span> <span class='ocrx_word' id='word_1_147' title='bbox 698 1312 765 1350; x_wconf 89' lang='lat' dir='ltr'>illa</span> <span class='ocrx_word' id='word_1_148' title='bbox 786 1312 947 1364; x_wconf 89' lang='lat' dir='ltr'>quidem</span> <span class='ocrx_word' id='word_1_149' title='bbox 969 1312 1009 1350; x_wconf 91' lang='lat' dir='ltr'>in</span> <span class='ocrx_word' id='word_1_150' title='bbox 1032 1320 1239 1365; x_wconf 88' lang='lat' dir='ltr'>utramque</span> <span class='ocrx_word' id='word_1_151' title='bbox 1259 1323 1409 1365; x_wconf 88' lang='lat' dir='ltr'>partem</span> <span class='ocrx_word' id='word_1_152' title='bbox 1429 1329 1437 1352; x_wconf 78' lang='lat' dir='ltr'>t</span> <span class='ocrx_word' id='word_1_153' title='bbox 1470 1314 1533 1352; x_wconf 87' lang='lat' dir='ltr'>sed</span> <span class='ocrx_word' id='word_1_154' title='bbox 1555 1324 1686 1356; x_wconf 84' lang='lat' dir='ltr'>tamen</span> 
     </span>
     <span class='ocr_line' id='line_1_17' title="bbox 297 1377 1684 1431; baseline 0.004 -16"><span class='ocrx_word' id='word_1_155' title='bbox 297 1377 511 1415; x_wconf 87' lang='lat' dir='ltr'>nonnullos</span> <span class='ocrx_word' id='word_1_156' title='bbox 533 1377 732 1415; x_wconf 87' lang='lat' dir='ltr'>interdurn</span> <span class='ocrx_word' id='word_1_157' title='bbox 748 1378 846 1429; x_wconf 90' lang='lat' dir='ltr'>jacit</span> <span class='ocrx_word' id='word_1_158' title='bbox 867 1377 1064 1428; x_wconf 87' lang='lat' dir='ltr'>igniculos</span> <span class='ocrx_word' id='word_1_159' title='bbox 1086 1377 1242 1423; x_wconf 85' lang='lat' dir='ltr'>viriles;</span> <span class='ocrx_word' id='word_1_160' title='bbox 1266 1379 1373 1431; x_wconf 93' lang='lat' dir='ltr'>quod</span> <span class='ocrx_word' id='word_1_161' title='bbox 1394 1380 1508 1431; x_wconf 90' lang='lat' dir='ltr'>quale</span> <span class='ocrx_word' id='word_1_162' title='bbox 1529 1381 1603 1419; x_wconf 90' lang='lat' dir='ltr'>tibi</span> <span class='ocrx_word' id='word_1_163' title='bbox 1623 1384 1684 1420; x_wconf 88' lang='lat' dir='ltr'>vi·-</span> 
     </span>
     <span class='ocr_line' id='line_1_18' title="bbox 297 1442 1683 1498; baseline 0.004 -18"><span class='ocrx_word' id='word_1_164' title='bbox 297 1442 467 1489; x_wconf 88' lang='lat' dir='ltr'>deretur,</span> <span class='ocrx_word' id='word_1_165' title='bbox 500 1452 544 1481; x_wconf 94' lang='lat' dir='ltr'>ut</span> <span class='ocrx_word' id='word_1_166' title='bbox 563 1443 686 1496; x_wconf 77' lang='lat' dir='ltr'>posses</span> <span class='ocrx_word' id='word_1_167' title='bbox 707 1443 968 1495; x_wconf 87' lang='lat' dir='ltr'>interpretari,</span> <span class='ocrx_word' id='word_1_168' title='bbox 1003 1443 1089 1480; x_wconf 88' lang='lat' dir='ltr'>mifi</span> <span class='ocrx_word' id='word_1_169' title='bbox 1110 1442 1156 1480; x_wconf 91' lang='lat' dir='ltr'>ad</span> <span class='ocrx_word' id='word_1_170' title='bbox 1178 1452 1215 1481; x_wconf 88' lang='lat' dir='ltr'>te</span> <span class='ocrx_word' id='word_1_171' title='bbox 1235 1445 1463 1497; x_wconf 85' lang='lat' dir='ltr'>exemplum</span> <span class='ocrx_word' id='word_1_172' title='bbox 1486 1446 1654 1498; x_wconf 87' lang='lat' dir='ltr'>epistolae</span> <span class='ocrx_word' id='word_1_173' title='bbox 1673 1463 1683 1486; x_wconf 87' lang='lat'>:</span> 
     </span>
     <span class='ocr_line' id='line_1_19' title="bbox 297 1507 1683 1563; baseline 0.004 -18"><span class='ocrx_word' id='word_1_174' title='bbox 297 1521 522 1561; x_wconf 84' lang='lat' dir='ltr'>quanquam</span> <span class='ocrx_word' id='word_1_175' title='bbox 543 1507 646 1546; x_wconf 89' lang='lat' dir='ltr'>mihi</span> <span class='ocrx_word' id='word_1_176' title='bbox 667 1508 891 1546; x_wconf 87' lang='lat' dir='ltr'>tabellarius</span> <span class='ocrx_word' id='word_1_177' title='bbox 911 1507 1039 1545; x_wconf 88' lang='lat' dir='ltr'>noster</span> <span class='ocrx_word' id='word_1_178' title='bbox 1059 1507 1223 1552; x_wconf 85' lang='lat' dir='ltr'>dixerat,</span> <span class='ocrx_word' id='word_1_179' title='bbox 1247 1508 1321 1547; x_wconf 92' lang='lat' dir='ltr'>tibi</span> <span class='ocrx_word' id='word_1_180' title='bbox 1342 1523 1500 1563; x_wconf 90' lang='lat' dir='ltr'>quoque</span> <span class='ocrx_word' id='word_1_181' title='bbox 1521 1511 1557 1549; x_wconf 90' lang='lat' dir='ltr'>se</span> <span class='ocrx_word' id='word_1_182' title='bbox 1577 1522 1683 1551; x_wconf 90' lang='lat' dir='ltr'>attu-</span> 
     </span>
     <span class='ocr_line' id='line_1_20' title="bbox 296 1571 1695 1629; baseline 0.004 -19"><span class='ocrx_word' id='word_1_183' title='bbox 296 1572 379 1611; x_wconf 83' lang='lat' dir='ltr'>liffe</span> <span class='ocrx_word' id='word_1_184' title='bbox 399 1573 529 1611; x_wconf 90' lang='lat' dir='ltr'>literas</span> <span class='ocrx_word' id='word_1_185' title='bbox 551 1586 571 1610; x_wconf 88' lang='lat' dir='ltr'>a</span> <span class='ocrx_word' id='word_1_186' title='bbox 592 1573 728 1617; x_wconf 89' lang='lat' dir='ltr'>Bruto,</span> <span class='ocrx_word' id='word_1_187' title='bbox 747 1572 883 1624; x_wconf 88' lang='lat' dir='ltr'>easque</span> <span class='ocrx_word' id='word_1_188' title='bbox 903 1571 949 1609; x_wconf 89' lang='lat' dir='ltr'>ad</span> <span class='ocrx_word' id='word_1_189' title='bbox 971 1581 1007 1610; x_wconf 94' lang='lat' dir='ltr'>te</span> <span class='ocrx_word' id='word_1_190' title='bbox 1028 1586 1048 1609; x_wconf 91' lang='lat' dir='ltr'>e</span> <span class='ocrx_word' id='word_1_191' title='bbox 1065 1572 1292 1610; x_wconf 90' lang='lat' dir='ltr'>Tusculano</span> <span class='ocrx_word' id='word_1_192' title='bbox 1312 1574 1384 1611; x_wconf 84' lang='lat' dir='ltr'>esse</span> <span class='ocrx_word' id='word_1_193' title='bbox 1405 1575 1563 1615; x_wconf 88' lang='lat' dir='ltr'>delatas.</span> <span class='ocrx_word' id='word_1_194' title='bbox 1596 1578 1695 1629; x_wconf 27' lang='lat' dir='ltr'>Ego*</span> 
     </span>
     <span class='ocr_line' id='line_1_21' title="bbox 296 1637 1679 1689; baseline 0.004 -14"><span class='ocrx_word' id='word_1_195' title='bbox 296 1638 436 1676; x_wconf 86' lang='lat' dir='ltr'>itinera</span> <span class='ocrx_word' id='word_1_196' title='bbox 469 1638 519 1675; x_wconf 90' lang='lat' dir='ltr'>fic</span> <span class='ocrx_word' id='word_1_197' title='bbox 554 1637 864 1689; x_wconf 83' lang='lat' dir='ltr'>composueram,</span> <span class='ocrx_word' id='word_1_198' title='bbox 900 1646 944 1674; x_wconf 91' lang='lat' dir='ltr'>ut</span> <span class='ocrx_word' id='word_1_199' title='bbox 979 1637 1109 1675; x_wconf 88' lang='lat' dir='ltr'>Nonis</span> <span class='ocrx_word' id='word_1_200' title='bbox 1145 1637 1289 1688; x_wconf 86' lang='lat' dir='ltr'>Qint.</span> <span class='ocrx_word' id='word_1_201' title='bbox 1328 1639 1503 1678; x_wconf 88' lang='lat' dir='ltr'>Puteolis</span> <span class='ocrx_word' id='word_1_202' title='bbox 1538 1641 1679 1680; x_wconf 75' lang='lat' dir='ltr'>essem:</span> 
     </span>
     <span class='ocr_line' id='line_1_22' title="bbox 294 1702 1683 1759; baseline 0.004 -19"><span class='ocrx_word' id='word_1_203' title='bbox 294 1702 405 1741; x_wconf 88' lang='lat' dir='ltr'>valde</span> <span class='ocrx_word' id='word_1_204' title='bbox 425 1703 531 1741; x_wconf 88' lang='lat' dir='ltr'>enim</span> <span class='ocrx_word' id='word_1_205' title='bbox 553 1702 714 1748; x_wconf 81' lang='lat' dir='ltr'>festino3</span> <span class='ocrx_word' id='word_1_206' title='bbox 737 1703 792 1740; x_wconf 90' lang='lat' dir='ltr'>ita</span> <span class='ocrx_word' id='word_1_207' title='bbox 813 1712 957 1747; x_wconf 88' lang='lat' dir='ltr'>tamen,</span> <span class='ocrx_word' id='word_1_208' title='bbox 981 1711 1039 1747; x_wconf 91' lang='lat' dir='ltr'>ut,</span> <span class='ocrx_word' id='word_1_209' title='bbox 1061 1712 1254 1754; x_wconf 87' lang='lat' dir='ltr'>quantum</span> <span class='ocrx_word' id='word_1_210' title='bbox 1276 1702 1397 1742; x_wconf 90' lang='lat' dir='ltr'>homo</span> <span class='ocrx_word' id='word_1_211' title='bbox 1417 1705 1546 1757; x_wconf 86' lang='lat' dir='ltr'>poffit,</span> <span class='ocrx_word' id='word_1_212' title='bbox 1564 1720 1683 1759; x_wconf 89' lang='lat' dir='ltr'>quam</span> 
     </span>
     <span class='ocr_line' id='line_1_23' title="bbox 295 1768 1680 1825; baseline 0.002 -18"><span class='ocrx_word' id='word_1_213' title='bbox 295 1769 509 1808; x_wconf 82' lang='lat' dir='ltr'>cautiffime</span> <span class='ocrx_word' id='word_1_214' title='bbox 540 1769 735 1820; x_wconf 85' lang='lat' dir='ltr'>navigem.</span> <span class='ocrx_word' id='word_1_215' title='bbox 783 1769 846 1806; x_wconf 93' lang='lat' dir='ltr'>M.</span> <span class='ocrx_word' id='word_1_216' title='bbox 879 1768 1034 1806; x_wconf 89' lang='lat' dir='ltr'>AElium</span> <span class='ocrx_word' id='word_1_217' title='bbox 1063 1782 1155 1806; x_wconf 89' lang='lat' dir='ltr'>cura</span> <span class='ocrx_word' id='word_1_218' title='bbox 1184 1769 1395 1808; x_wconf 85' lang='lat' dir='ltr'>liberabis:</span> <span class='ocrx_word' id='word_1_219' title='bbox 1428 1771 1460 1808; x_wconf 89' lang='lat' dir='ltr'>is</span> <span class='ocrx_word' id='word_1_220' title='bbox 1490 1786 1553 1810; x_wconf 88' lang='lat' dir='ltr'>me</span> <span class='ocrx_word' id='word_1_221' title='bbox 1582 1786 1680 1825; x_wconf 73' lang='lat' dir='ltr'>pau-</span> 
     </span>
     <span class='ocr_line' id='line_1_24' title="bbox 294 1832 1680 1887; baseline 0.002 -14"><span class='ocrx_word' id='word_1_222' title='bbox 294 1847 361 1873; x_wconf 90' lang='lat' dir='ltr'>cos</span> <span class='ocrx_word' id='word_1_223' title='bbox 383 1833 518 1886; x_wconf 84' lang='lat' dir='ltr'>specus</span> <span class='ocrx_word' id='word_1_224' title='bbox 540 1834 581 1871; x_wconf 94' lang='lat' dir='ltr'>in</span> <span class='ocrx_word' id='word_1_225' title='bbox 602 1847 779 1872; x_wconf 83' lang='lat' dir='ltr'>extremo</span> <span class='ocrx_word' id='word_1_226' title='bbox 799 1832 940 1878; x_wconf 86' lang='lat' dir='ltr'>fundo,</span> <span class='ocrx_word' id='word_1_227' title='bbox 962 1843 1000 1871; x_wconf 91' lang='lat' dir='ltr'>et</span> <span class='ocrx_word' id='word_1_228' title='bbox 1020 1847 1084 1872; x_wconf 85' lang='lat' dir='ltr'>eos</span> <span class='ocrx_word' id='word_1_229' title='bbox 1106 1834 1266 1887; x_wconf 89' lang='lat' dir='ltr'>quidem</span> <span class='ocrx_word' id='word_1_230' title='bbox 1289 1835 1571 1882; x_wconf 85' lang='lat' dir='ltr'>subterraneos,</span> <span class='ocrx_word' id='word_1_231' title='bbox 1603 1838 1680 1876; x_wconf 87' lang='lat' dir='ltr'>ser-</span> 
     </span>
     <span class='ocr_line' id='line_1_25' title="bbox 293 1899 1693 1956; baseline 0.004 -18"><span class='ocrx_word' id='word_1_232' title='bbox 293 1900 432 1938; x_wconf 87' lang='lat' dir='ltr'>vitutis</span> <span class='ocrx_word' id='word_1_233' title='bbox 454 1899 556 1952; x_wconf 88' lang='lat' dir='ltr'>apud</span> <span class='ocrx_word' id='word_1_234' title='bbox 577 1900 652 1938; x_wconf 84' lang='lat' dir='ltr'>tale</span> <span class='ocrx_word' id='word_1_235' title='bbox 672 1899 768 1952; x_wconf 93' lang='lat' dir='ltr'>quid</span> <span class='ocrx_word' id='word_1_236' title='bbox 797 1899 1000 1937; x_wconf 88' lang='lat' dir='ltr'>habituros</span> <span class='ocrx_word' id='word_1_237' title='bbox 1020 1915 1029 1937; x_wconf 88' lang='lat'><strong>:</strong></span> <span class='ocrx_word' id='word_1_238' title='bbox 1062 1899 1102 1937; x_wconf 91' lang='lat' dir='ltr'>id</span> <span class='ocrx_word' id='word_1_239' title='bbox 1132 1914 1195 1938; x_wconf 90' lang='lat' dir='ltr'>me</span> <span class='ocrx_word' id='word_1_240' title='bbox 1218 1902 1382 1954; x_wconf 83' lang='lat' dir='ltr'>jamjam</span> <span class='ocrx_word' id='word_1_241' title='bbox 1404 1903 1525 1948; x_wconf 94' lang='lat' dir='ltr'>nolle,</span> <span class='ocrx_word' id='word_1_242' title='bbox 1556 1917 1693 1956; x_wconf 86' lang='lat' dir='ltr'>neque.</span> 
     </span>
     <span class='ocr_line' id='line_1_26' title="bbox 294 1964 1680 2019; baseline 0.003 -16"><span class='ocrx_word' id='word_1_243' title='bbox 294 1965 396 2004; x_wconf 89' lang='lat' dir='ltr'>mihi</span> <span class='ocrx_word' id='word_1_244' title='bbox 416 1965 634 2018; x_wconf 84' lang='lat' dir='ltr'>quidquam</span> <span class='ocrx_word' id='word_1_245' title='bbox 656 1966 728 2004; x_wconf 86' lang='lat' dir='ltr'>effe</span> <span class='ocrx_word' id='word_1_246' title='bbox 749 1966 873 2010; x_wconf 88' lang='lat' dir='ltr'>tanti;</span> <span class='ocrx_word' id='word_1_247' title='bbox 905 1965 983 2010; x_wconf 85' lang='lat' dir='ltr'>sed,</span> <span class='ocrx_word' id='word_1_248' title='bbox 1016 1974 1059 2003; x_wconf 91' lang='lat' dir='ltr'>ut</span> <span class='ocrx_word' id='word_1_249' title='bbox 1080 1964 1181 2003; x_wconf 90' lang='lat' dir='ltr'>mihi</span> <span class='ocrx_word' id='word_1_250' title='bbox 1202 1965 1372 2012; x_wconf 83' lang='lat' dir='ltr'>dicebas,</span> <span class='ocrx_word' id='word_1_251' title='bbox 1395 1981 1512 2019; x_wconf 90' lang='lat' dir='ltr'>quam</span> <span class='ocrx_word' id='word_1_252' title='bbox 1534 1969 1680 2007; x_wconf 86' lang='lat' dir='ltr'>leniffi-</span> 
     </span>
     <span class='ocr_line' id='line_1_27' title="bbox 295 2031 1682 2087; baseline 0.002 -18"><span class='ocrx_word' id='word_1_253' title='bbox 295 2044 387 2077; x_wconf 84' lang='lat' dir='ltr'>me;</span> <span class='ocrx_word' id='word_1_254' title='bbox 420 2031 551 2084; x_wconf 89' lang='lat' dir='ltr'>potius</span> <span class='ocrx_word' id='word_1_255' title='bbox 574 2041 618 2069; x_wconf 89' lang='lat' dir='ltr'>ut</span> <span class='ocrx_word' id='word_1_256' title='bbox 637 2045 729 2069; x_wconf 87' lang='lat' dir='ltr'>cura</span> <span class='ocrx_word' id='word_1_257' title='bbox 749 2031 952 2076; x_wconf 88' lang='lat' dir='ltr'>liberetur,</span> <span class='ocrx_word' id='word_1_258' title='bbox 984 2043 1102 2083; x_wconf 88' lang='lat' dir='ltr'>quam</span> <span class='ocrx_word' id='word_1_259' title='bbox 1133 2040 1177 2068; x_wconf 92' lang='lat' dir='ltr'>ut</span> <span class='ocrx_word' id='word_1_260' title='bbox 1207 2045 1269 2069; x_wconf 92' lang='lat' dir='ltr'>me</span> <span class='ocrx_word' id='word_1_261' title='bbox 1291 2031 1511 2071; x_wconf 90' lang='lat' dir='ltr'>succensere</span> <span class='ocrx_word' id='word_1_262' title='bbox 1532 2034 1682 2087; x_wconf 88' lang='lat' dir='ltr'>aliquid</span> 
     </span>
     <span class='ocr_line' id='line_1_28' title="bbox 288 2096 1682 2149; baseline 0.002 -14"><span class='ocrx_word' id='word_1_263' title='bbox 288 2096 522 2149; x_wconf 77' lang='lat' dir='ltr'>suspicetur.</span> <span class='ocrx_word' id='word_1_264' title='bbox 569 2098 672 2135; x_wconf 88' lang='lat' dir='ltr'>Item</span> <span class='ocrx_word' id='word_1_265' title='bbox 703 2097 750 2135; x_wconf 92' lang='lat' dir='ltr'>de</span> <span class='ocrx_word' id='word_1_266' title='bbox 778 2097 850 2135; x_wconf 91' lang='lat' dir='ltr'>illo</span> <span class='ocrx_word' id='word_1_267' title='bbox 871 2096 1062 2135; x_wconf 83' lang='lat' dir='ltr'>Tulliano</span> <span class='ocrx_word' id='word_1_268' title='bbox 1091 2098 1219 2149; x_wconf 88' lang='lat' dir='ltr'>capite</span> <span class='ocrx_word' id='word_1_269' title='bbox 1249 2098 1370 2136; x_wconf 92' lang='lat' dir='ltr'>libere</span> <span class='ocrx_word' id='word_1_270' title='bbox 1391 2113 1482 2137; x_wconf 89' lang='lat' dir='ltr'>cum</span> <span class='ocrx_word' id='word_1_271' title='bbox 1506 2100 1682 2138; x_wconf 82' lang='lat' dir='ltr'>Cascelio</span> 
     </span>
     <span class='ocr_line' id='line_1_29' title="bbox 294 2162 1681 2214; baseline 0.002 -14"><span class='ocrx_word' id='word_1_272' title='bbox 294 2162 467 2214; x_wconf 88' lang='lat' dir='ltr'>loquare.</span> <span class='ocrx_word' id='word_1_273' title='bbox 515 2162 634 2200; x_wconf 84' lang='lat' dir='ltr'>Parva</span> <span class='ocrx_word' id='word_1_274' title='bbox 665 2175 723 2200; x_wconf 87' lang='lat' dir='ltr'>res</span> <span class='ocrx_word' id='word_1_275' title='bbox 753 2162 832 2200; x_wconf 88' lang='lat' dir='ltr'>est:</span> <span class='ocrx_word' id='word_1_276' title='bbox 865 2162 928 2200; x_wconf 89' lang='lat' dir='ltr'>sed</span> <span class='ocrx_word' id='word_1_277' title='bbox 958 2171 1001 2200; x_wconf 90' lang='lat' dir='ltr'>tu</span> <span class='ocrx_word' id='word_1_278' title='bbox 1027 2162 1126 2200; x_wconf 89' lang='lat' dir='ltr'>bene</span> <span class='ocrx_word' id='word_1_279' title='bbox 1145 2163 1368 2201; x_wconf 86' lang='lat' dir='ltr'>attendisti:</span> <span class='ocrx_word' id='word_1_280' title='bbox 1402 2165 1520 2202; x_wconf 88' lang='lat' dir='ltr'>nimis</span> <span class='ocrx_word' id='word_1_281' title='bbox 1542 2166 1681 2203; x_wconf 88' lang='lat' dir='ltr'>callide</span> 
     </span>
     <span class='ocr_line' id='line_1_30' title="bbox 293 2226 1681 2282; baseline 0.002 -17"><span class='ocrx_word' id='word_1_282' title='bbox 293 2227 492 2279; x_wconf 88' lang='lat' dir='ltr'>agebatur.</span> <span class='ocrx_word' id='word_1_283' title='bbox 538 2228 625 2280; x_wconf 88' lang='lat' dir='ltr'>Ego</span> <span class='ocrx_word' id='word_1_284' title='bbox 652 2237 798 2272; x_wconf 89' lang='lat' dir='ltr'>autem,</span> <span class='ocrx_word' id='word_1_285' title='bbox 830 2227 856 2265; x_wconf 87' lang='lat' dir='ltr'><strong>fi</strong></span> <span class='ocrx_word' id='word_1_286' title='bbox 878 2226 979 2265; x_wconf 88' lang='lat' dir='ltr'>mihi</span> <span class='ocrx_word' id='word_1_287' title='bbox 1000 2227 1238 2281; x_wconf 80' lang='lat' dir='ltr'>imposuifl‘et</span> <span class='ocrx_word' id='word_1_288' title='bbox 1259 2228 1423 2279; x_wconf 87' lang='lat' dir='ltr'>aliquid,</span> <span class='ocrx_word' id='word_1_289' title='bbox 1455 2230 1561 2282; x_wconf 90' lang='lat' dir='ltr'>quod</span> <span class='ocrx_word' id='word_1_290' title='bbox 1582 2244 1681 2282; x_wconf 85' lang='lat' dir='ltr'>pene</span> 
     </span>
     <span class='ocr_line' id='line_1_31' title="bbox 294 2292 1678 2347; baseline 0.003 -17"><span class='ocrx_word' id='word_1_291' title='bbox 294 2292 405 2338; x_wconf 86' lang='lat' dir='ltr'>fecit,</span> <span class='ocrx_word' id='word_1_292' title='bbox 437 2293 507 2331; x_wconf 75' lang='lat' dir='ltr'>nisi</span> <span class='ocrx_word' id='word_1_293' title='bbox 530 2302 594 2330; x_wconf 88' lang='lat' dir='ltr'>tua</span> <span class='ocrx_word' id='word_1_294' title='bbox 614 2293 765 2331; x_wconf 85' lang='lat' dir='ltr'>malitia</span> <span class='ocrx_word' id='word_1_295' title='bbox 783 2292 963 2338; x_wconf 72' lang='lat' dir='ltr'>affuisset,</span> <span class='ocrx_word' id='word_1_296' title='bbox 994 2293 1127 2331; x_wconf 87' lang='lat' dir='ltr'>animo</span> <span class='ocrx_word' id='word_1_297' title='bbox 1148 2293 1286 2345; x_wconf 86' lang='lat' dir='ltr'>iniquo</span> <span class='ocrx_word' id='word_1_298' title='bbox 1307 2293 1491 2333; x_wconf 78' lang='lat' dir='ltr'>tulissem.</span> <span class='ocrx_word' id='word_1_299' title='bbox 1526 2296 1678 2347; x_wconf 81' lang='lat' dir='ltr'>Itaque,</span> 
     </span>
     <span class='ocr_line' id='line_1_32' title="bbox 294 2359 1676 2412; baseline 0.003 -17"><span class='ocrx_word' id='word_1_300' title='bbox 294 2368 338 2396; x_wconf 88' lang='lat' dir='ltr'>ut</span> <span class='ocrx_word' id='word_1_301' title='bbox 360 2368 403 2396; x_wconf 91' lang='lat' dir='ltr'>ut</span> <span class='ocrx_word' id='word_1_302' title='bbox 424 2359 512 2403; x_wconf 89' lang='lat' dir='ltr'>erit,</span> <span class='ocrx_word' id='word_1_303' title='bbox 544 2372 626 2398; x_wconf 89' lang='lat' dir='ltr'>rem</span> <span class='ocrx_word' id='word_1_304' title='bbox 647 2359 831 2412; x_wconf 88' lang='lat' dir='ltr'>impediri</span> <span class='ocrx_word' id='word_1_305' title='bbox 853 2359 971 2397; x_wconf 89' lang='lat' dir='ltr'>malo.</span> <span class='ocrx_word' id='word_1_306' title='bbox 1018 2360 1205 2397; x_wconf 62' lang='lat' dir='ltr'>octavam</span> <span class='ocrx_word' id='word_1_307' title='bbox 1227 2368 1375 2410; x_wconf 89' lang='lat' dir='ltr'>partem</span> <span class='ocrx_word' id='word_1_308' title='bbox 1397 2360 1471 2397; x_wconf 90' lang='lat' dir='ltr'>tuli</span> <span class='ocrx_word' id='word_1_309' title='bbox 1504 2361 1676 2399; x_wconf 79' lang='lat' dir='ltr'>lumina-</span> 
     </span>
     <span class='ocr_line' id='line_1_33' title="bbox 294 2423 1677 2471; baseline 0.002 -9"><span class='ocrx_word' id='word_1_310' title='bbox 294 2425 398 2463; x_wconf 88' lang='lat' dir='ltr'>rium</span> <span class='ocrx_word' id='word_1_311' title='bbox 431 2425 471 2461; x_wconf 91' lang='lat' dir='ltr'>in</span> <span class='ocrx_word' id='word_1_312' title='bbox 505 2423 647 2462; x_wconf 81' lang='lat' dir='ltr'>aedium</span> <span class='ocrx_word' id='word_1_313' title='bbox 678 2425 726 2462; x_wconf 88' lang='lat' dir='ltr'>ad</span> <span class='ocrx_word' id='word_1_314' title='bbox 757 2425 888 2463; x_wconf 85' lang='lat' dir='ltr'>stranae</span> <span class='ocrx_word' id='word_1_315' title='bbox 915 2425 1156 2463; x_wconf 88' lang='lat' dir='ltr'>memineris.</span> <span class='ocrx_word' id='word_1_316' title='bbox 1204 2425 1281 2462; x_wconf 91' lang='lat' dir='ltr'>Cui</span> <span class='ocrx_word' id='word_1_317' title='bbox 1313 2425 1505 2471; x_wconf 87' lang='lat' dir='ltr'>Caerellia,</span> <span class='ocrx_word' id='word_1_318' title='bbox 1537 2428 1677 2466; x_wconf 88' lang='lat' dir='ltr'>videris</span> 
     </span>
     <span class='ocr_line' id='line_1_34' title="bbox 293 2489 1676 2543; baseline 0.001 -14"><span class='ocrx_word' id='word_1_319' title='bbox 293 2490 493 2541; x_wconf 86' lang='lat' dir='ltr'>mancipio</span> <span class='ocrx_word' id='word_1_320' title='bbox 514 2489 601 2526; x_wconf 90' lang='lat' dir='ltr'>dare</span> <span class='ocrx_word' id='word_1_321' title='bbox 621 2489 667 2526; x_wconf 87' lang='lat' dir='ltr'>ad</span> <span class='ocrx_word' id='word_1_322' title='bbox 688 2503 772 2527; x_wconf 91' lang='lat' dir='ltr'>eam</span> <span class='ocrx_word' id='word_1_323' title='bbox 793 2491 1002 2535; x_wconf 88' lang='lat' dir='ltr'>summam,</span> <span class='ocrx_word' id='word_1_324' title='bbox 1033 2504 1119 2542; x_wconf 85' lang='lat' dir='ltr'>quae</span> <span class='ocrx_word' id='word_1_325' title='bbox 1150 2490 1219 2528; x_wconf 87' lang='lat' dir='ltr'>sub</span> <span class='ocrx_word' id='word_1_326' title='bbox 1250 2505 1426 2543; x_wconf 79' lang='lat' dir='ltr'>praecone</span> <span class='ocrx_word' id='word_1_327' title='bbox 1450 2491 1528 2530; x_wconf 91' lang='lat' dir='ltr'>fuit</span> <span class='ocrx_word' id='word_1_328' title='bbox 1549 2494 1676 2530; x_wconf 82' lang='lat' dir='ltr'>maxi-</span> 
     </span>
     <span class='ocr_line' id='line_1_35' title="bbox 289 2554 1677 2610; baseline 0 -15"><span class='ocrx_word' id='word_1_329' title='bbox 289 2568 384 2600; x_wconf 82' lang='lat' dir='ltr'>ma3</span> <span class='ocrx_word' id='word_1_330' title='bbox 416 2554 457 2592; x_wconf 89' lang='lat' dir='ltr'>id</span> <span class='ocrx_word' id='word_1_331' title='bbox 477 2555 618 2607; x_wconf 87' lang='lat' dir='ltr'>opinor</span> <span class='ocrx_word' id='word_1_332' title='bbox 637 2554 708 2593; x_wconf 85' lang='lat' dir='ltr'>effe</span> <span class='ocrx_word' id='word_1_333' title='bbox 731 2567 957 2594; x_wconf 66' lang='lat' dir='ltr'>ccmxxx.</span> <span class='ocrx_word' id='word_1_334' title='bbox 1003 2555 1111 2594; x_wconf 92' lang='lat' dir='ltr'>Novi</span> <span class='ocrx_word' id='word_1_335' title='bbox 1141 2555 1167 2593; x_wconf 88' lang='lat' dir='ltr'>fi</span> <span class='ocrx_word' id='word_1_336' title='bbox 1188 2555 1286 2608; x_wconf 86' lang='lat' dir='ltr'>quid</span> <span class='ocrx_word' id='word_1_337' title='bbox 1305 2557 1393 2601; x_wconf 82' lang='lat' dir='ltr'>erit,</span> <span class='ocrx_word' id='word_1_338' title='bbox 1424 2566 1539 2610; x_wconf 88' lang='lat' dir='ltr'>atque</span> <span class='ocrx_word' id='word_1_339' title='bbox 1559 2557 1677 2596; x_wconf 84' lang='lat' dir='ltr'>etiam</span> 
     </span>
    </p>
   </div>
  </div>
 </body>
</html>
