<?xml version="1.0" encoding="UTF-8"?>
<!DOCTYPE html PUBLIC "-//W3C//DTD XHTML 1.0 Transitional//EN"
    "http://www.w3.org/TR/xhtml1/DTD/xhtml1-transitional.dtd">
<html xmlns="http://www.w3.org/1999/xhtml" xml:lang="en" lang="en">
 <head>
  <title>
</title>
<meta http-equiv="Content-Type" content="text/html;charset=utf-8" />
  <meta name='ocr-system' content='tesseract 3.04.00' />
  <meta name='ocr-capabilities' content='ocr_page ocr_carea ocr_par ocr_line ocrx_word'/>
</head>
<body>
  <div class='ocr_page' id='page_1' title='image "./operacumindicibu08ciceuoft_0251.png"; bbox 0 0 2243 3008; ppageno 0'>
   <div class='ocr_carea' id='block_1_1' title="bbox 539 291 1695 352">
    <p class='ocr_par' dir='ltr' id='par_1_1' title="bbox 539 291 1695 352">
     <span class='ocr_line' id='line_1_1' title="bbox 539 291 1695 352; baseline 0.007 -22"><span class='ocrx_word' id='word_1_1' title='bbox 539 291 1471 335; x_wconf 80' lang='lat' dir='ltr'>ADATTICUML1B.1X.</span> <span class='ocrx_word' id='word_1_2' title='bbox 1620 312 1695 352; x_wconf 81' lang='lat'>243</span> 
     </span>
    </p>
   </div>
   <div class='ocr_carea' id='block_1_2' title="bbox 299 384 1697 2651">
    <p class='ocr_par' dir='ltr' id='par_1_2' title="bbox 299 384 1697 2651">
     <span class='ocr_line' id='line_1_2' title="bbox 312 384 1693 445; baseline 0.003 -15"><span class='ocrx_word' id='word_1_3' title='bbox 312 389 419 445; x_wconf 88' lang='lat' dir='ltr'>regni</span> <span class='ocrx_word' id='word_1_4' title='bbox 441 390 740 429; x_wconf 73' lang='lat' dir='ltr'>similitudinem</span> <span class='ocrx_word' id='word_1_5' title='bbox 761 391 1004 444; x_wconf 89' lang='lat' dir='ltr'>concupivit.</span> <span class='ocrx_word' id='word_1_6' title='bbox 1053 384 1147 428; x_wconf 70' lang='grc' dir='ltr'>Εὶὸώς</span> <span class='ocrx_word' id='word_1_7' title='bbox 1161 405 1201 426; x_wconf 73' lang='lat' dir='ltr'>ava</span> <span class='ocrx_word' id='word_1_8' title='bbox 1220 390 1326 438; x_wconf 77' lang='grc' dir='ltr'>λέγω.</span> <span class='ocrx_word' id='word_1_9' title='bbox 1373 394 1490 432; x_wconf 89' lang='lat' dir='ltr'>Nihil</span> <span class='ocrx_word' id='word_1_10' title='bbox 1521 396 1588 433; x_wconf 89' lang='lat' dir='ltr'>ille</span> <span class='ocrx_word' id='word_1_11' title='bbox 1616 409 1693 434; x_wconf 82' lang='lat' dir='ltr'>un-</span> 
     </span>
     <span class='ocr_line' id='line_1_3' title="bbox 309 454 1694 512; baseline 0.003 -17"><span class='ocrx_word' id='word_1_12' title='bbox 309 471 428 509; x_wconf 88' lang='lat' dir='ltr'>quam</span> <span class='ocrx_word' id='word_1_13' title='bbox 456 457 588 495; x_wconf 88' lang='lat' dir='ltr'>minus</span> <span class='ocrx_word' id='word_1_14' title='bbox 616 456 779 495; x_wconf 85' lang='lat' dir='ltr'>obscure</span> <span class='ocrx_word' id='word_1_15' title='bbox 809 457 916 496; x_wconf 87' lang='lat' dir='ltr'>tulit.</span> <span class='ocrx_word' id='word_1_16' title='bbox 964 458 1069 495; x_wconf 93' lang='lat' dir='ltr'>Cum</span> <span class='ocrx_word' id='word_1_17' title='bbox 1099 454 1227 494; x_wconf 88' lang='lat' dir='ltr'>hocne</span> <span class='ocrx_word' id='word_1_18' title='bbox 1255 457 1392 509; x_wconf 83' lang='lat' dir='ltr'>igitur,</span> <span class='ocrx_word' id='word_1_19' title='bbox 1423 460 1591 512; x_wconf 82' lang='lat' dir='ltr'>inquies,</span> <span class='ocrx_word' id='word_1_20' title='bbox 1623 462 1694 499; x_wconf 82' lang='lat' dir='ltr'>effe</span> 
     </span>
     <span class='ocr_line' id='line_1_4' title="bbox 309 521 1690 574; baseline 0.002 -14"><span class='ocrx_word' id='word_1_21' title='bbox 309 524 398 561; x_wconf 89' lang='lat' dir='ltr'>vis?</span> <span class='ocrx_word' id='word_1_22' title='bbox 431 522 674 561; x_wconf 85' lang='lat' dir='ltr'>Beneficium</span> <span class='ocrx_word' id='word_1_23' title='bbox 696 521 848 574; x_wconf 90' lang='lat' dir='ltr'>sequor,</span> <span class='ocrx_word' id='word_1_24' title='bbox 879 521 1128 566; x_wconf 87' lang='lat' dir='ltr'>mihicrede,</span> <span class='ocrx_word' id='word_1_25' title='bbox 1159 535 1239 560; x_wconf 88' lang='lat' dir='ltr'>non</span> <span class='ocrx_word' id='word_1_26' title='bbox 1261 524 1427 569; x_wconf 87' lang='lat' dir='ltr'>causam,</span> <span class='ocrx_word' id='word_1_27' title='bbox 1459 534 1503 562; x_wconf 87' lang='lat' dir='ltr'>ut</span> <span class='ocrx_word' id='word_1_28' title='bbox 1535 526 1573 562; x_wconf 89' lang='lat' dir='ltr'>in</span> <span class='ocrx_word' id='word_1_29' title='bbox 1605 526 1690 563; x_wconf 81' lang='lat' dir='ltr'>Mi-</span> 
     </span>
     <span class='ocr_line' id='line_1_5' title="bbox 307 587 1689 640; baseline 0.001 -13"><span class='ocrx_word' id='word_1_30' title='bbox 307 589 412 634; x_wconf 89' lang='lat' dir='ltr'>lone,</span> <span class='ocrx_word' id='word_1_31' title='bbox 444 597 489 627; x_wconf 91' lang='lat' dir='ltr'>ut</span> <span class='ocrx_word' id='word_1_32' title='bbox 509 589 549 626; x_wconf 91' lang='lat' dir='ltr'>in</span> <span class='ocrx_word' id='word_1_33' title='bbox 570 618 578 626; x_wconf 93' lang='lat'><em>.</em></span> <span class='ocrx_word' id='word_1_34' title='bbox 601 618 610 626; x_wconf 90' lang='lat'><strong>.</strong></span> <span class='ocrx_word' id='word_1_35' title='bbox 632 618 640 626; x_wconf 94' lang='lat'>.</span> <span class='ocrx_word' id='word_1_36' title='bbox 666 588 738 626; x_wconf 90' lang='lat' dir='ltr'>Sed</span> <span class='ocrx_word' id='word_1_37' title='bbox 758 587 840 626; x_wconf 87' lang='lat' dir='ltr'>haec</span> <span class='ocrx_word' id='word_1_38' title='bbox 861 587 1062 626; x_wconf 68' lang='lat' dir='ltr'>haetenus.</span> <span class='ocrx_word' id='word_1_39' title='bbox 1099 587 1223 625; x_wconf 89' lang='lat' dir='ltr'>Causa</span> <span class='ocrx_word' id='word_1_40' title='bbox 1242 588 1364 640; x_wconf 89' lang='lat' dir='ltr'>igitur</span> <span class='ocrx_word' id='word_1_41' title='bbox 1384 603 1463 627; x_wconf 90' lang='lat' dir='ltr'>non</span> <span class='ocrx_word' id='word_1_42' title='bbox 1486 590 1587 628; x_wconf 88' lang='lat' dir='ltr'>bona</span> <span class='ocrx_word' id='word_1_43' title='bbox 1606 591 1657 628; x_wconf 91' lang='lat' dir='ltr'>est</span> <span class='ocrx_word' id='word_1_44' title='bbox 1677 594 1689 628; x_wconf 90' lang='lat'>?</span> 
     </span>
     <span class='ocr_line' id='line_1_6' title="bbox 306 653 1691 706; baseline 0.001 -15"><span class='ocrx_word' id='word_1_45' title='bbox 306 654 432 692; x_wconf 90' lang='lat' dir='ltr'>immo</span> <span class='ocrx_word' id='word_1_46' title='bbox 466 654 644 706; x_wconf 80' lang='lat' dir='ltr'>optima3</span> <span class='ocrx_word' id='word_1_47' title='bbox 691 653 755 691; x_wconf 92' lang='lat' dir='ltr'>sed</span> <span class='ocrx_word' id='word_1_48' title='bbox 793 661 928 705; x_wconf 87' lang='lat' dir='ltr'>agetur</span> <span class='ocrx_word' id='word_1_49' title='bbox 964 653 1201 705; x_wconf 87' lang='lat' dir='ltr'>(memento)</span> <span class='ocrx_word' id='word_1_50' title='bbox 1238 653 1459 693; x_wconf 83' lang='lat' dir='ltr'>foediffime.</span> <span class='ocrx_word' id='word_1_51' title='bbox 1511 656 1691 693; x_wconf 88' lang='lat' dir='ltr'>Primum</span> 
     </span>
     <span class='ocr_line' id='line_1_7' title="bbox 305 718 1691 772; baseline 0.001 -15"><span class='ocrx_word' id='word_1_52' title='bbox 305 719 515 757; x_wconf 87' lang='lat' dir='ltr'>confilium</span> <span class='ocrx_word' id='word_1_53' title='bbox 535 719 588 757; x_wconf 88' lang='lat' dir='ltr'>est</span> <span class='ocrx_word' id='word_1_54' title='bbox 615 718 801 757; x_wconf 83' lang='lat' dir='ltr'>suffocare</span> <span class='ocrx_word' id='word_1_55' title='bbox 833 718 971 756; x_wconf 90' lang='lat' dir='ltr'>urbem</span> <span class='ocrx_word' id='word_1_56' title='bbox 1002 728 1042 756; x_wconf 89' lang='lat' dir='ltr'>et</span> <span class='ocrx_word' id='word_1_57' title='bbox 1074 718 1228 756; x_wconf 81' lang='lat' dir='ltr'>Italiam</span> <span class='ocrx_word' id='word_1_58' title='bbox 1259 718 1389 765; x_wconf 81' lang='lat' dir='ltr'>fame3</span> <span class='ocrx_word' id='word_1_59' title='bbox 1422 720 1561 758; x_wconf 91' lang='lat' dir='ltr'>deinde</span> <span class='ocrx_word' id='word_1_60' title='bbox 1580 734 1691 772; x_wconf 85' lang='lat' dir='ltr'>agros</span> 
     </span>
     <span class='ocr_line' id='line_1_8' title="bbox 302 783 1692 838; baseline 0.001 -15"><span class='ocrx_word' id='word_1_61' title='bbox 302 785 459 830; x_wconf 86' lang='lat' dir='ltr'>vastare,</span> <span class='ocrx_word' id='word_1_62' title='bbox 490 798 613 830; x_wconf 90' lang='lat' dir='ltr'>urere,</span> <span class='ocrx_word' id='word_1_63' title='bbox 644 784 822 838; x_wconf 86' lang='lat' dir='ltr'>pecuniis</span> <span class='ocrx_word' id='word_1_64' title='bbox 853 784 1102 837; x_wconf 89' lang='lat' dir='ltr'>locupletum</span> <span class='ocrx_word' id='word_1_65' title='bbox 1133 798 1213 822; x_wconf 91' lang='lat' dir='ltr'>non</span> <span class='ocrx_word' id='word_1_66' title='bbox 1244 785 1447 825; x_wconf 89' lang='lat' dir='ltr'>abstinere.</span> <span class='ocrx_word' id='word_1_67' title='bbox 1494 786 1566 825; x_wconf 89' lang='lat' dir='ltr'>Sed</span> <span class='ocrx_word' id='word_1_68' title='bbox 1597 783 1692 824; x_wconf 87' lang='lat' dir='ltr'>cum</span> 
     </span>
     <span class='ocr_line' id='line_1_9' title="bbox 304 849 1688 902; baseline 0.001 -15"><span class='ocrx_word' id='word_1_69' title='bbox 304 850 438 889; x_wconf 87' lang='lat' dir='ltr'>eadem</span> <span class='ocrx_word' id='word_1_70' title='bbox 469 859 644 889; x_wconf 89' lang='lat' dir='ltr'>metuam</span> <span class='ocrx_word' id='word_1_71' title='bbox 678 850 726 888; x_wconf 92' lang='lat' dir='ltr'>ab</span> <span class='ocrx_word' id='word_1_72' title='bbox 761 849 833 888; x_wconf 91' lang='lat' dir='ltr'>hac</span> <span class='ocrx_word' id='word_1_73' title='bbox 866 859 998 902; x_wconf 83' lang='lat' dir='ltr'>parte;</span> <span class='ocrx_word' id='word_1_74' title='bbox 1032 850 1058 888; x_wconf 90' lang='lat' dir='ltr'>fi</span> <span class='ocrx_word' id='word_1_75' title='bbox 1092 849 1205 888; x_wconf 89' lang='lat' dir='ltr'>illinc</span> <span class='ocrx_word' id='word_1_76' title='bbox 1242 850 1478 889; x_wconf 88' lang='lat' dir='ltr'>beneficium</span> <span class='ocrx_word' id='word_1_77' title='bbox 1514 865 1592 889; x_wconf 90' lang='lat' dir='ltr'>non</span> <span class='ocrx_word' id='word_1_78' title='bbox 1629 852 1688 895; x_wconf 87' lang='lat' dir='ltr'>fit,</span> 
     </span>
     <span class='ocr_line' id='line_1_10' title="bbox 305 915 1690 969; baseline 0.001 -16"><span class='ocrx_word' id='word_1_79' title='bbox 305 917 446 954; x_wconf 68' lang='lat' dir='ltr'>restius</span> <span class='ocrx_word' id='word_1_80' title='bbox 468 926 605 969; x_wconf 89' lang='lat' dir='ltr'>putem</span> <span class='ocrx_word' id='word_1_81' title='bbox 625 917 781 969; x_wconf 88' lang='lat' dir='ltr'>quidvis</span> <span class='ocrx_word' id='word_1_82' title='bbox 802 916 912 953; x_wconf 89' lang='lat' dir='ltr'>domi</span> <span class='ocrx_word' id='word_1_83' title='bbox 932 915 1097 968; x_wconf 87' lang='lat' dir='ltr'><strong>perpeti.</strong></span> <span class='ocrx_word' id='word_1_84' title='bbox 1141 915 1213 954; x_wconf 87' lang='lat' dir='ltr'>Sed</span> <span class='ocrx_word' id='word_1_85' title='bbox 1233 916 1288 954; x_wconf 88' lang='lat' dir='ltr'>ita</span> <span class='ocrx_word' id='word_1_86' title='bbox 1307 917 1486 955; x_wconf 76' lang='lat' dir='ltr'>meruisse</span> <span class='ocrx_word' id='word_1_87' title='bbox 1505 917 1621 955; x_wconf 91' lang='lat' dir='ltr'>illum</span> <span class='ocrx_word' id='word_1_88' title='bbox 1644 918 1690 955; x_wconf 91' lang='lat' dir='ltr'>de</span> 
     </span>
     <span class='ocr_line' id='line_1_11' title="bbox 305 979 1690 1035; baseline 0.001 -17"><span class='ocrx_word' id='word_1_89' title='bbox 305 994 368 1019; x_wconf 88' lang='lat' dir='ltr'>me</span> <span class='ocrx_word' id='word_1_90' title='bbox 388 991 501 1034; x_wconf 84' lang='lat' dir='ltr'>puto,</span> <span class='ocrx_word' id='word_1_91' title='bbox 534 990 578 1019; x_wconf 92' lang='lat' dir='ltr'>ut</span> <span class='ocrx_word' id='word_1_92' title='bbox 597 979 780 1031; x_wconf 67' lang='grc' dir='ltr'>ἀχαριςίοις</span> <span class='ocrx_word' id='word_1_93' title='bbox 800 981 950 1018; x_wconf 87' lang='lat' dir='ltr'>crimen</span> <span class='ocrx_word' id='word_1_94' title='bbox 972 980 1100 1018; x_wconf 90' lang='lat' dir='ltr'>subire</span> <span class='ocrx_word' id='word_1_95' title='bbox 1120 994 1200 1018; x_wconf 93' lang='lat' dir='ltr'>non</span> <span class='ocrx_word' id='word_1_96' title='bbox 1228 981 1405 1020; x_wconf 89' lang='lat' dir='ltr'>audeam.</span> <span class='ocrx_word' id='word_1_97' title='bbox 1451 984 1690 1035; x_wconf 86' lang='lat' dir='ltr'>Qanquam</span> 
     </span>
     <span class='ocr_line' id='line_1_12' title="bbox 303 1045 1691 1100; baseline 0.001 -16"><span class='ocrx_word' id='word_1_98' title='bbox 303 1060 324 1084; x_wconf 90' lang='lat' dir='ltr'>a</span> <span class='ocrx_word' id='word_1_99' title='bbox 344 1056 381 1085; x_wconf 90' lang='lat' dir='ltr'>te</span> <span class='ocrx_word' id='word_1_100' title='bbox 401 1048 483 1099; x_wconf 87' lang='lat' dir='ltr'>ejus</span> <span class='ocrx_word' id='word_1_101' title='bbox 505 1059 663 1100; x_wconf 88' lang='lat' dir='ltr'>quoque</span> <span class='ocrx_word' id='word_1_102' title='bbox 684 1046 738 1083; x_wconf 86' lang='lat' dir='ltr'>rei</span> <span class='ocrx_word' id='word_1_103' title='bbox 754 1046 856 1098; x_wconf 88' lang='lat' dir='ltr'>justa</span> <span class='ocrx_word' id='word_1_104' title='bbox 876 1045 1045 1084; x_wconf 88' lang='lat' dir='ltr'>defenfio</span> <span class='ocrx_word' id='word_1_105' title='bbox 1065 1046 1118 1084; x_wconf 88' lang='lat' dir='ltr'>est</span> <span class='ocrx_word' id='word_1_106' title='bbox 1138 1047 1344 1099; x_wconf 86' lang='lat' dir='ltr'>explicata.</span> <span class='ocrx_word' id='word_1_107' title='bbox 1391 1048 1454 1086; x_wconf 88' lang='lat' dir='ltr'>De</span> <span class='ocrx_word' id='word_1_108' title='bbox 1485 1048 1691 1100; x_wconf 89' lang='lat' dir='ltr'>triumpho</span> 
     </span>
     <span class='ocr_line' id='line_1_13' title="bbox 303 1111 1687 1165; baseline 0.001 -16"><span class='ocrx_word' id='word_1_109' title='bbox 303 1112 378 1150; x_wconf 91' lang='lat' dir='ltr'>tibi</span> <span class='ocrx_word' id='word_1_110' title='bbox 399 1112 578 1150; x_wconf 86' lang='lat' dir='ltr'>affentior</span> <span class='ocrx_word' id='word_1_111' title='bbox 592 1130 605 1157; x_wconf 64' lang='grc' dir='ltr'>ς</span> <span class='ocrx_word' id='word_1_112' title='bbox 638 1124 758 1163; x_wconf 88' lang='lat' dir='ltr'>quem</span> <span class='ocrx_word' id='word_1_113' title='bbox 779 1111 941 1163; x_wconf 91' lang='lat' dir='ltr'>quidem</span> <span class='ocrx_word' id='word_1_114' title='bbox 963 1121 1093 1150; x_wconf 90' lang='lat' dir='ltr'>totum</span> <span class='ocrx_word' id='word_1_115' title='bbox 1114 1111 1229 1150; x_wconf 88' lang='lat' dir='ltr'>facile</span> <span class='ocrx_word' id='word_1_116' title='bbox 1249 1122 1287 1150; x_wconf 94' lang='lat' dir='ltr'>et</span> <span class='ocrx_word' id='word_1_117' title='bbox 1308 1113 1476 1151; x_wconf 84' lang='lat' dir='ltr'>libenter</span> <span class='ocrx_word' id='word_1_118' title='bbox 1496 1114 1687 1165; x_wconf 89' lang='lat' dir='ltr'>abjecero.</span> 
     </span>
     <span class='ocr_line' id='line_1_14' title="bbox 302 1174 1686 1233; baseline 0.002 -18"><span class='ocrx_word' id='word_1_119' title='bbox 302 1178 471 1229; x_wconf 87' lang='lat' dir='ltr'>Egregie</span> <span class='ocrx_word' id='word_1_120' title='bbox 503 1177 627 1229; x_wconf 90' lang='lat' dir='ltr'>probo</span> <span class='ocrx_word' id='word_1_121' title='bbox 659 1176 756 1221; x_wconf 87' lang='lat' dir='ltr'>fore,</span> <span class='ocrx_word' id='word_1_122' title='bbox 789 1186 847 1222; x_wconf 88' lang='lat' dir='ltr'>ut,</span> <span class='ocrx_word' id='word_1_123' title='bbox 879 1177 974 1215; x_wconf 91' lang='lat' dir='ltr'>dum</span> <span class='ocrx_word' id='word_1_124' title='bbox 1003 1191 1176 1229; x_wconf 86' lang='lat' dir='ltr'>agamus,</span> <span class='ocrx_word' id='word_1_125' title='bbox 1208 1174 1335 1216; x_wconf 65' lang='grc' dir='ltr'>ὁπλὲς</span> <span class='ocrx_word' id='word_1_126' title='bbox 1361 1175 1469 1228; x_wconf 66' lang='grc' dir='ltr'><em>ὡραῖος</em></span> <span class='ocrx_word' id='word_1_127' title='bbox 1499 1179 1686 1233; x_wconf 83' lang='lat' dir='ltr'>obrepat:</span> 
     </span>
     <span class='ocr_line' id='line_1_15' title="bbox 301 1241 1689 1297; baseline 0.003 -18"><span class='ocrx_word' id='word_1_128' title='bbox 301 1241 328 1279; x_wconf 88' lang='lat' dir='ltr'>fi</span> <span class='ocrx_word' id='word_1_129' title='bbox 348 1242 482 1287; x_wconf 90' lang='lat' dir='ltr'>modo,</span> <span class='ocrx_word' id='word_1_130' title='bbox 510 1242 657 1295; x_wconf 83' lang='lat' dir='ltr'>inquis,</span> <span class='ocrx_word' id='word_1_131' title='bbox 681 1241 768 1280; x_wconf 89' lang='lat' dir='ltr'>satis</span> <span class='ocrx_word' id='word_1_132' title='bbox 790 1242 857 1280; x_wconf 91' lang='lat' dir='ltr'>ille</span> <span class='ocrx_word' id='word_1_133' title='bbox 877 1243 950 1280; x_wconf 91' lang='lat' dir='ltr'>erit</span> <span class='ocrx_word' id='word_1_134' title='bbox 972 1242 1124 1280; x_wconf 87' lang='lat' dir='ltr'>firmus.</span> <span class='ocrx_word' id='word_1_135' title='bbox 1158 1242 1225 1280; x_wconf 88' lang='lat' dir='ltr'>Est</span> <span class='ocrx_word' id='word_1_136' title='bbox 1246 1241 1396 1280; x_wconf 88' lang='lat' dir='ltr'>firmior</span> <span class='ocrx_word' id='word_1_137' title='bbox 1415 1245 1548 1289; x_wconf 86' lang='lat' dir='ltr'>etiam,</span> <span class='ocrx_word' id='word_1_138' title='bbox 1571 1259 1689 1297; x_wconf 90' lang='lat' dir='ltr'>quam</span> 
     </span>
     <span class='ocr_line' id='line_1_16' title="bbox 302 1306 1689 1358; baseline 0.002 -14"><span class='ocrx_word' id='word_1_139' title='bbox 302 1306 553 1358; x_wconf 86' lang='lat' dir='ltr'>putabamus.</span> <span class='ocrx_word' id='word_1_140' title='bbox 601 1307 663 1344; x_wconf 94' lang='lat' dir='ltr'>De</span> <span class='ocrx_word' id='word_1_141' title='bbox 684 1306 755 1344; x_wconf 89' lang='lat' dir='ltr'>isto</span> <span class='ocrx_word' id='word_1_142' title='bbox 777 1307 869 1345; x_wconf 91' lang='lat' dir='ltr'>licet</span> <span class='ocrx_word' id='word_1_143' title='bbox 891 1306 990 1345; x_wconf 90' lang='lat' dir='ltr'>bene</span> <span class='ocrx_word' id='word_1_144' title='bbox 1011 1307 1149 1358; x_wconf 87' lang='lat' dir='ltr'>speres.</span> <span class='ocrx_word' id='word_1_145' title='bbox 1194 1307 1391 1344; x_wconf 89' lang='lat' dir='ltr'>Promitto</span> <span class='ocrx_word' id='word_1_146' title='bbox 1416 1308 1505 1353; x_wconf 85' lang='lat' dir='ltr'>tibi,</span> <span class='ocrx_word' id='word_1_147' title='bbox 1537 1309 1563 1347; x_wconf 88' lang='lat' dir='ltr'><strong>fi</strong></span> <span class='ocrx_word' id='word_1_148' title='bbox 1584 1310 1689 1347; x_wconf 89' lang='lat' dir='ltr'>vale-</span> 
     </span>
     <span class='ocr_line' id='line_1_17' title="bbox 301 1371 1690 1426; baseline 0.002 -17"><span class='ocrx_word' id='word_1_149' title='bbox 301 1371 377 1417; x_wconf 89' lang='lat' dir='ltr'>bit,</span> <span class='ocrx_word' id='word_1_150' title='bbox 409 1372 583 1425; x_wconf 84' lang='lat' dir='ltr'>tegulam</span> <span class='ocrx_word' id='word_1_151' title='bbox 615 1372 732 1410; x_wconf 90' lang='lat' dir='ltr'>illum</span> <span class='ocrx_word' id='word_1_152' title='bbox 765 1373 806 1410; x_wconf 90' lang='lat' dir='ltr'>in</span> <span class='ocrx_word' id='word_1_153' title='bbox 840 1372 953 1410; x_wconf 90' lang='lat' dir='ltr'>Italia</span> <span class='ocrx_word' id='word_1_154' title='bbox 973 1372 1124 1410; x_wconf 86' lang='lat' dir='ltr'>nullam</span> <span class='ocrx_word' id='word_1_155' title='bbox 1146 1372 1389 1410; x_wconf 66' lang='lat' dir='ltr'>relicturum.</span> <span class='ocrx_word' id='word_1_156' title='bbox 1436 1375 1548 1411; x_wconf 90' lang='lat' dir='ltr'>Tene</span> <span class='ocrx_word' id='word_1_157' title='bbox 1568 1375 1690 1426; x_wconf 87' lang='lat' dir='ltr'>igitur</span> 
     </span>
     <span class='ocr_line' id='line_1_18' title="bbox 302 1437 1689 1490; baseline 0.001 -14"><span class='ocrx_word' id='word_1_158' title='bbox 302 1437 407 1476; x_wconf 88' lang='lat' dir='ltr'>socio</span> <span class='ocrx_word' id='word_1_159' title='bbox 426 1439 439 1475; x_wconf 90' lang='lat'>?</span> <span class='ocrx_word' id='word_1_160' title='bbox 472 1439 621 1476; x_wconf 91' lang='lat' dir='ltr'>Contra</span> <span class='ocrx_word' id='word_1_161' title='bbox 641 1437 866 1476; x_wconf 88' lang='lat' dir='ltr'>mehercule</span> <span class='ocrx_word' id='word_1_162' title='bbox 886 1451 1021 1476; x_wconf 89' lang='lat' dir='ltr'>meum</span> <span class='ocrx_word' id='word_1_163' title='bbox 1036 1438 1252 1490; x_wconf 90' lang='lat' dir='ltr'>judicium,</span> <span class='ocrx_word' id='word_1_164' title='bbox 1283 1447 1321 1475; x_wconf 91' lang='lat' dir='ltr'>et</span> <span class='ocrx_word' id='word_1_165' title='bbox 1345 1447 1481 1476; x_wconf 88' lang='lat' dir='ltr'>contra</span> <span class='ocrx_word' id='word_1_166' title='bbox 1507 1440 1689 1478; x_wconf 90' lang='lat' dir='ltr'>omniurn</span> 
     </span>
     <span class='ocr_line' id='line_1_19' title="bbox 301 1503 1690 1557; baseline 0.002 -16"><span class='ocrx_word' id='word_1_167' title='bbox 301 1503 557 1555; x_wconf 89' lang='lat' dir='ltr'>antiquorum</span> <span class='ocrx_word' id='word_1_168' title='bbox 577 1504 876 1549; x_wconf 64' lang='lat' dir='ltr'>austoritate1n3</span> <span class='ocrx_word' id='word_1_169' title='bbox 909 1517 980 1541; x_wconf 89' lang='lat' dir='ltr'>nec</span> <span class='ocrx_word' id='word_1_170' title='bbox 1012 1513 1092 1541; x_wconf 89' lang='lat' dir='ltr'>tam</span> <span class='ocrx_word' id='word_1_171' title='bbox 1113 1512 1158 1541; x_wconf 89' lang='lat' dir='ltr'>ut</span> <span class='ocrx_word' id='word_1_172' title='bbox 1188 1503 1257 1541; x_wconf 89' lang='lat' dir='ltr'>illa</span> <span class='ocrx_word' id='word_1_173' title='bbox 1280 1503 1475 1556; x_wconf 87' lang='lat' dir='ltr'>adjuvem,</span> <span class='ocrx_word' id='word_1_174' title='bbox 1505 1518 1624 1557; x_wconf 89' lang='lat' dir='ltr'>quam</span> <span class='ocrx_word' id='word_1_175' title='bbox 1646 1515 1690 1544; x_wconf 94' lang='lat' dir='ltr'>ut</span> 
     </span>
     <span class='ocr_line' id='line_1_20' title="bbox 301 1567 1688 1621; baseline 0.002 -16"><span class='ocrx_word' id='word_1_176' title='bbox 301 1567 385 1606; x_wconf 87' lang='lat' dir='ltr'>haec</span> <span class='ocrx_word' id='word_1_177' title='bbox 416 1581 463 1606; x_wconf 91' lang='lat' dir='ltr'>ne</span> <span class='ocrx_word' id='word_1_178' title='bbox 492 1568 660 1613; x_wconf 88' lang='lat' dir='ltr'>videam,</span> <span class='ocrx_word' id='word_1_179' title='bbox 691 1569 810 1621; x_wconf 88' lang='lat' dir='ltr'>cupio</span> <span class='ocrx_word' id='word_1_180' title='bbox 836 1568 1044 1606; x_wconf 87' lang='lat' dir='ltr'>discedere.</span> <span class='ocrx_word' id='word_1_181' title='bbox 1091 1569 1190 1607; x_wconf 93' lang='lat' dir='ltr'>Noli</span> <span class='ocrx_word' id='word_1_182' title='bbox 1218 1570 1325 1607; x_wconf 93' lang='lat' dir='ltr'>enim</span> <span class='ocrx_word' id='word_1_183' title='bbox 1346 1579 1482 1621; x_wconf 90' lang='lat' dir='ltr'>putare</span> <span class='ocrx_word' id='word_1_184' title='bbox 1502 1570 1688 1608; x_wconf 88' lang='lat' dir='ltr'>tolerabi—</span> 
     </span>
     <span class='ocr_line' id='line_1_21' title="bbox 302 1632 1689 1686; baseline 0.002 -16"><span class='ocrx_word' id='word_1_185' title='bbox 302 1634 358 1671; x_wconf 89' lang='lat' dir='ltr'>les</span> <span class='ocrx_word' id='word_1_186' title='bbox 379 1632 523 1671; x_wconf 88' lang='lat' dir='ltr'>horum</span> <span class='ocrx_word' id='word_1_187' title='bbox 543 1633 723 1679; x_wconf 88' lang='lat' dir='ltr'>insanias,</span> <span class='ocrx_word' id='word_1_188' title='bbox 755 1647 826 1671; x_wconf 88' lang='lat' dir='ltr'>nec</span> <span class='ocrx_word' id='word_1_189' title='bbox 847 1633 1089 1678; x_wconf 88' lang='lat' dir='ltr'>uniusmodi,</span> <span class='ocrx_word' id='word_1_190' title='bbox 1119 1633 1216 1672; x_wconf 89' lang='lat' dir='ltr'>fore.</span> <span class='ocrx_word' id='word_1_191' title='bbox 1264 1635 1346 1672; x_wconf 82' lang='lat' dir='ltr'>Etfi</span> <span class='ocrx_word' id='word_1_192' title='bbox 1370 1635 1466 1686; x_wconf 89' lang='lat' dir='ltr'>quid</span> <span class='ocrx_word' id='word_1_193' title='bbox 1488 1644 1524 1673; x_wconf 89' lang='lat' dir='ltr'>te</span> <span class='ocrx_word' id='word_1_194' title='bbox 1544 1635 1689 1674; x_wconf 87' lang='lat' dir='ltr'>horum</span> 
     </span>
     <span class='ocr_line' id='line_1_22' title="bbox 301 1698 1686 1751; baseline 0.002 -15"><span class='ocrx_word' id='word_1_195' title='bbox 301 1698 438 1751; x_wconf 88' lang='lat' dir='ltr'>fugit?</span> <span class='ocrx_word' id='word_1_196' title='bbox 480 1699 650 1750; x_wconf 88' lang='lat' dir='ltr'>legibus,</span> <span class='ocrx_word' id='word_1_197' title='bbox 675 1699 854 1751; x_wconf 87' lang='lat' dir='ltr'>judiciis,</span> <span class='ocrx_word' id='word_1_198' title='bbox 889 1700 1029 1737; x_wconf 88' lang='lat' dir='ltr'>Senatu</span> <span class='ocrx_word' id='word_1_199' title='bbox 1064 1699 1231 1744; x_wconf 87' lang='lat' dir='ltr'>sublato,</span> <span class='ocrx_word' id='word_1_200' title='bbox 1263 1699 1463 1744; x_wconf 86' lang='lat' dir='ltr'>libidines,</span> <span class='ocrx_word' id='word_1_201' title='bbox 1495 1701 1686 1746; x_wconf 89' lang='lat' dir='ltr'>audacias,</span> 
     </span>
     <span class='ocr_line' id='line_1_23' title="bbox 301 1764 1686 1819; baseline 0.002 -17"><span class='ocrx_word' id='word_1_202' title='bbox 301 1764 496 1816; x_wconf 78' lang='lat' dir='ltr'>sumptuS,</span> <span class='ocrx_word' id='word_1_203' title='bbox 527 1765 709 1816; x_wconf 87' lang='lat' dir='ltr'>egestates</span> <span class='ocrx_word' id='word_1_204' title='bbox 731 1774 791 1803; x_wconf 94' lang='lat' dir='ltr'>tot</span> <span class='ocrx_word' id='word_1_205' title='bbox 809 1765 1144 1816; x_wconf 86' lang='lat' dir='ltr'>egentiffimorum</span> <span class='ocrx_word' id='word_1_206' title='bbox 1164 1764 1393 1810; x_wconf 88' lang='lat' dir='ltr'>hominum,</span> <span class='ocrx_word' id='word_1_207' title='bbox 1423 1779 1495 1803; x_wconf 91' lang='lat' dir='ltr'>nec</span> <span class='ocrx_word' id='word_1_208' title='bbox 1521 1767 1686 1819; x_wconf 89' lang='lat' dir='ltr'>privatas</span> 
     </span>
     <span class='ocr_line' id='line_1_24' title="bbox 300 1828 1688 1882; baseline 0.002 -16"><span class='ocrx_word' id='word_1_209' title='bbox 300 1828 403 1882; x_wconf 83' lang='lat' dir='ltr'>poffe</span> <span class='ocrx_word' id='word_1_210' title='bbox 424 1842 497 1874; x_wconf 88' lang='lat' dir='ltr'>res,</span> <span class='ocrx_word' id='word_1_211' title='bbox 529 1842 600 1867; x_wconf 90' lang='lat' dir='ltr'>nec</span> <span class='ocrx_word' id='word_1_212' title='bbox 622 1829 946 1881; x_wconf 89' lang='lat' dir='ltr'>Rempublicam,</span> <span class='ocrx_word' id='word_1_213' title='bbox 978 1829 1175 1868; x_wconf 87' lang='lat' dir='ltr'>sustinere.</span> <span class='ocrx_word' id='word_1_214' title='bbox 1221 1829 1421 1868; x_wconf 87' lang='lat' dir='ltr'>Abeamus</span> <span class='ocrx_word' id='word_1_215' title='bbox 1447 1831 1570 1882; x_wconf 91' lang='lat' dir='ltr'>igitur</span> <span class='ocrx_word' id='word_1_216' title='bbox 1596 1831 1688 1869; x_wconf 90' lang='lat' dir='ltr'>inde</span> 
     </span>
     <span class='ocr_line' id='line_1_25' title="bbox 300 1894 1687 1946; baseline 0.001 -14"><span class='ocrx_word' id='word_1_217' title='bbox 300 1894 477 1946; x_wconf 90' lang='lat' dir='ltr'>qualibet</span> <span class='ocrx_word' id='word_1_218' title='bbox 498 1894 772 1946; x_wconf 83' lang='lat' dir='ltr'>navigatione:</span> <span class='ocrx_word' id='word_1_219' title='bbox 804 1895 871 1933; x_wconf 87' lang='lat' dir='ltr'>etfi</span> <span class='ocrx_word' id='word_1_220' title='bbox 903 1894 943 1932; x_wconf 91' lang='lat' dir='ltr'>id</span> <span class='ocrx_word' id='word_1_221' title='bbox 975 1894 1152 1946; x_wconf 86' lang='lat' dir='ltr'>quidem,</span> <span class='ocrx_word' id='word_1_222' title='bbox 1185 1904 1228 1932; x_wconf 92' lang='lat' dir='ltr'>ut</span> <span class='ocrx_word' id='word_1_223' title='bbox 1261 1894 1335 1932; x_wconf 89' lang='lat' dir='ltr'>tibi</span> <span class='ocrx_word' id='word_1_224' title='bbox 1367 1895 1591 1934; x_wconf 85' lang='lat' dir='ltr'>videbitur:</span> <span class='ocrx_word' id='word_1_225' title='bbox 1625 1895 1687 1934; x_wconf 88' lang='lat' dir='ltr'>sed</span> 
     </span>
     <span class='ocr_line' id='line_1_26' title="bbox 300 1960 1686 2013; baseline 0.001 -16"><span class='ocrx_word' id='word_1_226' title='bbox 300 1969 405 1998; x_wconf 83' lang='lat' dir='ltr'>certe</span> <span class='ocrx_word' id='word_1_227' title='bbox 425 1960 623 1998; x_wconf 88' lang='lat' dir='ltr'>abeamus.</span> <span class='ocrx_word' id='word_1_228' title='bbox 670 1960 846 1998; x_wconf 88' lang='lat' dir='ltr'>Sciemus</span> <span class='ocrx_word' id='word_1_229' title='bbox 874 1961 996 2006; x_wconf 87' lang='lat' dir='ltr'>enim,</span> <span class='ocrx_word' id='word_1_230' title='bbox 1028 1960 1067 1998; x_wconf 87' lang='lat' dir='ltr'>id</span> <span class='ocrx_word' id='word_1_231' title='bbox 1088 1960 1194 2012; x_wconf 90' lang='lat' dir='ltr'>quod</span> <span class='ocrx_word' id='word_1_232' title='bbox 1214 1962 1405 2012; x_wconf 67' lang='lat' dir='ltr'>expetitas,</span> <span class='ocrx_word' id='word_1_233' title='bbox 1437 1961 1534 2013; x_wconf 90' lang='lat' dir='ltr'>quid</span> <span class='ocrx_word' id='word_1_234' title='bbox 1556 1962 1686 2000; x_wconf 86' lang='lat' dir='ltr'>Brun·</span> 
     </span>
     <span class='ocr_line' id='line_1_27' title="bbox 300 2024 1697 2079; baseline 0.001 -16"><span class='ocrx_word' id='word_1_235' title='bbox 300 2024 398 2063; x_wconf 85' lang='lat' dir='ltr'>dufii</span> <span class='ocrx_word' id='word_1_236' title='bbox 418 2026 548 2063; x_wconf 66' lang='lat' dir='ltr'>aetum</span> <span class='ocrx_word' id='word_1_237' title='bbox 569 2025 629 2064; x_wconf 88' lang='lat' dir='ltr'>fit.</span> <span class='ocrx_word' id='word_1_238' title='bbox 667 2026 787 2064; x_wconf 90' lang='lat' dir='ltr'>Bonis</span> <span class='ocrx_word' id='word_1_239' title='bbox 808 2026 900 2064; x_wconf 89' lang='lat' dir='ltr'>viris</span> <span class='ocrx_word' id='word_1_240' title='bbox 922 2025 1028 2079; x_wconf 93' lang='lat' dir='ltr'>quod</span> <span class='ocrx_word' id='word_1_241' title='bbox 1049 2026 1103 2063; x_wconf 90' lang='lat' dir='ltr'>ais</span> <span class='ocrx_word' id='word_1_242' title='bbox 1124 2026 1294 2078; x_wconf 90' lang='lat' dir='ltr'>probari,</span> <span class='ocrx_word' id='word_1_243' title='bbox 1325 2039 1411 2078; x_wconf 87' lang='lat' dir='ltr'>quae</span> <span class='ocrx_word' id='word_1_244' title='bbox 1431 2025 1558 2065; x_wconf 91' lang='lat' dir='ltr'>adhuc</span> <span class='ocrx_word' id='word_1_245' title='bbox 1579 2025 1697 2071; x_wconf 33' lang='lat' dir='ltr'>feces</span> 
     </span>
     <span class='ocr_line' id='line_1_28' title="bbox 301 2091 1692 2145; baseline 0 -17"><span class='ocrx_word' id='word_1_246' title='bbox 301 2091 440 2136; x_wconf 85' lang='lat' dir='ltr'>rimus,</span> <span class='ocrx_word' id='word_1_247' title='bbox 471 2091 637 2145; x_wconf 89' lang='lat' dir='ltr'>scirique</span> <span class='ocrx_word' id='word_1_248' title='bbox 657 2092 705 2129; x_wconf 93' lang='lat' dir='ltr'>ab</span> <span class='ocrx_word' id='word_1_249' title='bbox 730 2092 777 2130; x_wconf 85' lang='lat' dir='ltr'>iis</span> <span class='ocrx_word' id='word_1_250' title='bbox 800 2098 969 2130; x_wconf 75' lang='lat' dir='ltr'>nos&#39;non</span> <span class='ocrx_word' id='word_1_251' title='bbox 992 2091 1201 2144; x_wconf 59' lang='lat' dir='ltr'>profedws,</span> <span class='ocrx_word' id='word_1_252' title='bbox 1233 2091 1343 2130; x_wconf 91' lang='lat' dir='ltr'>valde</span> <span class='ocrx_word' id='word_1_253' title='bbox 1367 2092 1517 2144; x_wconf 84' lang='lat' dir='ltr'>gaudeo</span> <span class='ocrx_word' id='word_1_254' title='bbox 1532 2111 1544 2137; x_wconf 60' lang='grc' dir='ltr'><strong><em>ς</em></strong></span> <span class='ocrx_word' id='word_1_255' title='bbox 1578 2092 1603 2129; x_wconf 85' lang='lat' dir='ltr'><strong>fi</strong></span> <span class='ocrx_word' id='word_1_256' title='bbox 1632 2091 1692 2129; x_wconf 88' lang='lat' dir='ltr'>est.</span> 
     </span>
     <span class='ocr_line' id='line_1_29' title="bbox 299 2156 1684 2209; baseline 0 -15"><span class='ocrx_word' id='word_1_257' title='bbox 299 2170 405 2195; x_wconf 90' lang='lat' dir='ltr'>nunc</span> <span class='ocrx_word' id='word_1_258' title='bbox 426 2156 531 2195; x_wconf 91' lang='lat' dir='ltr'>ullus</span> <span class='ocrx_word' id='word_1_259' title='bbox 552 2157 747 2209; x_wconf 88' lang='lat' dir='ltr'>gaudendi</span> <span class='ocrx_word' id='word_1_260' title='bbox 774 2157 900 2197; x_wconf 89' lang='lat' dir='ltr'>locus.</span> <span class='ocrx_word' id='word_1_261' title='bbox 946 2158 1008 2196; x_wconf 86' lang='lat' dir='ltr'>De</span> <span class='ocrx_word' id='word_1_262' title='bbox 1041 2158 1215 2196; x_wconf 88' lang='lat' dir='ltr'>Lentulo</span> <span class='ocrx_word' id='word_1_263' title='bbox 1244 2157 1486 2208; x_wconf 88' lang='lat' dir='ltr'>investigabo</span> <span class='ocrx_word' id='word_1_264' title='bbox 1512 2157 1684 2208; x_wconf 88' lang='lat' dir='ltr'>diligen-</span> 
     </span>
     <span class='ocr_line' id='line_1_30' title="bbox 300 2221 1682 2275; baseline 0.001 -17"><span class='ocrx_word' id='word_1_265' title='bbox 300 2222 407 2260; x_wconf 86' lang='lat' dir='ltr'>tius:</span> <span class='ocrx_word' id='word_1_266' title='bbox 439 2221 480 2259; x_wconf 92' lang='lat' dir='ltr'>id</span> <span class='ocrx_word' id='word_1_267' title='bbox 510 2222 691 2261; x_wconf 89' lang='lat' dir='ltr'>mandavi</span> <span class='ocrx_word' id='word_1_268' title='bbox 725 2222 959 2268; x_wconf 89' lang='lat' dir='ltr'>Philotimo,</span> <span class='ocrx_word' id='word_1_269' title='bbox 991 2223 1148 2261; x_wconf 90' lang='lat' dir='ltr'>homini</span> <span class='ocrx_word' id='word_1_270' title='bbox 1174 2222 1282 2267; x_wconf 87' lang='lat' dir='ltr'>forti,</span> <span class='ocrx_word' id='word_1_271' title='bbox 1315 2235 1357 2259; x_wconf 88' lang='lat' dir='ltr'>ac</span> <span class='ocrx_word' id='word_1_272' title='bbox 1386 2222 1555 2259; x_wconf 89' lang='lat' dir='ltr'>nimium</span> <span class='ocrx_word' id='word_1_273' title='bbox 1576 2223 1682 2275; x_wconf 89' lang='lat' dir='ltr'>opti-</span> 
     </span>
     <span class='ocr_line' id='line_1_31' title="bbox 301 2287 1682 2340; baseline 0.002 -17"><span class='ocrx_word' id='word_1_274' title='bbox 301 2287 412 2324; x_wconf 86' lang='lat' dir='ltr'>mati.</span> <span class='ocrx_word' id='word_1_275' title='bbox 450 2288 687 2327; x_wconf 85' lang='lat' dir='ltr'>Extremum</span> <span class='ocrx_word' id='word_1_276' title='bbox 706 2289 774 2335; x_wconf 92' lang='lat' dir='ltr'>est,</span> <span class='ocrx_word' id='word_1_277' title='bbox 806 2299 850 2327; x_wconf 91' lang='lat' dir='ltr'>ut</span> <span class='ocrx_word' id='word_1_278' title='bbox 871 2290 944 2327; x_wconf 89' lang='lat' dir='ltr'>tibi</span> <span class='ocrx_word' id='word_1_279' title='bbox 966 2297 1242 2340; x_wconf 88' lang='lat' dir='ltr'>argumentum</span> <span class='ocrx_word' id='word_1_280' title='bbox 1263 2287 1309 2324; x_wconf 88' lang='lat' dir='ltr'>ad</span> <span class='ocrx_word' id='word_1_281' title='bbox 1330 2287 1578 2325; x_wconf 88' lang='lat' dir='ltr'>scribendum</span> <span class='ocrx_word' id='word_1_282' title='bbox 1598 2287 1682 2326; x_wconf 88' lang='lat' dir='ltr'>for-</span> 
     </span>
     <span class='ocr_line' id='line_1_32' title="bbox 302 2350 1680 2405; baseline 0.003 -18"><span class='ocrx_word' id='word_1_283' title='bbox 302 2350 391 2388; x_wconf 81' lang='lat' dir='ltr'>taffe</span> <span class='ocrx_word' id='word_1_284' title='bbox 406 2351 489 2402; x_wconf 88' lang='lat' dir='ltr'>jam</span> <span class='ocrx_word' id='word_1_285' title='bbox 509 2353 631 2392; x_wconf 85' lang='lat' dir='ltr'>defit:</span> <span class='ocrx_word' id='word_1_286' title='bbox 664 2367 735 2392; x_wconf 92' lang='lat' dir='ltr'>nec</span> <span class='ocrx_word' id='word_1_287' title='bbox 761 2354 868 2392; x_wconf 91' lang='lat' dir='ltr'>enim</span> <span class='ocrx_word' id='word_1_288' title='bbox 894 2355 969 2392; x_wconf 85' lang='lat' dir='ltr'>alia</span> <span class='ocrx_word' id='word_1_289' title='bbox 997 2354 1043 2391; x_wconf 87' lang='lat' dir='ltr'>de</span> <span class='ocrx_word' id='word_1_290' title='bbox 1070 2367 1109 2391; x_wconf 90' lang='lat' dir='ltr'>re</span> <span class='ocrx_word' id='word_1_291' title='bbox 1141 2366 1246 2390; x_wconf 90' lang='lat' dir='ltr'>nunc</span> <span class='ocrx_word' id='word_1_292' title='bbox 1277 2352 1358 2389; x_wconf 91' lang='lat' dir='ltr'>ulla</span> <span class='ocrx_word' id='word_1_293' title='bbox 1388 2352 1502 2390; x_wconf 90' lang='lat' dir='ltr'>scribi</span> <span class='ocrx_word' id='word_1_294' title='bbox 1529 2353 1680 2405; x_wconf 87' lang='lat' dir='ltr'>potest;</span> 
     </span>
     <span class='ocr_line' id='line_1_33' title="bbox 300 2415 1683 2472; baseline 0.002 -19"><span class='ocrx_word' id='word_1_295' title='bbox 300 2426 339 2454; x_wconf 88' lang='lat' dir='ltr'>et</span> <span class='ocrx_word' id='word_1_296' title='bbox 371 2415 418 2453; x_wconf 88' lang='lat' dir='ltr'>de</span> <span class='ocrx_word' id='word_1_297' title='bbox 448 2415 521 2454; x_wconf 85' lang='lat' dir='ltr'>hac</span> <span class='ocrx_word' id='word_1_298' title='bbox 552 2419 648 2469; x_wconf 89' lang='lat' dir='ltr'>quid</span> <span class='ocrx_word' id='word_1_299' title='bbox 675 2421 758 2471; x_wconf 87' lang='lat' dir='ltr'>jam</span> <span class='ocrx_word' id='word_1_300' title='bbox 778 2420 947 2472; x_wconf 88' lang='lat' dir='ltr'>amplius</span> <span class='ocrx_word' id='word_1_301' title='bbox 970 2419 1135 2457; x_wconf 81' lang='lat' dir='ltr'>inveniri</span> <span class='ocrx_word' id='word_1_302' title='bbox 1157 2418 1279 2472; x_wconf 88' lang='lat' dir='ltr'>potest</span> <span class='ocrx_word' id='word_1_303' title='bbox 1298 2419 1311 2455; x_wconf 87' lang='lat'>?</span> <span class='ocrx_word' id='word_1_304' title='bbox 1345 2418 1416 2456; x_wconf 89' lang='lat' dir='ltr'>Sed</span> <span class='ocrx_word' id='word_1_305' title='bbox 1437 2420 1622 2471; x_wconf 86' lang='lat' dir='ltr'>quoniam</span> <span class='ocrx_word' id='word_1_306' title='bbox 1645 2429 1683 2457; x_wconf 90' lang='lat' dir='ltr'>et</span> 
     </span>
     <span class='ocr_line' id='line_1_34' title="bbox 302 2480 1681 2535; baseline 0.002 -18"><span class='ocrx_word' id='word_1_307' title='bbox 302 2481 507 2533; x_wconf 88' lang='lat' dir='ltr'>ingenium</span> <span class='ocrx_word' id='word_1_308' title='bbox 543 2480 776 2533; x_wconf 87' lang='lat' dir='ltr'>suppeditat,</span> <span class='ocrx_word' id='word_1_309' title='bbox 821 2484 929 2535; x_wconf 85' lang='lat' dir='ltr'>(dico</span> <span class='ocrx_word' id='word_1_310' title='bbox 961 2484 1199 2528; x_wconf 80' lang='lat' dir='ltr'>mehercule,</span> <span class='ocrx_word' id='word_1_311' title='bbox 1232 2493 1275 2521; x_wconf 94' lang='lat' dir='ltr'>ut</span> <span class='ocrx_word' id='word_1_312' title='bbox 1309 2483 1449 2532; x_wconf 84' lang='lat' dir='ltr'>sentio)</span> <span class='ocrx_word' id='word_1_313' title='bbox 1487 2494 1524 2521; x_wconf 86' lang='lat' dir='ltr'>et</span> <span class='ocrx_word' id='word_1_314' title='bbox 1558 2497 1681 2528; x_wconf 86' lang='lat' dir='ltr'>amor,</span> 
     </span>
     <span class='ocr_line' id='line_1_35' title="bbox 301 2546 1682 2601; baseline 0.002 -18"><span class='ocrx_word' id='word_1_315' title='bbox 301 2559 381 2598; x_wconf 92' lang='lat' dir='ltr'>quo</span> <span class='ocrx_word' id='word_1_316' title='bbox 413 2554 450 2583; x_wconf 90' lang='lat' dir='ltr'>et</span> <span class='ocrx_word' id='word_1_317' title='bbox 482 2558 616 2584; x_wconf 89' lang='lat' dir='ltr'>meum</span> <span class='ocrx_word' id='word_1_318' title='bbox 648 2546 853 2598; x_wconf 88' lang='lat' dir='ltr'>ingenium</span> <span class='ocrx_word' id='word_1_319' title='bbox 886 2549 1099 2594; x_wconf 56' lang='lat' dir='ltr'>incitatum</span> <span class='ocrx_word' id='word_1_320' title='bbox 1132 2561 1262 2601; x_wconf 85' lang='lat' dir='ltr'>perge,</span> <span class='ocrx_word' id='word_1_321' title='bbox 1296 2558 1337 2584; x_wconf 92' lang='lat' dir='ltr'>ut</span> <span class='ocrx_word' id='word_1_322' title='bbox 1360 2547 1470 2593; x_wconf 79' lang='lat' dir='ltr'>facis,</span> <span class='ocrx_word' id='word_1_323' title='bbox 1501 2557 1539 2585; x_wconf 89' lang='lat' dir='ltr'>et</span> <span class='ocrx_word' id='word_1_324' title='bbox 1560 2548 1682 2586; x_wconf 85' lang='lat' dir='ltr'>scribe</span> 
     </span>
     <span class='ocr_line' id='line_1_36' title="bbox 1230 2611 1381 2651; baseline 0.007 -1"><span class='ocrx_word' id='word_1_325' title='bbox 1230 2613 1271 2650; x_wconf 92' lang='lat' dir='ltr'>H</span> <span class='ocrx_word' id='word_1_326' title='bbox 1303 2611 1328 2649; x_wconf 87' lang='lat' dir='ltr'>h</span> <span class='ocrx_word' id='word_1_327' title='bbox 1360 2625 1381 2651; x_wconf 92' lang='lat'><strong>2</strong></span> 
     </span>
    </p>
   </div>
  </div>
 </body>
</html>
