2243 3008
507 285 614 324 AD
671 283 1103 323 ATTlcUM
1172 285 1481 329 LIB.V111.
1601 262 1685 345 x231

302 383 525 423 concessum
552 383 606 422 est
625 384 687 422 vel
716 397 852 422 omnes
873 382 978 422 adire
997 384 1216 437 provincias
1234 405 1246 431 ς
1278 396 1344 425 aut
1364 388 1481 440 legati
1512 391 1601 429 sunt
1621 406 1689 430 eo-

302 465 406 489 rum.
438 450 512 489 Sed
532 450 635 489 nihil
656 450 826 489 defidero
845 466 853 489 :
886 450 984 502 quid
1003 452 1154 504 placeat
1175 453 1264 498 tibi,
1296 464 1334 491 et
1359 456 1455 506 quid
1476 470 1689 508 propemo-

301 516 398 554 dum
424 518 574 555 redfflm
601 517 662 561 fit,
692 516 892 569 intelligo.
937 517 1056 556 Plum
1086 518 1311 564 scriberem,
1342 520 1368 557 fi
1402 520 1480 572 ipse
1513 523 1657 573 possem
1677 540 1688 562 2

299 581 379 627 sed,
411 590 455 620 ut
481 582 585 621 mihi
610 581 759 628 videor,
790 591 928 635 potero
959 581 1095 622 biduo.
1142 583 1256 622 Balbi
1278 586 1456 623 Cornelii
1486 587 1688 626 literarum

298 647 544 700 exemplum,
575 661 670 700 quas
701 648 841 687 eodem
871 647 935 686 die
964 649 1113 702 accepi,
1145 662 1226 701 quo
1256 659 1356 696 tuas,
1386 652 1474 690 mifi
1494 651 1540 690 ad
1562 664 1613 697 te,
1646 664 1690 692 ut

297 725 429 753 meam
447 715 578 753 vicem
596 713 763 760 doleres,
793 727 889 753 cum
907 727 972 752 me
992 713 1161 753 derideri
1179 715 1346 757 videres.

574 917 814 955 BALnus
853 917 1160 957 CxcERoN1
1202 917 1328 958 ΙΜΡ.
1371 919 1412 958 S.

298 1044 406 1119 OB
419 1045 446 1084 S
458 1045 494 1084 E
509 1045 542 1084 C
555 1044 635 1084 Ro
664 1053 714 1090 te,
745 1045 884 1090 Cicero,
899 1045 1041 1098 fitfiipe
1059 1058 1185 1084 curam
1207 1055 1244 1084 et
1264 1045 1512 1098 cogitationem
1530 1047 1691 1100 digngffi-

379 1124 474 1149 mam
491 1119 568 1149 tuae
584 1109 754 1156 virtutis,
784 1119 827 1149 ut
847 1111 1024 1162 chstzrem
1043 1120 1079 1149 et
1098 1111 1318 1164 Pompeium,
1337 1112 1492 1165 perfidia
1511 1112 1690 1152 hominum

296 1177 493 1230 dfiraHae,
511 1176 638 1226 rutss‘cs
654 1176 693 1214 in
705 1175 898 1228 pristinam
915 1176 1137 1215 concordiam
1154 1177 1318 1216 reducas.
1351 1179 1466 1217 Crede
1483 1180 1582 1224 mihi,
1601 1181 1690 1219 Cae·

280 1243 411 1294 fhrem
434 1254 502 1280 non
507 1240 627 1293 solum
650 1241 734 1292 fore
761 1241 799 1279 in
829 1249 897 1279 tua
920 1241 1109 1294 potestate,
1127 1241 1200 1295 std
1224 1243 1332 1281 etiam
1359 1244 1549 1282 maximum
1581 1243 1687 1284 bene-

279 1308 412 1359 ficium
445 1316 482 1345 te
495 1305 575 1358 sibi
604 1305 724 1360 dediffi
745 1306 1013 1359 judicaturum,
1028 1308 1074 1358 fi
1102 1308 1172 1346 huc
1195 1317 1232 1347 te
1258 1309 1388 1360 rejicis.
1437 1310 1562 1355 Velim,
1599 1311 1690 1349 idem

296 1373 486 1427 Pompeius
489 1372 646 1424 facian
678 1374 742 1427 qui
758 1382 801 1412 ut
819 1371 953 1412 adduci
968 1373 1041 1412 tali
1069 1382 1224 1427 tempore
1248 1374 1299 1413 ad
1324 1375 1432 1413 ullam
1459 1375 1689 1414 conditionem

289 1439 408 1493 poffi't,
437 1438 551 1492 magis
570 1447 664 1492 opto,
694 1453 801 1493 quam
805 1440 931 1493 spero.
977 1439 1050 1478 Sed
1077 1453 1157 1478 cum
1176 1440 1386 1492 cor-stiterit,
1416 1449 1452 1479 et
1473 1442 1598 1480 timere
1626 1441 1689 1480 de-

281 1506 408 1557 fierit,
443 1513 521 1543 tum
552 1504 719 1558 incipian·
751 1519 820 1544 non
854 1505 1040 1558 desperare
1071 1515 1174 1544 tuam
1206 1507 1462 1545 auctoritatem
1489 1507 1689 1559 plurimum

295 1571 396 1624 apud
409 1584 486 1609 eum
505 1569 723 1609 valituram.
768 1570 877 1622 Qod
901 1570 1101 1609 Lentulum
1122 1571 1201 1622 Ceffi
1232 1585 1344 1610 meum
1363 1572 1506 1623 volussi
1534 1573 1594 1611 hic
1624 1587 1686 1611 re·

297 1650 454 1680 manere,
488 1635 630 1688 Ccesari
641 1644 810 1688 gratum,
839 1636 930 1674 mihi
945 1649 1033 1674 vero
1047 1636 1299 1688 gratffmum,
1331 1637 1686 1690 mediugfidiusficff·

297 1702 332 1741 ti
343 1717 357 1740 :
402 1715 484 1741 nam
524 1701 623 1740 illum
662 1701 766 1740 tanti
779 1700 903 1752 sacto,
945 1701 1010 1754 qui
1043 1715 1112 1740 non
1148 1702 1327 1756 Caesarem
1358 1703 1472 1754 magis
1508 1702 1655 1755 diligam
1669 1719 1688 1743 .-

295 1766 360 1821 qui
374 1767 419 1818 fi
441 1765 565 1819 paſjus
593 1765 687 1818 effi’t,
717 1780 778 1804 nos
795 1767 934 1819 ficum,
965 1775 1007 1805 ut
1042 1768 1299 1819 corfieeramus,
1337 1767 1434 1820 loqui
1445 1785 1456 1812 ς
1489 1777 1526 1806 et
1553 1782 1622 1807 non
1640 1770 1687 1822 st

296 1841 412 1872 totum
442 1831 551 1870 etiam
583 1841 620 1870 et
648 1831 758 1870 etiam
789 1831 837 1870 ab
854 1834 1020 1885 sermone
1047 1832 1160 1883 nfflro
1191 1831 1392 1884 avertfffit,
1423 1833 1539 1871 minus
1568 1834 1685 1884 mistr,

296 1912 403 1952 quam
417 1897 518 1948 sum,
549 1893 659 1948 estem.
705 1897 806 1935 Nam
825 1910 916 1935 cave
926 1905 1036 1949 putes
1054 1897 1119 1936 hoc
1136 1906 1292 1950 tempore
1303 1897 1388 1950 plus
1407 1912 1460 1936 me
1480 1912 1689 1952 quemquam

296 1962 469 2008 cruciari,
500 1961 594 2016 quod
618 1976 709 2008 eum,
740 1976 841 2014 quem
860 1971 947 2001 ante
964 1976 1018 2001 me
1035 1961 1157 2015 diligo,
1185 1963 1288 2001 video
1306 1963 1343 2001 in
1364 1964 1561 2016 Corfidatu
1580 1965 1685 2017 quid·-

296 2030 354 2068 vis
366 2029 490 2084 potius
509 2027 582 2081 effi,
613 2041 719 2080 quam
741 2028 935 2081 Consulem.
981 2028 1090 2081 Qod
1100 2029 1145 2079 fi
1172 2029 1330 2067 voluerit
1362 2028 1433 2067 tibi
1462 2029 1684 2083 obtempera-

297 2110 350 2140 re,
385 2104 422 2134 et
452 2093 549 2134 nobis
582 2093 624 2132 de
659 2095 803 2146 Caefhre
836 2093 991 2140 credere,
1020 2103 1057 2133 et
1092 2095 1323 2148 Corfielatum
1355 2095 1529 2147 reliquum
1562 2097 1687 2134 Romae

290 2169 480 2213 peragere,
510 2159 676 2212 incipiam
687 2160 856 2213 sperare,
887 2159 995 2198 etiam
1023 2159 1157 2211 confilio
1185 2161 1353 2205 Senatus,
1383 2161 1527 2197 auHore
1547 2169 1595 2204 te,
1626 2160 1687 2199 illo

297 2227 464 2271 relatore,
506 2225 711 2277 Pompeium
740 2235 775 2264 et
808 2227 987 2279 Caefhrem
1017 2226 1186 2277 conjungi
1205 2224 1310 2278 pff.
1357 2224 1464 2275 Qtod
1475 2224 1518 2274 fi
1532 2225 1685 2275 fabium

297 2291 381 2335 erit,
410 2305 463 2328 me
476 2290 579 2342 satis
608 2290 690 2328 vixi
713 2305 731 2329 e
753 2290 905 2343 putabo.
950 2291 1108 2329 Fadum
1139 2289 1295 2339 Caesaris
1325 2288 1366 2327 de
1393 2288 1549 2340 Corfinio
1568 2299 1685 2329 totum

297 2370 350 2395 me
372 2354 614 2408 probaturum
634 2355 732 2409 scito
748 2371 762 2394 .·
792 2371 858 2409 quo
883 2355 980 2394 modo
1013 2355 1050 2394 in
1079 2354 1274 2408 hujusmodi
1300 2369 1354 2399 re,
1383 2354 1588 2394 commodius
1618 2370 1682 2394 ca-

297 2421 379 2460 dere
399 2434 465 2459 non
478 2420 616 2472 potuit,
645 2435 751 2472 quam
770 2431 813 2461 ut
832 2435 889 2460 res
892 2421 975 2472 fine
980 2422 1164 2473 sanguine
1181 2421 1359 2472 corfieret.
1390 2420 1503 2459 Balbi
1520 2422 1588 2458 mei
1604 2422 1681 2459 tui-

297 2502 363 2540 que
382 2485 543 2524 adventu
561 2484 768 2524 deleaatum
787 2496 823 2525 te
841 2486 948 2525 valde
961 2485 1112 2538 gaudeo.
1159 2487 1198 2524 Is
1217 2500 1431 2539 quaecunque
1452 2485 1522 2523 tibi
1536 2485 1576 2522 de
1597 2487 1683 2524 Coe-

283 2554 375 2605 sare
393 2550 498 2596 dixit,
531 2564 675 2603 quaeque
699 2550 993 2602 Caesarfiripstt,
1009 2551 1102 2602 fiio,
1124 2566 1163 2591 re
1183 2551 1253 2591 tibi
1261 2549 1446 2603 probabit,
1468 2563 1682 2603 quaeczmquc

280 2620 446 2671 fortuna
467 2615 687 2669 &ussum-it,
718 2613 1079 2668 veriffi'mescripstffl.
