2243 3008
505 231 581 273 174
847 216 1536 258 EPISTOLARUM

496 334 578 360 uno
612 328 789 374 ternpore
821 321 968 374 accepi,
1011 320 1128 358 aliam
1161 320 1235 358 alia
1262 319 1558 372 jucundiorem,
1600 333 1686 373 quae
1720 321 1883 374 quidem

494 394 606 423 erant
637 393 705 424 tua
734 385 880 424 m'anu:
912 398 1005 423 nam
1037 385 1216 424 Alexidis
1248 397 1410 423 manum
1440 385 1633 431 amabam,
1665 386 1772 439 quod
1803 396 1883 426 tam

494 463 618 505 prope
643 450 851 489 accedebat
877 451 924 488 ad
955 450 1254 489 fimilitudinem
1285 458 1362 488 tuae
1393 450 1514 488 literae
1531 470 1542 496 5
1575 463 1654 489 non
1686 452 1880 497 amabam,

495 516 602 568 quod
634 515 832 554 indicabat
864 525 902 554 te
931 529 1010 554 non
1043 515 1182 553 valere.
1228 515 1354 567 Cujus
1384 517 1572 568 quoniam
1599 518 1751 555 mentio
1783 516 1882 555 faeta

493 581 570 627 est}
594 582 788 620 Tironem
808 581 934 619 Patris
954 594 1102 633 aegrum
1123 580 1282 633 reliqui,
1299 579 1598 626 adolescentem,
1620 591 1665 620 ut
1685 582 1799 628 nosti,
1825 584 1882 634 (et

492 645 589 684 adde
610 646 635 684 fi
657 645 754 699 quid
770 645 846 696 vis)
865 646 1056 698 probum:
1080 644 1183 683 nihil
1203 644 1284 682 vidi
1305 644 1467 683 melius:
1492 645 1624 697 itaque
1638 659 1750 685 careo
1765 661 1878 699 aegre.

493 713 733 765 Qanquam
753 711 959 750 videbatur
978 712 1014 749 se
1035 724 1113 749 non
1135 711 1304 763 graviter
1322 709 1465 748 habere
1482 729 1492 755 ;
1524 719 1657 749 tamen
1687 711 1772 750 sum
1800 713 1879 751 sol-

491 776 643 822 licitus,
674 777 970 829 maximamque
994 776 1101 829 spem
1120 775 1247 814 habeo
1278 775 1318 813 in
1351 774 1412 813 Μ’
1435 775 1550 813 Curii
1581 775 1802 828 diligentia,
1833 777 1881 816 de

491 852 569 894 qua
589 841 635 879 ad
656 854 719 886 me
743 841 893 894 scripfit
913 842 1027 886 Tiro,
1058 851 1097 879 et
1127 841 1247 879 multi
1275 840 1523 879 nuntiarunt.
1569 841 1717 880 Curius
1749 850 1882 880 autem

491 907 572 959 ipse
593 906 720 952 sensit,
739 919 860 959 quam
882 915 926 944 tu
945 907 1064 944 velles
1086 906 1122 944 se
1142 919 1163 943 a
1182 919 1246 943 me
1265 904 1381 958 diligi
1398 924 1409 950 ς
1432 914 1472 943 et
1491 919 1537 944 eo
1559 905 1644 944 sum
1664 907 1880 945 admodum

491 972 731 1017 delectatum
763 981 802 1009 et
822 970 1048 1009 mehercule
1065 971 1135 1016 est,
1155 983 1287 1023 *quam
1316 969 1433 1009 facile
1460 970 1616 1024 diligas,
1646 968 1812 1017 abn'zffin
1838 973 1881 1010 in

488 1037 652 1076 homine
672 1036 886 1076 urbanitas.
930 1038 1029 1089 Ejus
1060 1036 1335 1076 testamentum
1355 1037 1520 1091 deporto
1539 1038 1728 1082 Romam,
1760 1038 1879 1077 Cice-

488 1116 632 1141 ronum
652 1103 769 1156 fignis
790 1102 1056 1155 obsignatum,
1087 1102 1338 1156 cohortisque
1366 1103 1560 1142 Praetoriae
1576 1122 1588 1148 ς
1620 1102 1718 1142 fecit
1749 1103 1880 1156 palam

488 1178 527 1206 te
547 1175 594 1208 ex
619 1168 770 1215 libella,
801 1182 866 1207 me
896 1182 945 1207 ex
976 1169 1165 1208 teruntio.
1211 1169 1258 1208 In
1281 1168 1398 1206 Actio
1417 1169 1602 1220 Corcyrae
1622 1169 1794 1207 Alexion
1815 1183 1880 1208 me

487 1235 647 1287 opipare
673 1243 901 1272 muneratus
931 1233 1001 1273 est.
1046 1235 1117 1287 Q
1136 1233 1321 1273 Ciceroni
1349 1233 1481 1272 obfisti
1511 1247 1589 1272 non
1620 1235 1767 1287 potuit,
1799 1248 1880 1288 quo

486 1301 620 1338 minus
639 1300 860 1352 Thyamim
880 1299 1042 1338 videret.
1075 1301 1221 1339 Filiola
1240 1310 1307 1338 tua
1327 1309 1364 1337 te
1385 1299 1564 1338 delectari
1584 1300 1708 1345 laetor,
1725 1309 1764 1339 et
1784 1314 1879 1353 pro-

489 1367 571 1404 bari
593 1366 667 1404 tibi
688 1362 817 1410 φυσικῆν
835 1365 922 1410 effe,
952 1362 1003 1407 τὴν
1021 1363 1107 1415 πρὶς
1127 1361 1172 1400 τὲ
1187 1362 1299 1401 τέκνα..
1342 1365 1505 1403 Etenim
1537 1365 1563 1403 fi
1593 1364 1676 1404 haec
1706 1379 1785 1404 non
1807 1366 1875 1411 est,

486 1432 597 1470 nulla
616 1431 740 1484 potest
763 1431 921 1469 homini
952 1429 1024 1468 effe
1053 1428 1100 1467 ad
1130 1427 1337 1468 hominem
1363 1441 1510 1469 naturae
1541 1431 1740 1483 adjunaeffio
1756 1451 1768 1477 ς
1801 1446 1877 1485 qua

487 1498 650 1543 sublata,
682 1498 770 1537 vitae
791 1497 950 1536 societas
972 1495 1142 1534 tollitur.
1174 1496 1293 1550 ‘Bene
1312 1497 1457 1542 veniat,
1487 1498 1622 1550 inquit
1643 1498 1875 1544 Carneades,

486 1564 650 1616 spurce;
683 1563 746 1601 sed
768 1573 896 1601 tamen
917 1561 1146 1616 pudentiuS,
1168 1575 1287 1614 quam
1308 1562 1459 1600 Lucius
1480 1561 1621 1608 noster,
1643 1571 1682 1601 et
1704 1563 1874 1609 Patron;

484 1628 669 1682 quicum
696 1629 830 1666 omnia
855 1628 901 1666 ad
934 1627 970 1666 se
1002 1626 1185 1671 referant,
1216 1626 1436 1680 quidquam
1465 1627 1624 1666 alterius
1651 1628 1764 1667 causa
1790 1629 1878 1668 fieri

483 1702 626 1747 putent
641 1712 653 1739 3
683 1702 725 1732 et
754 1707 849 1732 cum
876 1707 919 1731 ea
943 1707 985 1731 re
1006 1693 1158 1731 bonum
1178 1692 1309 1731 virum
1334 1701 1517 1746 oportere
1542 1693 1618 1731 effe
1647 1693 1796 1739 dicant,
1828 1708 1877 1733 ne

483 1760 635 1798 malum
653 1758 809 1805 habeat,
841 1772 919 1797 non
952 1771 1034 1812 quo
1062 1757 1103 1796 id
1129 1766 1266 1796 natura
1286 1760 1435 1797 rectum
1457 1758 1518 1803 sit,
1548 1771 1628 1796 non
1650 1759 1876 1811 intelligant

483 1826 520 1864 se
541 1825 587 1864 de
604 1825 752 1864 callido
771 1824 935 1863 homine
956 1824 1083 1877 loqui,
1112 1835 1194 1861 non
1214 1823 1262 1861 de
1282 1822 1388 1861 bono
1407 1823 1523 1861 viro?
1555 1823 1628 1861 Sed
1653 1822 1752 1869 haec,
1782 1825 1873 1878 opi·
1899 1812 1902 1814 ¹

482 1904 569 1935 nor,
592 1890 682 1928 sunt
702 1891 742 1928 in
763 1890 811 1928 iis
831 1890 961 1934 libris,
983 1901 1082 1941 quos
1101 1896 1147 1926 *tu
1168 1887 1361 1926 laudando
1380 1889 1532 1927 animos
1553 1887 1654 1926 mihi
1673 1888 1871 1930 addidisti.

484 1955 619 1994 Redeo
639 1955 684 1993 ad
705 1968 803 1993 rem.
849 1954 1077 1993 Commodo
1103 1954 1357 2007 expectabam
1382 1954 1600 2007 epistolam,
1631 1968 1750 2008 quam
1774 1955 1871 1994 Phi-

480 2022 627 2061 loxeno
647 2020 830 2059 dediss‘es:
863 2020 1062 2074 scripseras
1083 2021 1191 2058 enim
1211 2020 1252 2058 in
1273 2033 1315 2058 ea
1335 2019 1406 2058 effe
1427 2020 1474 2058 de
1496 2020 1670 2059 sermone
1693 2022 1871 2074 Pompeii

481 2087 776 2141 Neapolitano:
808 2101 892 2125 earn
914 2086 1015 2125 mihi
1042 2086 1186 2124 Patron
1213 2086 1421 2125 Brundusii
1443 2087 1639 2133 reddidit;
1671 2089 1870 2140 Corcyrae,

481 2163 526 2193 ut
547 2154 702 2207 opinor,
734 2162 947 2207 acceperat.
993 2152 1112 2192 Nihil
1135 2153 1265 2206 potuit
1284 2152 1357 2191 effe
1375 2153 1621 2206 jucundius:
1653 2164 1734 2192 erat
1761 2155 1870 2193 enim

480 2221 528 2260 de
550 2219 799 2274 Republica3
831 2219 879 2258 de
908 2220 1110 2273 opinione,
1140 2232 1261 2273 quam
1291 2219 1324 2258 is
1352 2220 1412 2258 vir
1440 2219 1600 2258 haberet
1632 2220 1870 2272 integritatis

481 2300 604 2331 ηιατυς
637 2286 683 2324 de
705 2285 991 2331 benevolentia,
1022 2299 1141 2339 quam
1161 2285 1329 2324 ostendit
1355 2300 1401 2324 eo
1430 2286 1618 2330 sermone,
1650 2300 1769 2338 quem
1798 2286 1869 2325 ha-

485 2351 572 2390 buit
594 2351 640 2390 de
661 2350 893 2404 triumpho:
927 2351 989 2390 scd
1008 2361 1140 2390 tamen
1162 2349 1238 2390 hoc
1253 2351 1598 2404 jucundissimum,
1621 2352 1726 2403 quod
1750 2352 1869 2395 intel-

481 2418 560 2457 lexi
582 2427 618 2456 te
639 2417 684 2455 ad
705 2431 796 2456 cum
817 2416 972 2462 venisse,
1006 2427 1048 2456 ut
1069 2419 1152 2470 ejus
1184 2417 1362 2456 animum
1392 2432 1481 2471 erga
1511 2431 1573 2456 mc
1605 2417 1836 2470 perspiceres
1856 2434 1866 2457 :

479 2482 558 2523 hoc
600 2482 716 2529 mihi,
762 2483 940 2537 inquam,
984 2483 1128 2523 accidit
1160 2483 1505 2536 jucundissimum.
1560 2481 1620 2522 De
1663 2482 1869 2538 triumpho
