2243 3008
458 261 545 305 430
810 241 1508 285 EPISTOLARUM

801 480 1045 518 emano
1086 477 1344 516 Armco
1385 478 1518 517 SAL.

464 611 517 651 V.
543 608 623 684 A
646 611 676 649 B
690 609 865 648 RUTO
897 606 1122 645 tabellarius
1143 605 1283 645 rediit:
1307 605 1444 645 attulit
1461 614 1501 643 et
1520 605 1569 644 ab
1589 619 1636 645 eo
1655 615 1695 646 et
1716 608 1858 649 Caffio.

655 676 878 715 Consilium
899 688 1034 712 meum
1054 687 1292 726 magnopere
1319 673 1563 725 exquirunt;
1596 674 1741 713 Brutus
1766 677 1861 728 qui-

463 744 570 790 dem,
603 751 738 782 utrum
767 741 815 778 de
845 740 1016 778 duobus.
1064 740 1101 778 O
1133 753 1216 777 rem
1247 738 1454 778 miseram!
1487 739 1603 792 plane
1629 752 1710 778 non
1734 739 1864 780 habeo

463 810 561 863 quid
582 809 765 848 scribam.
796 807 935 859 Itaque
957 805 1110 844 filentio
1130 815 1229 858 puto
1251 819 1314 844 me
1335 806 1522 850 usurum3
1544 805 1616 843 nisi
1637 806 1734 859 quid
1755 806 1864 845 aliud

463 875 541 913 tibi
570 874 753 913 videtur:
786 872 842 911 fin
878 871 954 910 tibi
985 871 1084 924 quid
1118 872 1226 910 venit
1260 872 1303 909 in
1336 881 1528 916 mentem,
1560 870 1685 909 scribe
1716 871 1862 925 quaeso.

463 940 614 979 Caffius
636 952 727 980 vero
747 937 1001 977 vehementer
1020 946 1104 975 orat
1124 950 1167 975 ac
1188 937 1304 990 petit,
1336 946 1380 975 ut
1401 936 1587 975 Hirtium
1614 949 1734 990 quam
1754 937 1863 991 opti-

462 1019 578 1044 mum
598 1004 756 1043 faciam.
790 1004 935 1041 Sanum
957 1011 1070 1055 putas
1087 1003 1100 1039 ?
1132 1001 1146 1036 ὁ
1166 998 1312 1049 ’γναφεὺς
1328 997 1512 1055 οὶνθςεικεῦς.
1546 1001 1767 1054 Epistolam
1788 1002 1866 1042 tibi

463 1071 566 1110 mifi.
590 1072 649 1109 Ut
671 1080 714 1108 tu
735 1069 782 1107 de
801 1069 1006 1122 provincia
1026 1068 1140 1106 Bruti
1161 1076 1201 1105 et
1217 1067 1334 1106 Caffii
1354 1080 1423 1120 per
1439 1066 1866 1114 senatus-consultum,

462 1137 520 1176 ita
540 1137 676 1176 scribit
695 1145 734 1175 et
756 1135 901 1174 Balbus
922 1145 961 1174 et
982 1135 1157 1173 Hirtius.
1191 1134 1275 1186 Qi
1296 1133 1474 1186 quidem,
1506 1134 1543 1173 se
1563 1135 1741 1173 aetutum
1757 1154 1770 1180 5
1802 1142 1866 1174 et·

463 1204 573 1242 enim
597 1204 683 1256 jam
703 1203 744 1241 in
765 1201 996 1241 Tusculano
1025 1201 1106 1247 est,
1139 1199 1336 1254 mihique,
1369 1209 1414 1238 ut
1441 1200 1579 1246 abfim,
1611 1199 1867 1239 vehementer

464 1272 599 1309 audior
618 1269 696 1308 est:
720 1278 759 1307 et
780 1268 848 1306 ille
868 1267 1032 1321 quidem
1055 1266 1222 1321 periculi
1242 1266 1368 1312 causa,
1391 1267 1499 1319 quod
1520 1267 1591 1305 fibi
1613 1267 1730 1306 etiam
1752 1265 1866 1306 fuiffit

464 1335 580 1375 dicit.
627 1336 716 1388 Ego
750 1343 897 1380 autem,
928 1334 1048 1373 etiam
1079 1342 1124 1372 ut
1157 1332 1317 1371 nullum
1346 1332 1570 1384 periculum
1602 1332 1674 1370 slt:
1708 1341 1867 1372 tantum

465 1401 586 1446 abest,
617 1410 662 1439 ut
691 1400 862 1438 Antonii
892 1394 1156 1452 suspicionem
1185 1397 1322 1450 fugere
1352 1411 1459 1436 nunc
1485 1411 1636 1443 curem,
1668 1411 1717 1436 ne
1737 1397 1868 1437 videat

465 1467 550 1519 ejus
573 1465 751 1505 secundis
774 1465 890 1503 rebus
912 1478 991 1503 non
1012 1464 1210 1508 delefflri,
1242 1472 1288 1501 ut
1316 1462 1419 1501 mihi
1449 1463 1561 1501 causa
1589 1463 1650 1507 fit,
1681 1476 1753 1500 cur
1779 1464 1868 1501 Ro-

466 1545 575 1571 mam
595 1531 727 1571 venire
747 1530 890 1575 nolim,
921 1543 971 1567 ne
991 1530 1109 1567 illum
1130 1527 1300 1566 videam.
1347 1528 1473 1566 Varro
1501 1536 1635 1566 autem
1666 1527 1793 1566 noster
1821 1527 1869 1567 ad

467 1611 533 1637 me
553 1596 758 1650 epistolam
779 1596 913 1641 mifit;
947 1594 1018 1633 fibi
1047 1608 1069 1633 a
1097 1593 1228 1632 nescio
1258 1606 1339 1647 quo
1364 1593 1531 1639 missam,
1565 1594 1730 1646 (nomen
1760 1594 1870 1634 enim

466 1663 632 1715 delerat)
667 1663 707 1701 in
735 1675 814 1715 qua
843 1661 1037 1714 scriptum
1068 1669 1164 1706 erat,
1196 1669 1396 1699 veteranos
1417 1673 1498 1706 eos,
1530 1659 1601 1713 qui
1623 1660 1868 1713 rejiciantur,

470 1731 582 1783 (nam
614 1738 767 1784 partem
797 1727 870 1767 effe
901 1727 1116 1778 dimissam)
1152 1727 1437 1781 improbiffime
1472 1727 1613 1780 loqui;
1645 1735 1690 1765 ut
1724 1740 1870 1779 magno

468 1796 648 1850 periculo
679 1797 819 1836 Romae
848 1794 924 1834 sint
955 1793 1097 1841 futuri,
1129 1795 1200 1847 qui
1229 1794 1277 1833 ab
1310 1807 1446 1832 eorum
1472 1793 1649 1846 partibus
1671 1793 1869 1832 dissentire

468 1863 688 1902 videantur.
722 1861 806 1915 Qi
826 1875 944 1915 porro
965 1861 1092 1900 noster
1113 1861 1207 1906 itus,
1240 1861 1403 1906 reditus,
1427 1860 1576 1906 vultus,
1600 1859 1780 1905 incessus,
1803 1860 1867 1898 in-

470 1939 528 1967 ter
549 1929 639 1968 istos
660 1930 672 1967 ?
705 1928 826 1980 Qod
848 1929 890 1973 s1,
922 1937 966 1966 ut
988 1928 1140 1972 scribis,
1174 1928 1223 1966 L.
1248 1928 1449 1967 Antonius
1477 1927 1518 1965 in
1541 1926 1773 1971 Decimum,
1807 1940 1868 1964 re-

470 1994 573 2047 liqui
605 1995 646 2032 in
668 1994 815 2032 nostros
833 2012 845 2039 ς
876 2007 950 2045 ego
971 1993 1068 2046 quid
1089 1992 1231 2031 faciam
1252 1994 1264 2030 ?
1297 2002 1362 2030 aut
1384 2006 1464 2045 quo
1486 2006 1548 2030 me
1569 1993 1681 2044 pasto
1702 2005 1833 2044 geram
1853 1993 1866 2030 ?

471 2059 584 2098 Mihi
604 2074 695 2099 vero
718 2059 979 2098 deliberatum
1000 2058 1068 2103 est,
1101 2068 1145 2096 ut
1174 2072 1280 2097 nunc
1307 2058 1471 2110 quidem
1499 2057 1567 2102 est,
1598 2057 1720 2095 abeffe
1749 2071 1796 2096 ex
1828 2071 1872 2096 ea

473 2126 584 2171 urbe,
616 2127 657 2165 in
685 2140 762 2180 qua
783 2139 862 2164 non
884 2125 1004 2164 modo
1025 2125 1141 2163 florui
1162 2139 1255 2163 cum
1276 2125 1442 2169 summa,
1475 2137 1612 2162 verum
1639 2123 1758 2162 ctiam
1792 2124 1871 2162 ser-

472 2191 553 2230 vivi
574 2206 667 2231 cum
688 2191 819 2245 aliqua
839 2191 1060 2244 dignitate,
1094 2204 1164 2229 nec
1199 2201 1278 2228 tam
1312 2190 1425 2229 statui
1457 2204 1503 2228 ex
1534 2189 1647 2229 ltalia
1673 2190 1792 2235 exire,
1825 2189 1871 2227 de

472 2271 555 2312 quo
576 2268 710 2299 tecum
730 2259 971 2305 deliberabo,
1002 2271 1123 2312 quam
1143 2257 1241 2298 istuc
1262 2271 1341 2297 non
1363 2257 1509 2296 venire.
