2243 3008
452 221 527 261 218
798 220 1486 259 EPISTOLARUM

451 321 490 357 in
514 318 717 357 scribendo
737 318 999 372 diligentiam,
1018 319 1125 357 volui
1148 319 1222 357 tibi
1243 328 1377 358 notam
1398 319 1489 358 effe:
1511 331 1644 358 earum
1660 319 1840 372 exempla

452 385 497 421 ad
526 394 563 421 te
589 385 689 422 misi.
736 384 895 423 Caesaris
924 383 990 422 hic
1022 397 1089 436 per
1118 384 1306 436 Apuliam
1336 384 1383 422 ad
1414 385 1677 424 Brundusium
1704 385 1840 424 cursus

452 449 548 501 quid
569 449 726 494 efficiat,
758 451 934 502 expthO.
983 449 1149 486 Utinam
1175 449 1326 501 aliquid
1346 449 1470 487 simile
1491 449 1685 488 Parthicis
1707 450 1837 488 rebus,

455 515 580 552 Simul
601 514 752 567 aliquid
773 515 944 559 audiero,
977 513 1142 551 scribam
1162 513 1209 551 ad
1232 522 1282 551 te.
1326 515 1394 552 Tu
1414 513 1461 551 ad
1485 527 1549 553 me
1569 515 1690 553 velim
1712 515 1839 553 bono-

453 592 542 617 rum
564 579 778 618 sermones:
804 581 941 617 Romae
962 577 1185 630 frequentes
1205 578 1277 616 effe
1297 577 1498 617 dicuntur.
1531 579 1620 618 Scio
1639 579 1840 632 equidem,

454 654 491 683 te
511 646 552 683 in
573 646 781 698 publicum
805 659 881 684 non
904 644 1085 698 prodire:
1118 643 1182 681 sed
1213 653 1342 682 tamen
1375 643 1507 682 audire
1534 653 1572 682 te
1598 644 1738 689 multa,
1769 658 1843 682 ne·

453 709 550 747 cesse
568 709 635 747 est.
680 709 853 748 Memini
882 709 1027 747 librum
1051 707 1126 745 tibi
1145 707 1273 745 afferri
1293 721 1315 746 a
1334 708 1541 746 Demetrio
1560 708 1764 760 Magnete,
1794 707 1847 746 ad
1886 748 1889 751 ,

453 782 492 812 te
511 774 684 819 miffum,
705 770 788 820 me)
805 772 977 823 Ὁμονοίας.
1005 774 1111 812 Eum
1133 772 1234 811 mihi
1254 773 1374 811 velim
1394 774 1544 812 mittas.
1568 772 1704 819 Vides,
1722 785 1850 826 quam.

453 838 607 878 causam
626 838 807 878 mediter.

538 1040 620 1078 CN.
654 1039 862 1077 MAouus
897 1037 1088 1076 Pnocos.
1131 1039 1169 1077 S.
1202 1038 1258 1077 D.
1290 1037 1355 1078 M.
1388 1038 1619 1077 CICERONI
1653 1039 1760 1078 ῙΜΡ.

543 1167 589 1206 U
591 1168 616 1205 I
628 1168 677 1206 N
686 1164 725 1206 ‘I'
735 1167 813 1206 US
841 1165 980 1205 Fabius
1005 1166 1057 1205 ad
1080 1179 1133 1204 me
1162 1165 1265 1205 venit
1293 1179 1329 1204 a.
1351 1165 1386 1204 d.
1409 1180 1457 1202 ιν.
1482 1165 1637 1204 Kalend.
1659 1165 1772 1205 Febr.
1804 1168 1846 1205 Is·

586 1232 735 1271 nuntiat
764 1233 816 1270 L.
839 1231 1043 1270 Domitium
1070 1245 1148 1270 cum
1163 1231 1247 1282 fitis
1274 1230 1478 1270 cohortibus
1497 1245 1548 1274 XI,
1577 1239 1613 1268 et
1641 1230 1843 1269 cohortibus

453 1313 536 1343 xw,
567 1311 655 1350 quas
676 1296 850 1335 Vibullius
868 1295 1034 1341 adduxit,
1063 1295 1116 1335 ad
1129 1310 1182 1334 me
1199 1296 1272 1334 iter
1291 1294 1421 1334 habere
1435 1311 1448 1333 .·
1479 1294 1592 1334 habui
1614 1309 1632 1334 e
1662 1295 1701 1333 in
1727 1296 1844 1334 animo

447 1363 626 1416 proficisci
652 1362 820 1414 Corfinio,
850 1376 888 1402 a.
918 1361 954 1400 d.
989 1361 1046 1400 Id.
1073 1361 1184 1400 Febr.
1216 1363 1262 1400 C.
1293 1362 1455 1400 Hirrum
1483 1375 1562 1400 cum
1591 1378 1616 1399 ν
1640 1361 1844 1400 cohortibus

440 1428 619 1483 substqui.
668 1429 793 1483 Cerfi‘o
822 1426 875 1466 ad
903 1441 964 1467 nos
995 1427 1192 1466 Luceriam
1223 1427 1346 1466 venias
1364 1443 1378 1465 :
1408 1441 1491 1466 nam
1524 1436 1560 1465 te
1592 1426 1651 1465 hic
1680 1426 1845 1477 tutisp'me

446 1504 539 1547 puto
551 1495 652 1547 sore.

577 1698 640 1737 M.
675 1699 850 1736 Cim-:Ro
883 1697 986 1735 lm.
1030 1697 1067 1735 S.
1101 1697 1156 1735 D.
1190 1697 1273 1735 Cn.
1307 1695 1716 1735 MAcno-Pnocos.

457 1826 682 1899 ANTE
713 1824 817 1864 diem
849 1839 903 1863 xv
928 1824 1095 1863 Kalend.
1126 1825 1249 1863 Mart.
1283 1823 1453 1862 Formiis
1485 1824 1618 1876 accepi
1643 1833 1726 1861 tuas
1748 1823 1841 1861 lite-

567 1906 623 1929 ras
643 1907 652 1929 ε
684 1905 732 1929 ex
761 1891 906 1944 quibus
931 1904 988 1935 ea,
1020 1904 1106 1943 quae
1127 1891 1166 1928 in
1188 1903 1280 1942 agro
1302 1890 1448 1928 Piceno
1467 1889 1570 1942 gesta
1589 1899 1711 1934 erant,
1743 1903 1840 1941 cog-

454 1957 544 1995 novi
567 1955 836 1994 commodiora
856 1955 928 1993 effe
949 1955 1092 2000 multo,
1124 1969 1243 2007 quam
1266 1964 1308 1993 ut
1328 1964 1408 1993 erat
1439 1955 1552 1993 nobis
1584 1955 1809 1993 nuntiatum
1828 1974 1839 2000 ;

455 2022 705 2074 Vibulliique
726 2021 913 2059 virtutem
935 2020 1243 2073 industriamque
1264 2020 1432 2058 libenter
1452 2021 1606 2072 agnovi.
1656 2021 1741 2058 Nos
1771 2021 1841 2058 ad-

455 2087 532 2126 huc
555 2089 593 2126 in
615 2101 659 2126 ea
678 2100 757 2133 ora,
789 2086 857 2126 ubi
880 2086 1071 2141 praepofiti
1094 2087 1240 2131 sumus,
1273 2087 1324 2124 ita
1346 2085 1512 2131 fuimus,
1545 2096 1587 2124 ut
1614 2100 1749 2125 navem
1771 2100 1840 2139 pa-

456 2163 576 2192 ratam
597 2152 829 2192 haberemus
849 2168 857 2191 :
890 2166 933 2191 ea
952 2153 1058 2190 enim
1079 2151 1347 2195 audiebamus,
1379 2162 1417 2190 et
1443 2166 1485 2190 ea
1506 2153 1747 2197 verebamur,
1781 2161 1839 2195 ut.

454 2218 721 2271 quodcunque
740 2227 785 2256 tu
806 2217 1013 2256 confilium
1036 2216 1287 2270 praecepisses,
1321 2217 1359 2254 id
1390 2217 1502 2255 nobis
1532 2217 1841 2270 persequendum

456 2294 695 2336 putaremus.
741 2284 880 2328 Nunc,
911 2283 1099 2336 quoniam
1128 2283 1355 2321 auctoritate
1384 2292 1421 2321 et
1442 2283 1604 2320 consilio
1627 2293 1695 2320 tuo
1717 2283 1754 2319 in
1780 2283 1842 2335 spe

456 2350 626 2387 firmiore
649 2348 795 2394 sumus,
828 2349 851 2387 si
876 2350 997 2387 teneri
1020 2348 1122 2401 poss'e
1144 2358 1254 2401 putas
1276 2348 1545 2392 Tarracinam,
1567 2357 1604 2385 et
1626 2361 1733 2386 oram
1756 2360 1841 2386 ma-

455 2416 643 2459 ritimam,
675 2415 713 2452 in
736 2429 778 2453 ea
799 2415 992 2459 mancbo;
1025 2415 1090 2452 etsi
1126 2414 1296 2467 praefidia
1327 2415 1365 2452 in
1397 2414 1551 2467 oppidis
1584 2414 1692 2451 nulla
1722 2414 1838 2452 sunt:

455 2495 569 2521 nemo
590 2480 696 2519 enim
719 2481 834 2519 nostri
857 2480 1003 2520 ordini<
1027 2480 1065 2518 in
1089 2480 1147 2518 his
1172 2480 1266 2518 locis<
1289 2481 1355 2523 cst,
1390 2490 1525 2532 prastcr
1557 2480 1619 2518 M.
1646 2481 1837 2533 Eppium.
