<?xml version="1.0" encoding="UTF-8"?>
<!DOCTYPE html PUBLIC "-//W3C//DTD XHTML 1.0 Transitional//EN"
    "http://www.w3.org/TR/xhtml1/DTD/xhtml1-transitional.dtd">
<html xmlns="http://www.w3.org/1999/xhtml" xml:lang="en" lang="en">
 <head>
  <title>
</title>
<meta http-equiv="Content-Type" content="text/html;charset=utf-8" />
  <meta name='ocr-system' content='tesseract 3.04.00' />
  <meta name='ocr-capabilities' content='ocr_page ocr_carea ocr_par ocr_line ocrx_word'/>
</head>
<body>
  <div class='ocr_page' id='page_1' title='image "./operacumindicibu08ciceuoft_0310.png"; bbox 0 0 2243 3008; ppageno 0'>
   <div class='ocr_carea' id='block_1_1' title="bbox 532 228 1566 286">
    <p class='ocr_par' dir='ltr' id='par_1_1' title="bbox 532 228 1566 286">
     <span class='ocr_line' id='line_1_1' title="bbox 532 228 1566 286; baseline -0.007 -13"><span class='ocrx_word' id='word_1_1' title='bbox 532 246 607 286; x_wconf 87' lang='lat'>302</span> <span class='ocrx_word' id='word_1_2' title='bbox 877 228 1566 270; x_wconf 85' lang='lat' dir='ltr'><strong>EPISTOLARUM</strong></span> 
     </span>
    </p>
   </div>
   <div class='ocr_carea' id='block_1_2' title="bbox 526 327 1926 2539">
    <p class='ocr_par' dir='ltr' id='par_1_2' title="bbox 526 327 1926 2539">
     <span class='ocr_line' id='line_1_2' title="bbox 526 327 1912 380; baseline -0.003 -10"><span class='ocrx_word' id='word_1_3' title='bbox 526 342 576 370; x_wconf 76' lang='lat' dir='ltr'>ut</span> <span class='ocrx_word' id='word_1_4' title='bbox 607 332 776 376; x_wconf 85' lang='lat' dir='ltr'>minuas,</span> <span class='ocrx_word' id='word_1_5' title='bbox 808 338 887 368; x_wconf 82' lang='lat' dir='ltr'>tam</span> <span class='ocrx_word' id='word_1_6' title='bbox 914 329 1024 367; x_wconf 86' lang='lat' dir='ltr'>valde</span> <span class='ocrx_word' id='word_1_7' title='bbox 1055 329 1232 373; x_wconf 86' lang='lat' dir='ltr'>laboras;</span> <span class='ocrx_word' id='word_1_8' title='bbox 1265 328 1384 380; x_wconf 90' lang='lat' dir='ltr'>idque</span> <span class='ocrx_word' id='word_1_9' title='bbox 1402 327 1522 366; x_wconf 89' lang='lat' dir='ltr'>velim</span> <span class='ocrx_word' id='word_1_10' title='bbox 1550 339 1599 365; x_wconf 88' lang='lat' dir='ltr'>ne</span> <span class='ocrx_word' id='word_1_11' title='bbox 1618 339 1774 379; x_wconf 85' lang='lat' dir='ltr'>gravere</span> <span class='ocrx_word' id='word_1_12' title='bbox 1793 339 1912 380; x_wconf 89' lang='lat' dir='ltr'>quam</span> 
     </span>
     <span class='ocr_line' id='line_1_3' title="bbox 531 391 1914 449; baseline -0.004 -14"><span class='ocrx_word' id='word_1_13' title='bbox 531 397 731 449; x_wconf 79' lang='lat' dir='ltr'>saepiflime</span> <span class='ocrx_word' id='word_1_14' title='bbox 750 394 889 434; x_wconf 87' lang='lat' dir='ltr'>facere.</span> <span class='ocrx_word' id='word_1_15' title='bbox 922 394 1101 432; x_wconf 85' lang='lat' dir='ltr'>Maxime</span> <span class='ocrx_word' id='word_1_16' title='bbox 1121 402 1251 431; x_wconf 89' lang='lat' dir='ltr'>autem</span> <span class='ocrx_word' id='word_1_17' title='bbox 1271 392 1463 444; x_wconf 85' lang='lat' dir='ltr'>affequere</span> <span class='ocrx_word' id='word_1_18' title='bbox 1484 392 1590 445; x_wconf 90' lang='lat' dir='ltr'>quod</span> <span class='ocrx_word' id='word_1_19' title='bbox 1611 393 1682 437; x_wconf 89' lang='lat' dir='ltr'>vis,</span> <span class='ocrx_word' id='word_1_20' title='bbox 1714 391 1740 430; x_wconf 89' lang='lat' dir='ltr'>fi</span> <span class='ocrx_word' id='word_1_21' title='bbox 1763 405 1825 430; x_wconf 90' lang='lat' dir='ltr'>me</span> <span class='ocrx_word' id='word_1_22' title='bbox 1845 392 1914 430; x_wconf 90' lang='lat' dir='ltr'>ad-</span> 
     </span>
     <span class='ocr_line' id='line_1_4' title="bbox 533 457 1914 510; baseline -0.003 -10"><span class='ocrx_word' id='word_1_23' title='bbox 533 462 705 506; x_wconf 86' lang='lat' dir='ltr'>duxeris,</span> <span class='ocrx_word' id='word_1_24' title='bbox 736 469 780 499; x_wconf 90' lang='lat' dir='ltr'>ut</span> <span class='ocrx_word' id='word_1_25' title='bbox 811 460 1045 504; x_wconf 88' lang='lat' dir='ltr'>existimem,</span> <span class='ocrx_word' id='word_1_26' title='bbox 1077 472 1140 497; x_wconf 91' lang='lat' dir='ltr'>me</span> <span class='ocrx_word' id='word_1_27' title='bbox 1172 458 1370 496; x_wconf 89' lang='lat' dir='ltr'>bonorum</span> <span class='ocrx_word' id='word_1_28' title='bbox 1394 459 1594 510; x_wconf 87' lang='lat' dir='ltr'>judicium</span> <span class='ocrx_word' id='word_1_29' title='bbox 1627 471 1705 496; x_wconf 91' lang='lat' dir='ltr'>non</span> <span class='ocrx_word' id='word_1_30' title='bbox 1733 457 1914 496; x_wconf 88' lang='lat' dir='ltr'>funditus</span> 
     </span>
     <span class='ocr_line' id='line_1_5' title="bbox 531 523 1914 581; baseline -0.004 -15"><span class='ocrx_word' id='word_1_31' title='bbox 531 527 750 581; x_wconf 86' lang='lat' dir='ltr'>perdidiffe.</span> <span class='ocrx_word' id='word_1_32' title='bbox 779 528 1018 577; x_wconf 85' lang='lat' dir='ltr'>Qanquam</span> <span class='ocrx_word' id='word_1_33' title='bbox 1039 523 1135 575; x_wconf 92' lang='lat' dir='ltr'>quid</span> <span class='ocrx_word' id='word_1_34' title='bbox 1157 532 1200 560; x_wconf 93' lang='lat' dir='ltr'>tu</span> <span class='ocrx_word' id='word_1_35' title='bbox 1221 524 1261 560; x_wconf 91' lang='lat' dir='ltr'>in</span> <span class='ocrx_word' id='word_1_36' title='bbox 1282 535 1328 560; x_wconf 92' lang='lat' dir='ltr'>eo</span> <span class='ocrx_word' id='word_1_37' title='bbox 1348 525 1485 575; x_wconf 90' lang='lat' dir='ltr'>potes?</span> <span class='ocrx_word' id='word_1_38' title='bbox 1507 523 1609 562; x_wconf 87' lang='lat' dir='ltr'>nihil</span> <span class='ocrx_word' id='word_1_39' title='bbox 1631 523 1793 562; x_wconf 90' lang='lat' dir='ltr'>scilicet.</span> <span class='ocrx_word' id='word_1_40' title='bbox 1827 524 1914 567; x_wconf 86' lang='lat' dir='ltr'>Sed,</span> 
     </span>
     <span class='ocr_line' id='line_1_6' title="bbox 533 586 1915 645; baseline -0.003 -14"><span class='ocrx_word' id='word_1_41' title='bbox 533 593 560 631; x_wconf 87' lang='lat' dir='ltr'>s1</span> <span class='ocrx_word' id='word_1_42' title='bbox 581 592 677 645; x_wconf 92' lang='lat' dir='ltr'>quid</span> <span class='ocrx_word' id='word_1_43' title='bbox 699 605 756 629; x_wconf 91' lang='lat' dir='ltr'>res</span> <span class='ocrx_word' id='word_1_44' title='bbox 778 591 886 628; x_wconf 90' lang='lat' dir='ltr'>dabit</span> <span class='ocrx_word' id='word_1_45' title='bbox 908 590 982 627; x_wconf 89' lang='lat' dir='ltr'>tibi</span> <span class='ocrx_word' id='word_1_46' title='bbox 1001 587 1216 632; x_wconf 86' lang='lat' dir='ltr'>facultatis,</span> <span class='ocrx_word' id='word_1_47' title='bbox 1247 586 1287 624; x_wconf 91' lang='lat' dir='ltr'>id</span> <span class='ocrx_word' id='word_1_48' title='bbox 1307 600 1371 625; x_wconf 89' lang='lat' dir='ltr'>me</span> <span class='ocrx_word' id='word_1_49' title='bbox 1390 588 1562 626; x_wconf 88' lang='lat' dir='ltr'>maxime</span> <span class='ocrx_word' id='word_1_50' title='bbox 1582 589 1772 626; x_wconf 90' lang='lat' dir='ltr'>consolari</span> <span class='ocrx_word' id='word_1_51' title='bbox 1801 599 1915 641; x_wconf 90' lang='lat' dir='ltr'>pote-</span> 
     </span>
     <span class='ocr_line' id='line_1_7' title="bbox 534 651 1917 709; baseline -0.003 -14"><span class='ocrx_word' id='word_1_52' title='bbox 534 658 600 702; x_wconf 88' lang='lat' dir='ltr'>rit,</span> <span class='ocrx_word' id='word_1_53' title='bbox 631 656 738 709; x_wconf 90' lang='lat' dir='ltr'>quod</span> <span class='ocrx_word' id='word_1_54' title='bbox 770 668 875 693; x_wconf 90' lang='lat' dir='ltr'>nunc</span> <span class='ocrx_word' id='word_1_55' title='bbox 906 653 1068 705; x_wconf 90' lang='lat' dir='ltr'>quidem</span> <span class='ocrx_word' id='word_1_56' title='bbox 1099 652 1213 690; x_wconf 89' lang='lat' dir='ltr'>video</span> <span class='ocrx_word' id='word_1_57' title='bbox 1244 665 1323 690; x_wconf 89' lang='lat' dir='ltr'>non</span> <span class='ocrx_word' id='word_1_58' title='bbox 1352 651 1452 698; x_wconf 72' lang='lat' dir='ltr'>effe:</span> <span class='ocrx_word' id='word_1_59' title='bbox 1485 651 1548 689; x_wconf 91' lang='lat' dir='ltr'>sed</span> <span class='ocrx_word' id='word_1_60' title='bbox 1568 652 1594 690; x_wconf 88' lang='lat' dir='ltr'>fi</span> <span class='ocrx_word' id='word_1_61' title='bbox 1615 652 1711 704; x_wconf 89' lang='lat' dir='ltr'>quid</span> <span class='ocrx_word' id='word_1_62' title='bbox 1732 666 1779 691; x_wconf 92' lang='lat' dir='ltr'>ex</span> <span class='ocrx_word' id='word_1_63' title='bbox 1798 667 1917 691; x_wconf 87' lang='lat' dir='ltr'>even-</span> 
     </span>
     <span class='ocr_line' id='line_1_8' title="bbox 534 716 1917 771; baseline -0.001 -12"><span class='ocrx_word' id='word_1_64' title='bbox 534 723 608 766; x_wconf 85' lang='lat' dir='ltr'>tis;</span> <span class='ocrx_word' id='word_1_65' title='bbox 640 730 684 759; x_wconf 92' lang='lat' dir='ltr'>ut</span> <span class='ocrx_word' id='word_1_66' title='bbox 704 719 780 758; x_wconf 90' lang='lat' dir='ltr'>hoc</span> <span class='ocrx_word' id='word_1_67' title='bbox 802 731 907 756; x_wconf 90' lang='lat' dir='ltr'>nunc</span> <span class='ocrx_word' id='word_1_68' title='bbox 928 716 1087 755; x_wconf 90' lang='lat' dir='ltr'>accidit.</span> <span class='ocrx_word' id='word_1_69' title='bbox 1119 716 1291 755; x_wconf 89' lang='lat' dir='ltr'>Dicebar</span> <span class='ocrx_word' id='word_1_70' title='bbox 1309 716 1480 754; x_wconf 83' lang='lat' dir='ltr'>debuiffe</span> <span class='ocrx_word' id='word_1_71' title='bbox 1501 729 1593 754; x_wconf 89' lang='lat' dir='ltr'>cum</span> <span class='ocrx_word' id='word_1_72' title='bbox 1615 717 1806 770; x_wconf 85' lang='lat' dir='ltr'>Pompeio</span> <span class='ocrx_word' id='word_1_73' title='bbox 1825 731 1917 771; x_wconf 89' lang='lat' dir='ltr'>pro-</span> 
     </span>
     <span class='ocr_line' id='line_1_9' title="bbox 532 781 1918 834; baseline -0.003 -10"><span class='ocrx_word' id='word_1_74' title='bbox 532 785 682 824; x_wconf 90' lang='lat' dir='ltr'>ficisci:</span> <span class='ocrx_word' id='word_1_75' title='bbox 714 785 843 821; x_wconf 86' lang='lat' dir='ltr'>exitus</span> <span class='ocrx_word' id='word_1_76' title='bbox 872 782 981 820; x_wconf 87' lang='lat' dir='ltr'>illius</span> <span class='ocrx_word' id='word_1_77' title='bbox 1011 782 1158 819; x_wconf 90' lang='lat' dir='ltr'>minuit</span> <span class='ocrx_word' id='word_1_78' title='bbox 1187 783 1270 833; x_wconf 84' lang='lat' dir='ltr'>ejus</span> <span class='ocrx_word' id='word_1_79' title='bbox 1296 781 1419 819; x_wconf 86' lang='lat' dir='ltr'>officii</span> <span class='ocrx_word' id='word_1_80' title='bbox 1446 781 1685 834; x_wconf 79' lang='lat' dir='ltr'>praetermiffi</span> <span class='ocrx_word' id='word_1_81' title='bbox 1707 782 1918 834; x_wconf 86' lang='lat' dir='ltr'>reprehen-</span> 
     </span>
     <span class='ocr_line' id='line_1_10' title="bbox 532 845 1920 900; baseline -0.001 -12"><span class='ocrx_word' id='word_1_82' title='bbox 532 851 708 893; x_wconf 89' lang='lat' dir='ltr'>fionem;</span> <span class='ocrx_word' id='word_1_83' title='bbox 740 847 804 886; x_wconf 87' lang='lat' dir='ltr'>sed</span> <span class='ocrx_word' id='word_1_84' title='bbox 823 861 870 886; x_wconf 89' lang='lat' dir='ltr'>ex</span> <span class='ocrx_word' id='word_1_85' title='bbox 890 847 1076 885; x_wconf 89' lang='lat' dir='ltr'>omnibus</span> <span class='ocrx_word' id='word_1_86' title='bbox 1098 845 1199 884; x_wconf 88' lang='lat' dir='ltr'>nihil</span> <span class='ocrx_word' id='word_1_87' title='bbox 1220 846 1345 898; x_wconf 89' lang='lat' dir='ltr'>magis</span> <span class='ocrx_word' id='word_1_88' title='bbox 1368 855 1497 884; x_wconf 90' lang='lat' dir='ltr'>tamen</span> <span class='ocrx_word' id='word_1_89' title='bbox 1522 846 1770 891; x_wconf 82' lang='lat' dir='ltr'>defideratur,</span> <span class='ocrx_word' id='word_1_90' title='bbox 1801 860 1920 900; x_wconf 89' lang='lat' dir='ltr'>quam</span> 
     </span>
     <span class='ocr_line' id='line_1_11' title="bbox 532 909 1920 968; baseline -0.002 -15"><span class='ocrx_word' id='word_1_91' title='bbox 532 914 642 968; x_wconf 91' lang='lat' dir='ltr'>quod</span> <span class='ocrx_word' id='word_1_92' title='bbox 672 915 713 951; x_wconf 92' lang='lat' dir='ltr'>in</span> <span class='ocrx_word' id='word_1_93' title='bbox 735 912 915 951; x_wconf 89' lang='lat' dir='ltr'>Africam</span> <span class='ocrx_word' id='word_1_94' title='bbox 945 925 1023 950; x_wconf 89' lang='lat' dir='ltr'>non</span> <span class='ocrx_word' id='word_1_95' title='bbox 1054 912 1181 950; x_wconf 90' lang='lat' dir='ltr'>ierim.</span> <span class='ocrx_word' id='word_1_96' title='bbox 1225 911 1387 962; x_wconf 89' lang='lat' dir='ltr'>Judicio</span> <span class='ocrx_word' id='word_1_97' title='bbox 1407 909 1484 949; x_wconf 89' lang='lat' dir='ltr'>hoc</span> <span class='ocrx_word' id='word_1_98' title='bbox 1505 911 1590 949; x_wconf 88' lang='lat' dir='ltr'>sum</span> <span class='ocrx_word' id='word_1_99' title='bbox 1612 911 1716 957; x_wconf 87' lang='lat' dir='ltr'>usus,</span> <span class='ocrx_word' id='word_1_100' title='bbox 1749 925 1826 950; x_wconf 91' lang='lat' dir='ltr'>non</span> <span class='ocrx_word' id='word_1_101' title='bbox 1848 913 1920 950; x_wconf 86' lang='lat' dir='ltr'>effe</span> 
     </span>
     <span class='ocr_line' id='line_1_12' title="bbox 536 977 1919 1030; baseline -0.001 -12"><span class='ocrx_word' id='word_1_102' title='bbox 536 979 707 1018; x_wconf 88' lang='lat' dir='ltr'>barbaris</span> <span class='ocrx_word' id='word_1_103' title='bbox 737 979 895 1017; x_wconf 82' lang='lat' dir='ltr'>auxiliis</span> <span class='ocrx_word' id='word_1_104' title='bbox 926 977 1177 1016; x_wconf 85' lang='lat' dir='ltr'>fallaciffimae</span> <span class='ocrx_word' id='word_1_105' title='bbox 1205 977 1334 1029; x_wconf 87' lang='lat' dir='ltr'>gentis</span> <span class='ocrx_word' id='word_1_106' title='bbox 1365 977 1673 1030; x_wconf 88' lang='lat' dir='ltr'>Rempublicam</span> <span class='ocrx_word' id='word_1_107' title='bbox 1704 977 1919 1016; x_wconf 92' lang='lat' dir='ltr'>defenden-</span> 
     </span>
     <span class='ocr_line' id='line_1_13' title="bbox 531 1043 1921 1097; baseline -0.001 -13"><span class='ocrx_word' id='word_1_108' title='bbox 531 1047 638 1091; x_wconf 87' lang='lat' dir='ltr'>dam,</span> <span class='ocrx_word' id='word_1_109' title='bbox 660 1045 871 1097; x_wconf 84' lang='lat' dir='ltr'>praesertim</span> <span class='ocrx_word' id='word_1_110' title='bbox 893 1053 1029 1082; x_wconf 89' lang='lat' dir='ltr'>contra</span> <span class='ocrx_word' id='word_1_111' title='bbox 1046 1043 1265 1082; x_wconf 84' lang='lat' dir='ltr'>exercitum</span> <span class='ocrx_word' id='word_1_112' title='bbox 1286 1043 1382 1096; x_wconf 82' lang='lat' dir='ltr'>saepe</span> <span class='ocrx_word' id='word_1_113' title='bbox 1402 1043 1604 1082; x_wconf 68' lang='lat' dir='ltr'>victorem.</span> <span class='ocrx_word' id='word_1_114' title='bbox 1637 1043 1730 1082; x_wconf 92' lang='lat' dir='ltr'>Non</span> <span class='ocrx_word' id='word_1_115' title='bbox 1753 1044 1921 1096; x_wconf 89' lang='lat' dir='ltr'>probant</span> 
     </span>
     <span class='ocr_line' id='line_1_14' title="bbox 532 1107 1919 1155; baseline -0.001 -5"><span class='ocrx_word' id='word_1_116' title='bbox 532 1111 714 1150; x_wconf 85' lang='lat' dir='ltr'>fortasse:</span> <span class='ocrx_word' id='word_1_117' title='bbox 746 1110 895 1148; x_wconf 89' lang='lat' dir='ltr'>multos</span> <span class='ocrx_word' id='word_1_118' title='bbox 925 1110 1033 1148; x_wconf 88' lang='lat' dir='ltr'>enim</span> <span class='ocrx_word' id='word_1_119' title='bbox 1061 1109 1163 1148; x_wconf 90' lang='lat' dir='ltr'>viros</span> <span class='ocrx_word' id='word_1_120' title='bbox 1197 1109 1321 1147; x_wconf 87' lang='lat' dir='ltr'>bonos</span> <span class='ocrx_word' id='word_1_121' title='bbox 1352 1109 1394 1147; x_wconf 87' lang='lat' dir='ltr'>in</span> <span class='ocrx_word' id='word_1_122' title='bbox 1416 1107 1596 1147; x_wconf 89' lang='lat' dir='ltr'>Africam</span> <span class='ocrx_word' id='word_1_123' title='bbox 1617 1108 1759 1148; x_wconf 85' lang='lat' dir='ltr'>venisse</span> <span class='ocrx_word' id='word_1_124' title='bbox 1788 1109 1919 1155; x_wconf 87' lang='lat' dir='ltr'>audio,</span> 
     </span>
     <span class='ocr_line' id='line_1_15' title="bbox 532 1173 1921 1228; baseline -0.001 -12"><span class='ocrx_word' id='word_1_125' title='bbox 532 1187 572 1216; x_wconf 91' lang='lat' dir='ltr'>et</span> <span class='ocrx_word' id='word_1_126' title='bbox 593 1177 672 1216; x_wconf 90' lang='lat' dir='ltr'>scio</span> <span class='ocrx_word' id='word_1_127' title='bbox 691 1174 804 1214; x_wconf 81' lang='lat' dir='ltr'>fuiffe</span> <span class='ocrx_word' id='word_1_128' title='bbox 823 1185 947 1214; x_wconf 91' lang='lat' dir='ltr'>antea.</span> <span class='ocrx_word' id='word_1_129' title='bbox 985 1174 1110 1213; x_wconf 87' lang='lat' dir='ltr'>Valde</span> <span class='ocrx_word' id='word_1_130' title='bbox 1130 1174 1206 1213; x_wconf 89' lang='lat' dir='ltr'>hoc</span> <span class='ocrx_word' id='word_1_131' title='bbox 1227 1175 1316 1212; x_wconf 94' lang='lat' dir='ltr'>loco</span> <span class='ocrx_word' id='word_1_132' title='bbox 1337 1187 1503 1227; x_wconf 86' lang='lat' dir='ltr'>urgeor;</span> <span class='ocrx_word' id='word_1_133' title='bbox 1535 1173 1602 1212; x_wconf 78' lang='lat' dir='ltr'>hic</span> <span class='ocrx_word' id='word_1_134' title='bbox 1633 1188 1793 1227; x_wconf 90' lang='lat' dir='ltr'>quoque</span> <span class='ocrx_word' id='word_1_135' title='bbox 1823 1189 1921 1228; x_wconf 87' lang='lat' dir='ltr'>opus</span> 
     </span>
     <span class='ocr_line' id='line_1_16' title="bbox 533 1239 1921 1295; baseline -0.001 -14"><span class='ocrx_word' id='word_1_136' title='bbox 533 1243 587 1282; x_wconf 89' lang='lat' dir='ltr'>est</span> <span class='ocrx_word' id='word_1_137' title='bbox 607 1243 695 1281; x_wconf 88' lang='lat' dir='ltr'>casu</span> <span class='ocrx_word' id='word_1_138' title='bbox 714 1257 722 1280; x_wconf 94' lang='lat'>:</span> <span class='ocrx_word' id='word_1_139' title='bbox 755 1242 878 1295; x_wconf 92' lang='lat' dir='ltr'>aliqui</span> <span class='ocrx_word' id='word_1_140' title='bbox 900 1242 974 1279; x_wconf 90' lang='lat' dir='ltr'>fint</span> <span class='ocrx_word' id='word_1_141' title='bbox 992 1255 1041 1280; x_wconf 87' lang='lat' dir='ltr'>ex</span> <span class='ocrx_word' id='word_1_142' title='bbox 1060 1241 1130 1286; x_wconf 88' lang='lat' dir='ltr'>eis,</span> <span class='ocrx_word' id='word_1_143' title='bbox 1161 1249 1243 1285; x_wconf 89' lang='lat' dir='ltr'>aut,</span> <span class='ocrx_word' id='word_1_144' title='bbox 1275 1240 1301 1278; x_wconf 86' lang='lat' dir='ltr'>s1</span> <span class='ocrx_word' id='word_1_145' title='bbox 1322 1239 1461 1293; x_wconf 88' lang='lat' dir='ltr'>potest,</span> <span class='ocrx_word' id='word_1_146' title='bbox 1493 1252 1644 1285; x_wconf 87' lang='lat' dir='ltr'>omnes,</span> <span class='ocrx_word' id='word_1_147' title='bbox 1667 1241 1735 1292; x_wconf 91' lang='lat' dir='ltr'>qui</span> <span class='ocrx_word' id='word_1_148' title='bbox 1757 1240 1921 1279; x_wconf 89' lang='lat' dir='ltr'>salutem</span> 
     </span>
     <span class='ocr_line' id='line_1_17' title="bbox 534 1305 1920 1361; baseline -0.003 -14"><span class='ocrx_word' id='word_1_149' title='bbox 534 1317 786 1361; x_wconf 86' lang='lat' dir='ltr'>anteponant.</span> <span class='ocrx_word' id='word_1_150' title='bbox 833 1307 941 1345; x_wconf 88' lang='lat' dir='ltr'>Nam</span> <span class='ocrx_word' id='word_1_151' title='bbox 973 1306 998 1344; x_wconf 89' lang='lat' dir='ltr'><strong>fi</strong></span> <span class='ocrx_word' id='word_1_152' title='bbox 1030 1305 1272 1358; x_wconf 87' lang='lat' dir='ltr'>perseverant</span> <span class='ocrx_word' id='word_1_153' title='bbox 1299 1315 1337 1343; x_wconf 87' lang='lat' dir='ltr'>et</span> <span class='ocrx_word' id='word_1_154' title='bbox 1357 1305 1567 1349; x_wconf 84' lang='lat' dir='ltr'>obtinent;</span> <span class='ocrx_word' id='word_1_155' title='bbox 1600 1305 1696 1357; x_wconf 90' lang='lat' dir='ltr'>quid</span> <span class='ocrx_word' id='word_1_156' title='bbox 1718 1305 1831 1343; x_wconf 87' lang='lat' dir='ltr'>nobis</span> <span class='ocrx_word' id='word_1_157' title='bbox 1854 1305 1920 1344; x_wconf 87' lang='lat' dir='ltr'>fu-</span> 
     </span>
     <span class='ocr_line' id='line_1_18' title="bbox 535 1369 1923 1422; baseline -0.003 -10"><span class='ocrx_word' id='word_1_158' title='bbox 535 1384 671 1412; x_wconf 87' lang='lat' dir='ltr'>turum</span> <span class='ocrx_word' id='word_1_159' title='bbox 692 1373 737 1411; x_wconf 83' lang='lat' dir='ltr'>fit</span> <span class='ocrx_word' id='word_1_160' title='bbox 757 1372 878 1410; x_wconf 86' lang='lat' dir='ltr'>vides.</span> <span class='ocrx_word' id='word_1_161' title='bbox 912 1372 1048 1416; x_wconf 88' lang='lat' dir='ltr'>Dices,</span> <span class='ocrx_word' id='word_1_162' title='bbox 1069 1371 1167 1422; x_wconf 92' lang='lat' dir='ltr'>quid</span> <span class='ocrx_word' id='word_1_163' title='bbox 1187 1371 1283 1415; x_wconf 91' lang='lat' dir='ltr'>illis,</span> <span class='ocrx_word' id='word_1_164' title='bbox 1316 1371 1340 1408; x_wconf 83' lang='lat' dir='ltr'>fi</span> <span class='ocrx_word' id='word_1_165' title='bbox 1362 1371 1454 1408; x_wconf 69' lang='lat' dir='ltr'>victi</span> <span class='ocrx_word' id='word_1_166' title='bbox 1473 1380 1589 1408; x_wconf 84' lang='lat' dir='ltr'>erunt</span> <span class='ocrx_word' id='word_1_167' title='bbox 1607 1371 1620 1407; x_wconf 92' lang='lat'>?</span> <span class='ocrx_word' id='word_1_168' title='bbox 1651 1369 1850 1409; x_wconf 89' lang='lat' dir='ltr'>honestior</span> <span class='ocrx_word' id='word_1_169' title='bbox 1869 1371 1923 1408; x_wconf 86' lang='lat' dir='ltr'>est</span> 
     </span>
     <span class='ocr_line' id='line_1_19' title="bbox 535 1435 1922 1492; baseline -0.002 -15"><span class='ocrx_word' id='word_1_170' title='bbox 535 1439 662 1492; x_wconf 86' lang='lat' dir='ltr'>plaga.</span> <span class='ocrx_word' id='word_1_171' title='bbox 714 1438 813 1476; x_wconf 78' lang='lat' dir='ltr'>Haec</span> <span class='ocrx_word' id='word_1_172' title='bbox 848 1449 911 1474; x_wconf 90' lang='lat' dir='ltr'>me</span> <span class='ocrx_word' id='word_1_173' title='bbox 945 1437 1186 1475; x_wconf 85' lang='lat' dir='ltr'>excruciant.</span> <span class='ocrx_word' id='word_1_174' title='bbox 1238 1435 1404 1488; x_wconf 90' lang='lat' dir='ltr'>Sulpicii</span> <span class='ocrx_word' id='word_1_175' title='bbox 1438 1445 1570 1473; x_wconf 87' lang='lat' dir='ltr'>autem</span> <span class='ocrx_word' id='word_1_176' title='bbox 1600 1435 1806 1474; x_wconf 84' lang='lat' dir='ltr'>confilium</span> <span class='ocrx_word' id='word_1_177' title='bbox 1844 1450 1922 1475; x_wconf 89' lang='lat' dir='ltr'>non</span> 
     </span>
     <span class='ocr_line' id='line_1_20' title="bbox 536 1500 1922 1556; baseline -0.002 -14"><span class='ocrx_word' id='word_1_178' title='bbox 536 1503 714 1556; x_wconf 79' lang='lat' dir='ltr'>scripsisti</span> <span class='ocrx_word' id='word_1_179' title='bbox 735 1516 806 1541; x_wconf 89' lang='lat' dir='ltr'>cur</span> <span class='ocrx_word' id='word_1_180' title='bbox 825 1515 915 1540; x_wconf 91' lang='lat' dir='ltr'>meo</span> <span class='ocrx_word' id='word_1_181' title='bbox 936 1515 1013 1539; x_wconf 90' lang='lat' dir='ltr'>non</span> <span class='ocrx_word' id='word_1_182' title='bbox 1035 1511 1288 1554; x_wconf 85' lang='lat' dir='ltr'>anteponeres</span> <span class='ocrx_word' id='word_1_183' title='bbox 1305 1519 1317 1544; x_wconf 70' lang='grc' dir='ltr'><strong><em>ς</em></strong></span> <span class='ocrx_word' id='word_1_184' title='bbox 1349 1500 1455 1552; x_wconf 91' lang='lat' dir='ltr'>quod</span> <span class='ocrx_word' id='word_1_185' title='bbox 1475 1500 1542 1538; x_wconf 74' lang='lat' dir='ltr'>etsi</span> <span class='ocrx_word' id='word_1_186' title='bbox 1571 1513 1649 1538; x_wconf 92' lang='lat' dir='ltr'>non</span> <span class='ocrx_word' id='word_1_187' title='bbox 1670 1510 1751 1538; x_wconf 84' lang='lat' dir='ltr'>tam</span> <span class='ocrx_word' id='word_1_188' title='bbox 1771 1501 1922 1553; x_wconf 89' lang='lat' dir='ltr'>glorio-</span> 
     </span>
     <span class='ocr_line' id='line_1_21' title="bbox 536 1564 1921 1620; baseline -0.002 -13"><span class='ocrx_word' id='word_1_189' title='bbox 536 1569 622 1607; x_wconf 88' lang='lat' dir='ltr'>sum</span> <span class='ocrx_word' id='word_1_190' title='bbox 642 1568 695 1606; x_wconf 91' lang='lat' dir='ltr'>est</span> <span class='ocrx_word' id='word_1_191' title='bbox 715 1579 833 1620; x_wconf 87' lang='lat' dir='ltr'>quarn</span> <span class='ocrx_word' id='word_1_192' title='bbox 854 1567 1033 1611; x_wconf 87' lang='lat' dir='ltr'>Catonis,</span> <span class='ocrx_word' id='word_1_193' title='bbox 1051 1575 1182 1604; x_wconf 88' lang='lat' dir='ltr'>tamen</span> <span class='ocrx_word' id='word_1_194' title='bbox 1202 1574 1241 1603; x_wconf 89' lang='lat' dir='ltr'>et</span> <span class='ocrx_word' id='word_1_195' title='bbox 1261 1565 1439 1617; x_wconf 86' lang='lat' dir='ltr'>periculo</span> <span class='ocrx_word' id='word_1_196' title='bbox 1453 1577 1622 1603; x_wconf 87' lang='lat' dir='ltr'>vacuum</span> <span class='ocrx_word' id='word_1_197' title='bbox 1642 1564 1696 1602; x_wconf 83' lang='lat' dir='ltr'>est</span> <span class='ocrx_word' id='word_1_198' title='bbox 1715 1574 1754 1603; x_wconf 91' lang='lat' dir='ltr'>et</span> <span class='ocrx_word' id='word_1_199' title='bbox 1773 1565 1921 1604; x_wconf 89' lang='lat' dir='ltr'>dolore.</span> 
     </span>
     <span class='ocr_line' id='line_1_22' title="bbox 537 1630 1923 1684; baseline -0.002 -11"><span class='ocrx_word' id='word_1_200' title='bbox 537 1637 773 1674; x_wconf 88' lang='lat' dir='ltr'>Extremum</span> <span class='ocrx_word' id='word_1_201' title='bbox 792 1633 851 1671; x_wconf 73' lang='lat' dir='ltr'>est</span> <span class='ocrx_word' id='word_1_202' title='bbox 880 1645 1031 1677; x_wconf 86' lang='lat' dir='ltr'>eorum,</span> <span class='ocrx_word' id='word_1_203' title='bbox 1062 1633 1132 1684; x_wconf 89' lang='lat' dir='ltr'>qui</span> <span class='ocrx_word' id='word_1_204' title='bbox 1161 1632 1202 1669; x_wconf 89' lang='lat' dir='ltr'>in</span> <span class='ocrx_word' id='word_1_205' title='bbox 1234 1630 1383 1669; x_wconf 86' lang='lat' dir='ltr'>Achaia</span> <span class='ocrx_word' id='word_1_206' title='bbox 1412 1631 1515 1669; x_wconf 90' lang='lat' dir='ltr'>sunt.</span> <span class='ocrx_word' id='word_1_207' title='bbox 1562 1631 1595 1670; x_wconf 88' lang='lat' dir='ltr'>li</span> <span class='ocrx_word' id='word_1_208' title='bbox 1626 1640 1755 1669; x_wconf 88' lang='lat' dir='ltr'>tamen</span> <span class='ocrx_word' id='word_1_209' title='bbox 1786 1632 1855 1684; x_wconf 87' lang='lat' dir='ltr'>ipfi</span> <span class='ocrx_word' id='word_1_210' title='bbox 1887 1633 1923 1670; x_wconf 88' lang='lat' dir='ltr'>se</span> 
     </span>
     <span class='ocr_line' id='line_1_23' title="bbox 535 1696 1921 1750; baseline -0.003 -12"><span class='ocrx_word' id='word_1_211' title='bbox 535 1701 613 1738; x_wconf 82' lang='lat' dir='ltr'>hoc</span> <span class='ocrx_word' id='word_1_212' title='bbox 635 1699 776 1737; x_wconf 84' lang='lat' dir='ltr'>melius</span> <span class='ocrx_word' id='word_1_213' title='bbox 796 1698 957 1743; x_wconf 82' lang='lat' dir='ltr'>habent,</span> <span class='ocrx_word' id='word_1_214' title='bbox 989 1710 1107 1750; x_wconf 89' lang='lat' dir='ltr'>quam</span> <span class='ocrx_word' id='word_1_215' title='bbox 1130 1709 1215 1742; x_wconf 89' lang='lat' dir='ltr'>nos,</span> <span class='ocrx_word' id='word_1_216' title='bbox 1245 1697 1353 1749; x_wconf 90' lang='lat' dir='ltr'>quod</span> <span class='ocrx_word' id='word_1_217' title='bbox 1372 1706 1411 1734; x_wconf 88' lang='lat' dir='ltr'>et</span> <span class='ocrx_word' id='word_1_218' title='bbox 1439 1696 1557 1735; x_wconf 87' lang='lat' dir='ltr'>multi</span> <span class='ocrx_word' id='word_1_219' title='bbox 1588 1696 1676 1734; x_wconf 90' lang='lat' dir='ltr'>sunt</span> <span class='ocrx_word' id='word_1_220' title='bbox 1697 1709 1777 1734; x_wconf 93' lang='lat' dir='ltr'>uno</span> <span class='ocrx_word' id='word_1_221' title='bbox 1797 1698 1838 1735; x_wconf 91' lang='lat' dir='ltr'>in</span> <span class='ocrx_word' id='word_1_222' title='bbox 1860 1697 1921 1735; x_wconf 88' lang='lat' dir='ltr'>lo-</span> 
     </span>
     <span class='ocr_line' id='line_1_24' title="bbox 534 1762 1923 1811; baseline -0.004 -7"><span class='ocrx_word' id='word_1_223' title='bbox 534 1779 612 1811; x_wconf 84' lang='lat' dir='ltr'>co;</span> <span class='ocrx_word' id='word_1_224' title='bbox 638 1774 677 1803; x_wconf 91' lang='lat' dir='ltr'>et</span> <span class='ocrx_word' id='word_1_225' title='bbox 696 1778 790 1803; x_wconf 88' lang='lat' dir='ltr'>cum</span> <span class='ocrx_word' id='word_1_226' title='bbox 812 1765 852 1802; x_wconf 90' lang='lat' dir='ltr'>in</span> <span class='ocrx_word' id='word_1_227' title='bbox 875 1764 1028 1802; x_wconf 85' lang='lat' dir='ltr'>ltaliam</span> <span class='ocrx_word' id='word_1_228' title='bbox 1049 1763 1242 1808; x_wconf 84' lang='lat' dir='ltr'>venerint,</span> <span class='ocrx_word' id='word_1_229' title='bbox 1264 1763 1429 1801; x_wconf 89' lang='lat' dir='ltr'>domum</span> <span class='ocrx_word' id='word_1_230' title='bbox 1450 1762 1577 1800; x_wconf 86' lang='lat' dir='ltr'>statim</span> <span class='ocrx_word' id='word_1_231' title='bbox 1599 1762 1790 1799; x_wconf 86' lang='lat' dir='ltr'>venerint.</span> <span class='ocrx_word' id='word_1_232' title='bbox 1825 1762 1923 1800; x_wconf 80' lang='lat' dir='ltr'>Haec</span> 
     </span>
     <span class='ocr_line' id='line_1_25' title="bbox 534 1827 1923 1883; baseline -0.004 -14"><span class='ocrx_word' id='word_1_233' title='bbox 534 1840 579 1869; x_wconf 88' lang='lat' dir='ltr'>tu</span> <span class='ocrx_word' id='word_1_234' title='bbox 602 1843 732 1883; x_wconf 89' lang='lat' dir='ltr'>perge,</span> <span class='ocrx_word' id='word_1_235' title='bbox 763 1838 808 1867; x_wconf 90' lang='lat' dir='ltr'>ut</span> <span class='ocrx_word' id='word_1_236' title='bbox 828 1829 939 1874; x_wconf 84' lang='lat' dir='ltr'>facis,</span> <span class='ocrx_word' id='word_1_237' title='bbox 971 1829 1166 1880; x_wconf 88' lang='lat' dir='ltr'>mitigare,</span> <span class='ocrx_word' id='word_1_238' title='bbox 1191 1837 1229 1866; x_wconf 92' lang='lat' dir='ltr'>et</span> <span class='ocrx_word' id='word_1_239' title='bbox 1251 1828 1413 1880; x_wconf 79' lang='lat' dir='ltr'>probare</span> <span class='ocrx_word' id='word_1_240' title='bbox 1433 1839 1551 1879; x_wconf 80' lang='lat' dir='ltr'>quam</span> <span class='ocrx_word' id='word_1_241' title='bbox 1572 1827 1769 1879; x_wconf 83' lang='lat' dir='ltr'>plurimis.</span> <span class='ocrx_word' id='word_1_242' title='bbox 1803 1827 1923 1878; x_wconf 85' lang='lat' dir='ltr'>Qod</span> 
     </span>
     <span class='ocr_line' id='line_1_26' title="bbox 535 1892 1924 1946; baseline -0.003 -12"><span class='ocrx_word' id='word_1_243' title='bbox 535 1905 576 1934; x_wconf 83' lang='lat' dir='ltr'>te</span> <span class='ocrx_word' id='word_1_244' title='bbox 604 1895 791 1938; x_wconf 87' lang='lat' dir='ltr'>excusas;</span> <span class='ocrx_word' id='word_1_245' title='bbox 821 1907 896 1946; x_wconf 82' lang='lat' dir='ltr'>ego</span> <span class='ocrx_word' id='word_1_246' title='bbox 925 1906 1016 1931; x_wconf 88' lang='lat' dir='ltr'>vero</span> <span class='ocrx_word' id='word_1_247' title='bbox 1045 1903 1083 1931; x_wconf 88' lang='lat' dir='ltr'>et</span> <span class='ocrx_word' id='word_1_248' title='bbox 1117 1903 1201 1931; x_wconf 90' lang='lat' dir='ltr'>tuas</span> <span class='ocrx_word' id='word_1_249' title='bbox 1236 1893 1365 1931; x_wconf 77' lang='lat' dir='ltr'>causas</span> <span class='ocrx_word' id='word_1_250' title='bbox 1397 1892 1527 1937; x_wconf 84' lang='lat' dir='ltr'>nosco,</span> <span class='ocrx_word' id='word_1_251' title='bbox 1557 1902 1595 1930; x_wconf 84' lang='lat' dir='ltr'>et</span> <span class='ocrx_word' id='word_1_252' title='bbox 1630 1905 1715 1930; x_wconf 88' lang='lat' dir='ltr'>mea</span> <span class='ocrx_word' id='word_1_253' title='bbox 1748 1892 1924 1930; x_wconf 76' lang='lat' dir='ltr'>interess&#39;e</span> 
     </span>
     <span class='ocr_line' id='line_1_27' title="bbox 534 1957 1923 2015; baseline -0.003 -15"><span class='ocrx_word' id='word_1_254' title='bbox 534 1967 636 2015; x_wconf 86' lang='lat' dir='ltr'>&#39;puto</span> <span class='ocrx_word' id='word_1_255' title='bbox 658 1970 694 1998; x_wconf 85' lang='lat' dir='ltr'>te</span> <span class='ocrx_word' id='word_1_256' title='bbox 715 1960 799 1997; x_wconf 85' lang='lat' dir='ltr'>istic</span> <span class='ocrx_word' id='word_1_257' title='bbox 819 1959 906 2004; x_wconf 80' lang='lat' dir='ltr'>effe,</span> <span class='ocrx_word' id='word_1_258' title='bbox 938 1959 998 1997; x_wconf 81' lang='lat' dir='ltr'>vel</span> <span class='ocrx_word' id='word_1_259' title='bbox 1021 1969 1064 1996; x_wconf 90' lang='lat' dir='ltr'>ut</span> <span class='ocrx_word' id='word_1_260' title='bbox 1084 1973 1177 1996; x_wconf 90' lang='lat' dir='ltr'>cum</span> <span class='ocrx_word' id='word_1_261' title='bbox 1199 1960 1261 2004; x_wconf 82' lang='lat' dir='ltr'>iis,</span> <span class='ocrx_word' id='word_1_262' title='bbox 1293 1958 1437 2010; x_wconf 87' lang='lat' dir='ltr'>quibus</span> <span class='ocrx_word' id='word_1_263' title='bbox 1459 1957 1671 2010; x_wconf 86' lang='lat' dir='ltr'>oportebit,</span> <span class='ocrx_word' id='word_1_264' title='bbox 1702 1971 1805 2009; x_wconf 67' lang='lat' dir='ltr'>agas,</span> <span class='ocrx_word' id='word_1_265' title='bbox 1836 1972 1923 2010; x_wconf 80' lang='lat' dir='ltr'>quae</span> 
     </span>
     <span class='ocr_line' id='line_1_28' title="bbox 537 2023 1925 2078; baseline -0.003 -13"><span class='ocrx_word' id='word_1_266' title='bbox 537 2035 654 2065; x_wconf 72' lang='lat' dir='ltr'>erunt</span> <span class='ocrx_word' id='word_1_267' title='bbox 682 2024 829 2078; x_wconf 82' lang='lat' dir='ltr'>agenda</span> <span class='ocrx_word' id='word_1_268' title='bbox 858 2024 905 2062; x_wconf 91' lang='lat' dir='ltr'>de</span> <span class='ocrx_word' id='word_1_269' title='bbox 937 2025 1066 2067; x_wconf 85' lang='lat' dir='ltr'>nobis,</span> <span class='ocrx_word' id='word_1_270' title='bbox 1098 2033 1142 2062; x_wconf 87' lang='lat' dir='ltr'>ut</span> <span class='ocrx_word' id='word_1_271' title='bbox 1171 2037 1215 2061; x_wconf 88' lang='lat' dir='ltr'>ea</span> <span class='ocrx_word' id='word_1_272' title='bbox 1244 2036 1330 2076; x_wconf 57' lang='lat' dir='ltr'>quae</span> <span class='ocrx_word' id='word_1_273' title='bbox 1362 2023 1500 2075; x_wconf 82' lang='lat' dir='ltr'>egisti;</span> <span class='ocrx_word' id='word_1_274' title='bbox 1534 2023 1573 2061; x_wconf 92' lang='lat' dir='ltr'>in</span> <span class='ocrx_word' id='word_1_275' title='bbox 1607 2023 1820 2075; x_wconf 82' lang='lat' dir='ltr'>primisque</span> <span class='ocrx_word' id='word_1_276' title='bbox 1848 2023 1925 2062; x_wconf 87' lang='lat' dir='ltr'>hoc</span> 
     </span>
     <span class='ocr_line' id='line_1_29' title="bbox 536 2088 1924 2140; baseline -0.002 -10"><span class='ocrx_word' id='word_1_277' title='bbox 536 2092 658 2130; x_wconf 87' lang='lat' dir='ltr'>velim</span> <span class='ocrx_word' id='word_1_278' title='bbox 678 2090 972 2129; x_wconf 78' lang='lat' dir='ltr'>animadvertas.</span> <span class='ocrx_word' id='word_1_279' title='bbox 1007 2089 1162 2127; x_wconf 87' lang='lat' dir='ltr'>Multos</span> <span class='ocrx_word' id='word_1_280' title='bbox 1182 2088 1254 2127; x_wconf 80' lang='lat' dir='ltr'>esse</span> <span class='ocrx_word' id='word_1_281' title='bbox 1275 2089 1455 2133; x_wconf 86' lang='lat' dir='ltr'>arbitror,</span> <span class='ocrx_word' id='word_1_282' title='bbox 1487 2088 1555 2140; x_wconf 87' lang='lat' dir='ltr'>qui</span> <span class='ocrx_word' id='word_1_283' title='bbox 1577 2088 1623 2125; x_wconf 89' lang='lat' dir='ltr'>ad</span> <span class='ocrx_word' id='word_1_284' title='bbox 1644 2089 1834 2127; x_wconf 72' lang='lat' dir='ltr'>Caesarem</span> <span class='ocrx_word' id='word_1_285' title='bbox 1855 2089 1924 2127; x_wconf 89' lang='lat' dir='ltr'>de·</span> 
     </span>
     <span class='ocr_line' id='line_1_30' title="bbox 537 2154 1924 2207; baseline -0.004 -11"><span class='ocrx_word' id='word_1_286' title='bbox 537 2157 718 2201; x_wconf 84' lang='lat' dir='ltr'>tulerint,</span> <span class='ocrx_word' id='word_1_287' title='bbox 746 2155 960 2193; x_wconf 84' lang='lat' dir='ltr'>delaturive</span> <span class='ocrx_word' id='word_1_288' title='bbox 979 2154 1068 2200; x_wconf 75' lang='lat' dir='ltr'>sint,</span> <span class='ocrx_word' id='word_1_289' title='bbox 1092 2168 1154 2193; x_wconf 90' lang='lat' dir='ltr'>me</span> <span class='ocrx_word' id='word_1_290' title='bbox 1173 2164 1239 2192; x_wconf 86' lang='lat' dir='ltr'>aut</span> <span class='ocrx_word' id='word_1_291' title='bbox 1261 2155 1450 2207; x_wconf 70' lang='lat' dir='ltr'>poenitere</span> <span class='ocrx_word' id='word_1_292' title='bbox 1469 2154 1620 2192; x_wconf 78' lang='lat' dir='ltr'>confilii</span> <span class='ocrx_word' id='word_1_293' title='bbox 1645 2155 1736 2198; x_wconf 84' lang='lat' dir='ltr'>mei,</span> <span class='ocrx_word' id='word_1_294' title='bbox 1759 2163 1824 2191; x_wconf 87' lang='lat' dir='ltr'>aut</span> <span class='ocrx_word' id='word_1_295' title='bbox 1847 2167 1924 2191; x_wconf 88' lang='lat' dir='ltr'>non</span> 
     </span>
     <span class='ocr_line' id='line_1_31' title="bbox 541 2218 1923 2275; baseline -0.002 -15"><span class='ocrx_word' id='word_1_296' title='bbox 541 2223 716 2275; x_wconf 86' lang='lat' dir='ltr'>probare,</span> <span class='ocrx_word' id='word_1_297' title='bbox 746 2234 834 2274; x_wconf 80' lang='lat' dir='ltr'>quae</span> <span class='ocrx_word' id='word_1_298' title='bbox 856 2219 949 2258; x_wconf 83' lang='lat' dir='ltr'>fiant</span> <span class='ocrx_word' id='word_1_299' title='bbox 968 2235 976 2259; x_wconf 91' lang='lat'><strong>:</strong></span> <span class='ocrx_word' id='word_1_300' title='bbox 1008 2233 1179 2273; x_wconf 88' lang='lat' dir='ltr'>quorum</span> <span class='ocrx_word' id='word_1_301' title='bbox 1201 2221 1267 2258; x_wconf 77' lang='lat' dir='ltr'>etsi</span> <span class='ocrx_word' id='word_1_302' title='bbox 1290 2231 1502 2272; x_wconf 87' lang='lat' dir='ltr'>utrumque</span> <span class='ocrx_word' id='word_1_303' title='bbox 1524 2233 1657 2257; x_wconf 85' lang='lat' dir='ltr'>verum</span> <span class='ocrx_word' id='word_1_304' title='bbox 1679 2218 1731 2256; x_wconf 79' lang='lat' dir='ltr'>est</span> <span class='ocrx_word' id='word_1_305' title='bbox 1750 2237 1760 2261; x_wconf 69' lang='grc' dir='ltr'>ς</span> <span class='ocrx_word' id='word_1_306' title='bbox 1794 2229 1923 2257; x_wconf 76' lang='lat' dir='ltr'>tamen</span> 
     </span>
     <span class='ocr_line' id='line_1_32' title="bbox 538 2285 1924 2337; baseline -0.002 -12"><span class='ocrx_word' id='word_1_307' title='bbox 538 2288 587 2326; x_wconf 87' lang='lat' dir='ltr'>ab</span> <span class='ocrx_word' id='word_1_308' title='bbox 618 2287 696 2325; x_wconf 89' lang='lat' dir='ltr'>illis</span> <span class='ocrx_word' id='word_1_309' title='bbox 723 2287 870 2325; x_wconf 84' lang='lat' dir='ltr'>dicitur</span> <span class='ocrx_word' id='word_1_310' title='bbox 900 2286 1034 2325; x_wconf 85' lang='lat' dir='ltr'>animo</span> <span class='ocrx_word' id='word_1_311' title='bbox 1063 2299 1084 2324; x_wconf 86' lang='lat' dir='ltr'>a</span> <span class='ocrx_word' id='word_1_312' title='bbox 1116 2300 1178 2325; x_wconf 86' lang='lat' dir='ltr'>me</span> <span class='ocrx_word' id='word_1_313' title='bbox 1207 2287 1388 2331; x_wconf 80' lang='lat' dir='ltr'>alienato,</span> <span class='ocrx_word' id='word_1_314' title='bbox 1421 2299 1497 2324; x_wconf 89' lang='lat' dir='ltr'>non</span> <span class='ocrx_word' id='word_1_315' title='bbox 1528 2298 1608 2336; x_wconf 83' lang='lat' dir='ltr'>quo</span> <span class='ocrx_word' id='word_1_316' title='bbox 1639 2285 1690 2322; x_wconf 74' lang='lat' dir='ltr'>im</span> <span class='ocrx_word' id='word_1_317' title='bbox 1720 2285 1924 2337; x_wconf 80' lang='lat' dir='ltr'>perspexe-</span> 
     </span>
     <span class='ocr_line' id='line_1_33' title="bbox 540 2351 1924 2402; baseline -0.002 -11"><span class='ocrx_word' id='word_1_318' title='bbox 540 2353 634 2392; x_wconf 88' lang='lat' dir='ltr'>rint.</span> <span class='ocrx_word' id='word_1_319' title='bbox 667 2352 740 2390; x_wconf 87' lang='lat' dir='ltr'>Sed</span> <span class='ocrx_word' id='word_1_320' title='bbox 760 2361 890 2390; x_wconf 82' lang='lat' dir='ltr'>totum</span> <span class='ocrx_word' id='word_1_321' title='bbox 914 2361 956 2390; x_wconf 88' lang='lat' dir='ltr'>ut</span> <span class='ocrx_word' id='word_1_322' title='bbox 978 2351 1053 2390; x_wconf 85' lang='lat' dir='ltr'>hoc</span> <span class='ocrx_word' id='word_1_323' title='bbox 1076 2353 1218 2391; x_wconf 85' lang='lat' dir='ltr'>Balbus</span> <span class='ocrx_word' id='word_1_324' title='bbox 1242 2353 1435 2396; x_wconf 73' lang='lat' dir='ltr'>sustineat,</span> <span class='ocrx_word' id='word_1_325' title='bbox 1466 2360 1503 2388; x_wconf 83' lang='lat' dir='ltr'>et</span> <span class='ocrx_word' id='word_1_326' title='bbox 1527 2351 1699 2402; x_wconf 78' lang='lat' dir='ltr'>Oppius,</span> <span class='ocrx_word' id='word_1_327' title='bbox 1730 2360 1767 2388; x_wconf 86' lang='lat' dir='ltr'>et</span> <span class='ocrx_word' id='word_1_328' title='bbox 1788 2363 1924 2388; x_wconf 88' lang='lat' dir='ltr'>eorum</span> 
     </span>
     <span class='ocr_line' id='line_1_34' title="bbox 537 2415 1926 2471; baseline -0.004 -13"><span class='ocrx_word' id='word_1_329' title='bbox 537 2419 687 2458; x_wconf 87' lang='lat' dir='ltr'>crebris</span> <span class='ocrx_word' id='word_1_330' title='bbox 721 2418 845 2456; x_wconf 85' lang='lat' dir='ltr'>literis</span> <span class='ocrx_word' id='word_1_331' title='bbox 880 2415 988 2456; x_wconf 86' lang='lat' dir='ltr'>illius</span> <span class='ocrx_word' id='word_1_332' title='bbox 1023 2418 1202 2457; x_wconf 79' lang='lat' dir='ltr'>voluntas</span> <span class='ocrx_word' id='word_1_333' title='bbox 1237 2430 1326 2471; x_wconf 86' lang='lat' dir='ltr'>erga</span> <span class='ocrx_word' id='word_1_334' title='bbox 1360 2431 1423 2455; x_wconf 88' lang='lat' dir='ltr'>me</span> <span class='ocrx_word' id='word_1_335' title='bbox 1457 2417 1727 2461; x_wconf 76' lang='lat' dir='ltr'>confirmetur,</span> <span class='ocrx_word' id='word_1_336' title='bbox 1771 2426 1810 2454; x_wconf 83' lang='lat' dir='ltr'>et</span> <span class='ocrx_word' id='word_1_337' title='bbox 1850 2415 1926 2453; x_wconf 84' lang='lat' dir='ltr'>hoc</span> 
     </span>
     <span class='ocr_line' id='line_1_35' title="bbox 541 2482 1923 2539; baseline -0.004 -15"><span class='ocrx_word' id='word_1_338' title='bbox 541 2485 656 2539; x_wconf 86' lang='lat' dir='ltr'>plane</span> <span class='ocrx_word' id='word_1_339' title='bbox 676 2492 720 2524; x_wconf 87' lang='lat' dir='ltr'>ut</span> <span class='ocrx_word' id='word_1_340' title='bbox 741 2483 822 2530; x_wconf 72' lang='lat' dir='ltr'>fiat,</span> <span class='ocrx_word' id='word_1_341' title='bbox 838 2483 1087 2537; x_wconf 83' lang='lat' dir='ltr'>diligentiam</span> <span class='ocrx_word' id='word_1_342' title='bbox 1107 2483 1328 2524; x_wconf 84' lang='lat' dir='ltr'>adhibebis.</span> <span class='ocrx_word' id='word_1_343' title='bbox 1361 2483 1544 2522; x_wconf 80' lang='lat' dir='ltr'>Alterum</span> <span class='ocrx_word' id='word_1_344' title='bbox 1565 2483 1632 2528; x_wconf 82' lang='lat' dir='ltr'>est,</span> <span class='ocrx_word' id='word_1_345' title='bbox 1651 2496 1720 2521; x_wconf 89' lang='lat' dir='ltr'>cur</span> <span class='ocrx_word' id='word_1_346' title='bbox 1742 2492 1779 2521; x_wconf 84' lang='lat' dir='ltr'>te</span> <span class='ocrx_word' id='word_1_347' title='bbox 1800 2482 1923 2520; x_wconf 88' lang='lat' dir='ltr'>nolim</span> 
     </span>
    </p>
   </div>
   <div class='ocr_carea' id='block_1_3' title="bbox 2233 2230 2243 2553">
    <p class='ocr_par' dir='ltr' id='par_1_3' title="bbox 2233 2230 2243 2553">
     <span class='ocr_line' id='line_1_36' title="bbox 2233 2230 2243 2553; textangle 90"><span class='ocrx_word' id='word_1_348' title='bbox 2239 2527 2243 2553; x_wconf 85' lang='lat'>-.</span> <span class='ocrx_word' id='word_1_349' title='bbox 2233 2230 2243 2505; x_wconf 45' lang='grc' dir='ltr'>-Λ-ᾼᾼ---</span> 
     </span>
    </p>
   </div>
  </div>
 </body>
</html>
