2243 3008
488 260 563 300 142
815 246 1502 286 EPISTOLARUM

487 351 590 391 nihil
624 362 723 404 opus
758 347 852 395 fuit,
894 357 936 387 ut
955 348 1080 400 spero.
1131 349 1371 400 Acceperam
1406 357 1536 386 autem
1571 347 1660 387 satis
1694 347 1873 388 celeriter

486 417 614 456 Iconii
643 429 712 469 per
742 414 1052 453 Publicanorum
1083 412 1303 451 tabellarios
1323 427 1345 451 a
1373 413 1538 451 Lentuli
1567 413 1772 467 triumpho
1802 414 1871 452 da-

485 493 571 522 tas:
604 483 645 521 in
679 481 741 519 his
770 476 986 529 γλυκύπικρον
1016 478 1116 517 illud
1150 479 1376 524 confirmas,
1406 493 1558 518 moram
1588 479 1689 518 mihi
1720 480 1873 518 nullam

484 547 596 587 fore:
629 545 770 585 deinde
800 544 924 589 addis,
955 543 982 582 fi
1012 543 1109 596 quid
1138 543 1262 589 secus,
1294 554 1331 582 te
1357 544 1404 582 ad
1435 558 1500 582 me
1530 543 1614 583 fore
1643 554 1870 584 venturum.

485 615 675 666 Pungunt
697 624 759 649 me
779 609 1045 648 dubitationes
1066 618 1167 647 tuae:
1199 609 1314 648 fimul
1335 619 1374 648 et
1394 609 1516 655 vides,
1538 623 1633 662 quas
1654 611 1874 663 acceperim

482 680 630 718 literas.
677 678 785 716 Nam
814 689 910 729 quas
940 675 1138 713 Hermoni
1167 675 1410 714 centurionis
1432 675 1608 714 Camulae
1634 675 1715 728 ipse
1735 676 1872 714 scribis

482 754 523 784 te
556 743 712 787 dediffe,
744 755 822 780 non
856 741 1005 793 accepi.
1051 740 1168 779 Lenii
1201 741 1331 793 pueris
1367 749 1404 779 te
1438 740 1580 778 dediffe
1608 739 1705 793 saepe
1732 740 1780 778 ad
1809 754 1875 779 me

484 810 712 863 scripseras:
743 821 805 846 eas
836 807 1038 845 Laodiceae
1068 806 1252 858 denique,
1284 819 1377 844 cum
1411 819 1458 844 eo
1486 804 1686 850 veniffem‚
1720 819 1776 844 111
1809 806 1872 844 Id.

484 876 602 916 Febr.
636 873 784 912 Lenius
804 871 906 911 mihi
927 871 1112 916 reddjdit,
1142 871 1248 909 datas
1268 884 1302 909 a.
1326 871 1366 909 d.
1391 884 1417 908 x
1441 871 1532 909 Kal.
1556 870 1764 909 octobres.
1791 871 1874 909 Le-

483 942 551 980 nio
585 950 669 979 tuas
699 937 1061 978 commendationes
1095 945 1136 974 et
1168 936 1298 975 statim
1331 936 1475 982 verbis,
1506 945 1547 974 et
1579 935 1733 989 reliquo
1767 946 1872 975 tem-

481 1020 576 1060 pore
610 1019 650 1043 re
683 1003 874 1058 probabo.
921 1003 995 1040 Hae
1025 1002 1147 1040 literae
1176 1010 1313 1040 caetera
1341 1010 1470 1040 vetera
1502 1000 1715 1047 habebant,
1748 1015 1874 1041 unum

480 1073 559 1111 hoc
586 1084 751 1115 novum,
781 1069 829 1107 de
859 1068 1058 1120 Cybiratis
1086 1066 1303 1121 pantheris.
1349 1068 1535 1106 Multum
1565 1076 1602 1106 te
1630 1081 1734 1114 amo,
1765 1068 1873 1121 quod

481 1135 711 1191 respondisti
742 1135 807 1173 M.
840 1133 1022 1178 octavio,
1054 1142 1092 1171 te
1121 1146 1200 1171 non
1230 1142 1382 1185 putare.
1427 1133 1502 1171 Sed
1532 1132 1692 1186 posthac
1723 1134 1872 1179 omnia,

480 1215 569 1255 quae
599 1210 704 1240 certa
734 1213 815 1239 non
843 1207 973 1244 erunt,
1004 1212 1076 1251 pro
1104 1207 1212 1236 certo
1241 1207 1408 1250 negato:
1442 1211 1512 1236 nos
1541 1199 1650 1237 enim
1678 1206 1717 1236 et
1746 1198 1875 1236 nostra

481 1269 619 1322 sponte
653 1267 753 1305 bene
780 1265 903 1311 firmi,
932 1273 973 1303 et
1005 1263 1231 1302 mehercule
1263 1264 1492 1302 auctoritate
1524 1273 1591 1302 tua
1620 1263 1872 1310 inflammati,

480 1333 650 1372 vicimus
684 1344 822 1370 omnes
859 1329 955 1383 (hoc
989 1338 1033 1368 tu
1066 1329 1122 1367 ita
1154 1329 1338 1382 reperies)
1375 1343 1468 1368 cum
1502 1329 1748 1374 abstinentia,
1784 1338 1872 1368 tum

475 1399 642 1453 justitia,
671 1397 877 1441 facilitate,
908 1395 1134 1434 clementia.
1178 1396 1282 1434 Cave
1310 1405 1424 1448 putes
1453 1396 1670 1449 quicquam
1688 1394 1872 1434 homines

480 1465 607 1517 magis
628 1477 804 1516 unquam
823 1461 896 1501 effe
916 1461 1094 1507 miratos,
1124 1473 1244 1514 quam
1265 1461 1424 1499 nullum
1446 1461 1680 1507 teruntium‚
1712 1475 1776 1499 me
1795 1461 1872 1499 ob-

480 1531 634 1570 tinente
659 1529 920 1584 provinciam,
951 1527 1130 1580 sumptus
1163 1526 1310 1565 factum
1341 1527 1428 1572 effe,
1460 1540 1532 1565 nec
1558 1527 1600 1564 in
1628 1527 1873 1580 Rempubli-

479 1610 583 1643 cam,
615 1596 749 1634 necin
769 1607 1012 1648 quemquam
1032 1606 1229 1638 meorum,
1259 1602 1520 1645 praeterquam
1549 1593 1590 1630 in
1618 1592 1875 1631 L.Tullium

479 1664 684 1717 legatum:
717 1661 765 1706 is,
796 1659 1008 1713 caeteroqui
1039 1658 1250 1704 abstinens,
1284 1658 1367 1711 (sed
1397 1658 1505 1710 Julia
1534 1658 1621 1711 lege
1653 1659 1872 1704 tranfitans,

479 1729 597 1768 semel
625 1737 755 1766 tamen
785 1727 827 1764 in
857 1725 978 1771 diem,
1011 1738 1106 1771 non,
1137 1734 1182 1763 ut
1212 1724 1280 1763 alii
1310 1724 1501 1770 solebant,
1533 1724 1720 1763 omnibus
1751 1724 1869 1775 vicis)

479 1794 576 1833 facit
605 1802 650 1832 ut
677 1791 780 1831 mihi
809 1791 1065 1844 excipiendus
1095 1791 1156 1836 fit,
1187 1803 1280 1829 cum
1311 1791 1530 1828 teruntium
1560 1803 1661 1842 nego
1691 1789 1870 1842 sumptus

478 1860 656 1899 factum:
688 1867 826 1911 proeter
854 1871 947 1896 eum
974 1856 1126 1909 accepit
1153 1869 1298 1894 nemo:
1329 1854 1398 1893 has
1425 1868 1446 1892 a
1475 1854 1604 1893 nostro
1634 1855 1872 1907 QTitinio

480 1925 609 1964 sordes
641 1923 880 1976 accepimus.
928 1923 1031 1975 Ego,
1063 1921 1200 1959 aestivis
1234 1919 1441 1964 confectis,
1473 1921 1674 1972 Qintum
1710 1920 1872 1960 fratrem

480 1990 657 2029 hibernis
677 1997 716 2026 et
744 1987 898 2025 Ciliciae
926 1985 1097 2039 praefeci.
1144 1985 1441 2038 QVoluslum,
1474 1987 1533 2023 tui
1565 1986 1720 2024 Tiberii
1749 1999 1871 2039 gene-

482 2070 585 2101 rum,
617 2063 770 2093 certum
792 2052 1013 2097 hominem,
1045 2051 1108 2090 sed
1138 2051 1305 2090 mirifice
1334 2052 1453 2090 etiam
1480 2051 1754 2096 abstinentem,
1786 2052 1872 2091 mist

481 2125 521 2161 in
543 2124 739 2174 Cyprum,
763 2128 806 2158 ut
828 2119 883 2157 ibi
906 2118 1092 2171 pauculos
1114 2118 1195 2156 dies
1216 2117 1331 2163 effet5
1356 2131 1403 2156 ne
1423 2118 1526 2156 cives
1549 2118 1720 2156 Romani
1742 2119 1872 2170 pauci,

480 2188 550 2241 qui
580 2187 665 2225 illic
686 2185 951 2238 negotiantur,
977 2185 1044 2236 jus
1075 2183 1144 2221 fibi
1174 2183 1326 2222 dictum
1353 2192 1564 2235 negarent:
1599 2196 1688 2221 nam
1718 2183 1871 2221 evocari

479 2268 528 2293 ex
558 2251 684 2291 insula
713 2251 882 2304 Cyprios
919 2263 996 2288 non
1031 2250 1139 2288 licet.
1192 2249 1276 2302 lpse
1311 2249 1351 2287 in
1388 2249 1518 2287 Anam
1555 2248 1752 2301 profe-{lus
1788 2249 1872 2286 sum

481 2319 605 2360 Tarso
626 2318 757 2357 Nonis
778 2317 972 2368 januariis
991 2331 1000 2355 ι
1033 2329 1113 2355 non
1134 2315 1358 2354 mehercule
1378 2315 1456 2354 dici
1480 2315 1617 2368 potest,
1647 2329 1722 2367 qua
1743 2315 1870 2353 admi-

481 2386 630 2426 ratione
652 2383 806 2422 Ciliciae
826 2383 1049 2428 civitatum,
1066 2383 1315 2435 maximeque
1336 2382 1597 2421 Tarstnfium.
1636 2382 1766 2419 Postea
1782 2394 1872 2419 vero

479 2463 600 2505 quam
621 2451 802 2489 Taurum
823 2448 1070 2502 transgressus
1092 2448 1193 2494 sum,
1226 2447 1392 2486 mirifica
1412 2449 1630 2501 expectatio
1652 2448 1749 2485 Afiae
1781 2446 1870 2485 nos-

481 2528 629 2558 trarum
659 2515 899 2563 dioecesmm,
931 2530 1017 2570 quae
1039 2516 1100 2555 sex
1124 2515 1319 2555 mensibus
1342 2515 1498 2569 imperii
1520 2515 1596 2553 mei
1620 2514 1747 2552 nullas
1769 2526 1871 2552 meas
