2243 3008
502 289 578 343 366
829 282 1517 324 EPISTOLARUM

499 388 658 441 quando
678 386 835 426 obviam
853 404 864 431 ;
896 383 1093 438 quidquid
1113 382 1282 434 denique
1302 381 1376 419 erit
1396 381 1503 434 quod
1524 381 1618 419 scire
1645 394 1708 420 me
1728 390 1887 434 oporte-

500 463 554 499 at,
587 453 744 491 scribes.
791 450 988 494 Pisonem,
1019 449 1045 486 si
1067 448 1227 501 poteriS,
1258 446 1482 486 convenies.
1521 446 1641 486 Vides
1662 460 1781 500 quam
1803 459 1887 485 ma-

503 528 638 558 turum
659 518 704 557 fit
722 533 732 556 :
765 516 828 555 sed
849 526 994 561 tamen,
1025 513 1131 566 quod
1152 511 1364 550 commodo
1386 521 1454 550 tuo
1473 511 1556 551 fiat.

841 717 1084 755 C1c1-:Ro
1125 713 1380 752 ATTrco
1421 712 1552 750 SAL.

504 848 601 887 XII.
625 844 898 917 VALDE
937 856 1001 881 me
1031 841 1330 880 momorderunt
1364 840 1534 893 epistolae
1567 849 1644 880 tuae
1677 840 1725 878 de
1758 841 1894 880 Attica

713 911 839 949 nostra
856 927 870 949 :
897 908 1042 948 eaedem
1063 917 1193 946 tamen
1215 907 1441 945 sanaverunt
1459 921 1468 945 :
1501 907 1608 959 quod
1628 908 1735 945 enim
1756 916 1794 945 te
1814 907 1894 960 ipse

505 977 753 1016 consolabare
772 976 916 1014 eisdem
937 975 1076 1019 literis,
1107 973 1148 1011 id
1177 971 1279 1012 mihi
1310 981 1390 1011 erat
1419 971 1506 1010 satis
1528 972 1688 1011 firmum
1713 973 1759 1010 ad
1791 973 1893 1011 leni-

502 1043 645 1082 endam
677 1042 968 1095 aegritudinem.
1014 1040 1222 1092 Ligariana
1254 1039 1436 1092 praeclare
1469 1038 1702 1077 vendidisti:
1736 1038 1894 1092 posthac

505 1109 701 1162 quidquid
722 1107 921 1160 scripsero,
953 1106 1029 1144 ribi
1049 1105 1290 1159 praeconium
1311 1103 1497 1143 deferam.
1539 1105 1659 1157 Qod
1680 1105 1726 1143 ad
1758 1119 1822 1144 me
1848 1105 1896 1144 de

507 1176 683 1213 Varrone
703 1173 854 1219 scribis,
886 1173 959 1211 scis
979 1185 1044 1211 me
1063 1181 1152 1209 ante
1172 1172 1388 1216 orationes„
1411 1179 1478 1208 aut
1507 1169 1656 1224 aliquid
1686 1170 1726 1209 id
1755 1184 1894 1223 genus,

507 1241 669 1279 solitum
691 1240 870 1285 scribere,
893 1248 938 1277 ut
958 1239 1175 1276 Varronem
1197 1237 1388 1291 nusquam
1409 1236 1554 1289 possem
1575 1237 1764 1276 intexere.
1799 1237 1895 1275 Pos-

507 1316 569 1346 tea
587 1316 718 1346 autem
739 1319 859 1360 quam
878 1304 963 1344 haec
982 1304 1086 1357 coepi
1107 1301 1367 1356 φιλολογώτεςα,
1376 1304 1461 1355 jam
1475 1303 1598 1341 Varro
1618 1302 1720 1341 mihi
1740 1303 1896 1342 denun-

507 1374 668 1411 tiaverat
689 1385 872 1425 magnam
894 1371 979 1409 sane
999 1379 1038 1409 et
1057 1381 1214 1422 gravem
1234 1365 1466 1420 προσφώνησιν.
1512 1369 1724 1408 Biennium
1755 1378 1896 1422 praete-

508 1439 590 1485 riit,
621 1451 714 1477 cum
747 1438 815 1476 ille
841 1430 1038 1478 Καλλιπίὰς
1057 1433 1202 1473 affiduo
1222 1433 1336 1471 cursu
1356 1435 1540 1472 cubitum
1562 1435 1719 1473 nullum
1741 1435 1896 1488 proces-

507 1505 612 1543 serit.
659 1505 747 1557 Ego
767 1512 898 1542 autem
919 1515 982 1540 me
1002 1501 1184 1553 parabam
1204 1498 1251 1536 ad
1272 1498 1327 1544 id,
1358 1499 1466 1551 quod
1496 1499 1563 1537 ille
1596 1499 1697 1538 mihi
1725 1500 1897 1546 misisset,

510 1578 554 1608 ut
572 1566 662 1619 αὐτῷ
682 1565 727 1618 τῷ
744 1566 864 1622 μέτρῳ,
894 1580 921 1620 ²5
940 1564 1045 1612 λόίον,
1078 1566 1103 1604 fi
1135 1563 1255 1602 modo
1287 1564 1522 1616 potuissem:
1556 1578 1646 1604 nam
1674 1564 1751 1604 hoc
1780 1567 1900 1605 etiam

510 1633 705 1673 Hesiodus
735 1630 934 1675 adscribit,
965 1626 1041 1665 οᾶιιε
1070 1623 1184 1672 δύνηαι.
1232 1629 1355 1668 Nunc
1385 1629 1496 1668 illam
1525 1629 1592 1678 πρ)
1620 1627 1717 1666 πλῶν
1745 1628 1900 1680 σύνταξιν,

510 1701 596 1739 sane
617 1697 718 1737 mihi
739 1697 958 1751 probatam,
991 1696 1129 1741 Bruto,
1152 1703 1196 1734 ut
1217 1695 1291 1733 tibi
1313 1695 1477 1748 placuit,
1499 1694 1803 1747 despondimus;
1836 1696 1897 1734 id-

508 1780 586 1819 que
613 1773 655 1803 tu
676 1777 768 1802 eum
790 1776 868 1801 non
890 1761 996 1800 nolle
1016 1760 1118 1800 mihi
1148 1760 1341 1814 scripsisti.
1389 1761 1496 1814 Ergo
1526 1760 1636 1799 illam
1668 1753 1901 1807 'Anaolmnxim

510 1832 551 1869 in
573 1844 651 1883 qua
669 1828 866 1873 homines,
900 1827 1051 1865 nobiles
1082 1826 1143 1865 illi
1171 1827 1349 1879 quidem,
1381 1825 1444 1864 sed
1475 1826 1586 1864 nullo
1615 1824 1734 1864 modo
1764 1824 1899 1878 philo-

512 1896 609 1948 logi,
642 1894 760 1932 nimis
781 1903 892 1932 acute
912 1893 1147 1945 loquuntur,
1178 1892 1225 1930 ad
1255 1892 1472 1930 Varronem
1502 1890 1807 1930 transferamus:
1839 1901 1900 1930 et-

510 1962 618 2000 enim
642 1959 730 1997 sunt
751 1956 959 2001 Ἀντιόχειαι;
992 1971 1077 2009 quae
1099 1956 1167 1994 iste
1186 1955 1296 1994 valde
1317 1957 1471 2009 probat.
1504 1956 1648 1995 Catulo
1667 1966 1706 1994 et
1728 1957 1902 1995 Lucullo

512 2027 607 2066 alibi
630 2036 891 2078 reponemus,
925 2023 977 2061 ita
999 2031 1143 2067 tamen,
1177 2022 1200 2060 s1
1225 2031 1265 2060 tu
1288 2021 1359 2061 hos
1381 2022 1548 2075 probas;
1582 2022 1706 2075 deque
1727 2037 1772 2060 eo
1800 2022 1902 2062 mihi

515 2091 698 2131 rescribas
719 2087 855 2127 velim.
899 2089 961 2127 De
989 2088 1200 2127 Brinniana
1219 2088 1396 2126 auctione
1417 2088 1548 2141 accepi
1571 2100 1591 2125 a
1611 2085 1789 2126 Vestorio
1810 2088 1902 2127 lite-

515 2171 587 2197 ras.
617 2157 703 2201 Ait,
721 2155 798 2193 fine
820 2154 900 2192 ulla
919 2153 1177 2192 controversia
1197 2165 1279 2191 rem
1299 2153 1346 2191 ad
1368 2167 1430 2192 mc
1450 2153 1521 2192 effe
1542 2153 1726 2192 collatam
1745 2154 1902 2205 (Romae

515 2224 713 2267 videlicet,
745 2230 811 2260 aut
842 2221 883 2259 in
913 2220 1156 2266 Tusculano,
1187 2231 1251 2258 me
1279 2219 1363 2258 sore
1394 2219 1647 2273 putaverunt)
1681 2233 1715 2258 a.
1747 2219 1786 2258 d.
1813 2233 1899 2260 vin

517 2289 606 2328 Kal.
631 2288 848 2341 Qintilcs.
883 2287 1002 2326 Dices
1025 2286 1147 2339 igitur
1166 2286 1226 2325 vel
1248 2286 1376 2325 amico
1398 2296 1481 2331 tuo,
1504 2287 1719 2339 Sp.Vctti0
1739 2285 1902 2324 cohere-

516 2356 556 2394 di
579 2367 682 2400 meo,
708 2354 768 2392 vel
790 2353 965 2392 Labeoni
988 2352 1130 2398 nostro,
1162 2352 1323 2406 paulum
1345 2351 1542 2406 proferant
1563 2353 1808 2396 auctionem
1841 2363 1906 2391 me

516 2422 673 2461 circiter
695 2420 832 2459 Nonas
854 2420 894 2458 in
914 2418 1143 2459 Tusculano
1164 2418 1261 2458 sore.
1295 2420 1401 2458 Cum
1423 2418 1560 2457 Pisone
1583 2419 1744 2457 Erotem
1766 2417 1900 2459 hach.

519 2487 582 2528 De
602 2487 829 2542 Scapulanis
848 2484 974 2527 hortis
995 2495 1079 2527 toto
1099 2488 1253 2540 pedore
1273 2487 1494 2540 cogitemus
1513 2501 1522 2526 :
1554 2485 1636 2525 dies
1656 2484 1772 2525 adest.
