2243 3008
529 241 604 294 318
878 237 1567 277 EPISTULARUM

866 474 1109 513 Cxctno
1149 473 1403 510 Αττισσ
1444 472 1574 511 SAL.

525 601 685 642 XXIII.
710 601 835 689 ΟΠ
850 602 886 639 O
901 601 938 639 D
969 599 1016 637 ad
1037 608 1074 637 te
1094 598 1332 651 scripseram,
1355 606 1400 636 ut
1419 611 1513 636 cum
1535 599 1707 639 Camillo
1726 613 1911 640 commu-

817 667 979 708 nicares,
1010 663 1059 702 de
1086 676 1133 702 eo
1160 663 1354 702 Camillus
1386 662 1488 701 mihi
1517 663 1681 717 scripsit,
1712 674 1750 704 te
1781 667 1913 707 secum

525 733 723 772 locutum.
764 734 872 770 Tuas
894 731 1023 768 literas
1044 730 1294 782 expectabam
1311 747 1323 775 ς
1356 729 1427 767 nisi
1448 728 1549 767 illud
1570 729 1732 782 quidem
1753 734 1911 779 mutari,

526 799 554 838 fi
574 799 686 837 aliter
703 797 758 836 est
776 806 893 850 atque
912 804 1084 849 oportet,
1106 808 1185 834 non
1205 795 1318 833 video
1338 794 1467 847 poffe:
1490 794 1553 833 sed
1574 808 1667 834 cum
1688 797 1736 835 ab
1755 797 1828 835 illo
1847 811 1914 837 ac-

524 864 708 917 cepissem
728 863 875 907 literas,
904 861 1111 900 desideravi
1132 870 1216 899 tuas
1233 879 1245 906 ;
1278 870 1316 898 et
1336 860 1387 899 fic
1406 860 1608 913 putabam,
1641 871 1678 900 te
1707 863 1915 903 certiorem

525 928 675 967 faecum
709 941 788 966 non
822 926 910 972 effe,
946 925 1066 964 modo
1096 926 1267 964 valeres:
1309 924 1508 978 scripseras
1537 927 1645 964 enim
1675 936 1714 965 te
1742 927 1916 981 quodam

524 994 761 1033 valetudinis
799 1005 940 1045 genere
977 991 1132 1030 tentari.
1178 990 1346 1030 Acufius
1383 990 1545 1044 quidam
1581 991 1727 1031 Rhodo
1760 1001 1916 1032 venerat

527 1073 615 1098 v111
646 1059 707 1099 Id.
738 1059 881 1109 Qint.
926 1057 964 1097 Is
996 1057 1217 1102 nuntiabat,
1249 1057 1451 1108 Qintum
1483 1057 1614 1096 filium
1645 1058 1691 1096 ad
1724 1057 1916 1098 Caesarem

524 1124 748 1179 profestum
781 1137 824 1162 ιν
852 1123 941 1162 Kal.
964 1123 1118 1175 Junias,
1150 1121 1416 1161 Philotimum
1447 1121 1638 1161 Rhodum
1668 1123 1795 1176 pridie
1822 1137 1915 1163 eum

523 1191 632 1229 diem
651 1189 808 1235 veniffe,
836 1188 981 1227 habere
1008 1188 1054 1226 ad
1085 1201 1148 1226 me
1177 1187 1323 1226 literas.
1371 1187 1506 1240 Ipsum
1534 1188 1724 1227 Acufium
1751 1188 1911 1228 audies:

526 1257 590 1295 sed
625 1256 770 1295 tardius
805 1255 880 1294 iter
912 1254 1107 1292 faciebat:
1138 1267 1185 1292 eo
1218 1252 1297 1292 feci
1332 1263 1376 1292 ut
1408 1253 1587 1292 celeriter
1620 1255 1731 1293 eunti
1763 1255 1911 1294 darem.

524 1322 636 1375 Qid
667 1322 712 1361 fit
742 1323 782 1360 in
803 1322 851 1359 iis
872 1321 1012 1365 literis,
1044 1320 1200 1358 nescio:
1233 1319 1296 1358 sed
1326 1318 1428 1357 mihi
1457 1319 1568 1358 valde
1589 1321 1766 1372 Qintus
1797 1319 1916 1359 frater

522 1388 757 1441 gratulatur.
789 1385 990 1440 Equidem
1010 1386 1051 1423 in
1072 1399 1161 1424 meo
1182 1394 1291 1423 tanto
1307 1394 1467 1438 peccato
1489 1385 1590 1423 nihil
1612 1399 1659 1424 ne
1674 1387 1915 1438 cogitatione

521 1454 687 1508 quidem
707 1453 849 1506 assequi
871 1451 1038 1505 possum,
1069 1450 1176 1504 quod
1209 1450 1310 1489 mihi
1344 1451 1547 1489 tolerabile
1577 1451 1692 1503 poffit
1722 1451 1809 1489 effe.
1853 1454 1916 1490 Te

522 1532 608 1566 ero,
638 1529 684 1560 ut
704 1519 751 1556 de
770 1517 844 1557 hac
864 1517 1004 1556 misera
1020 1517 1171 1568 cogites
1186 1535 1199 1561 3
1230 1525 1269 1554 et
1290 1516 1406 1561 illud,
1437 1516 1485 1554 de
1505 1529 1585 1569 quo
1604 1515 1650 1553 ad
1673 1526 1710 1554 te
1735 1517 1916 1569 proxime

524 1585 670 1638 scripsi,
701 1593 746 1622 ut
779 1583 929 1636 aliquid
964 1581 1198 1620 conficiatur
1231 1580 1277 1619 ad
1312 1581 1487 1634 inopiam
1523 1580 1840 1634 propulsandam,
1875 1591 1916 1620 et

521 1651 642 1690 etiam
663 1651 710 1689 de
731 1649 814 1703 ipso
834 1649 1079 1688 testamento.
1113 1647 1219 1686 Illud
1239 1661 1398 1701 quoque
1418 1647 1560 1686 vellem
1581 1658 1716 1694 antea;
1740 1648 1802 1686 sed
1823 1661 1915 1686 om-

525 1718 589 1755 nia
610 1717 834 1755 timuimus.
882 1714 1032 1753 Melius
1062 1713 1225 1767 quidem
1255 1713 1295 1752 in
1317 1713 1487 1767 peffimis
1511 1713 1612 1752 nihil
1633 1712 1711 1752 fuit
1731 1713 1910 1753 discidio.

523 1782 693 1837 Aliquid
712 1782 949 1827 fecifl‘emus,
982 1791 1025 1819 ut
1045 1781 1140 1826 vivi,
1171 1781 1232 1819 vel
1263 1781 1485 1819 tabularum
1516 1793 1705 1818 novarum
1736 1781 1911 1825 nomine,

522 1850 584 1887 vel
619 1850 900 1887 nocturnarum
933 1847 1289 1899 expugnationum‚
1321 1847 1381 1884 vel
1417 1846 1607 1891 Metellae,
1639 1845 1699 1884 vel
1729 1847 1913 1884 omnium

523 1914 719 1952 malorum
739 1929 748 1952 ι
782 1926 853 1951 nec
875 1925 932 1950 res
953 1911 1149 1964 periisset;
1181 1921 1220 1949 et
1239 1911 1460 1950 videremur
1480 1910 1629 1963 aliquid
1650 1910 1796 1949 doloris
1817 1912 1914 1949 viri-

524 1980 574 2018 lis
595 1978 782 2017 habuisse.
829 1977 1002 2016 Memini
1032 1977 1197 2015 omnino
1219 1986 1303 2015 tuas
1324 1977 1481 2021 literas;
1515 1975 1577 2014 sed
1603 1985 1642 2014 et
1674 1986 1829 2029 tempus
1860 1977 1912 2015 il-

524 2045 594 2083 lud
613 2060 622 2084 z
654 2045 721 2083 etfi
741 2043 898 2097 quidvis
919 2041 1112 2096 praestitit.
1159 2042 1281 2081 Nunc
1301 2041 1462 2095 quidem
1486 2041 1564 2095 ipse
1586 2042 1738 2080 videtur
1757 2043 1913 2081 denun-

525 2111 646 2149 tiare:
679 2109 861 2148 audimus
881 2109 989 2147 enim
1010 2107 1057 2145 de
1078 2107 1175 2145 statu
1197 2107 1459 2160 Reipublicae.
1500 2109 1536 2145 O
1557 2107 1612 2145 dii
1633 2107 1640 2144 !
1673 2121 1915 2159 generumno

525 2176 699 2214 nostrum
721 2175 979 2228 potissimum,
1011 2182 1053 2212 ut
1084 2172 1175 2218 hoc,
1206 2173 1267 2211 vel
1297 2173 1446 2211 tabulas
1470 2174 1617 2211 novas?
1653 2173 1782 2211 Placet
1811 2173 1911 2211 mihi

525 2243 662 2295 igitur,
693 2251 731 2280 et
761 2241 866 2279 idem
889 2240 979 2286 tibi,
1010 2239 1197 2278 nuntium
1225 2239 1388 2278 remitti.
1438 2239 1546 2277 Petet
1578 2239 1729 2277 fortass‘e
1758 2240 1911 2278 tertiam

526 2309 764 2362 pensionem.
804 2305 1012 2345 Considera
1031 2305 1168 2357 igitur,
1201 2314 1336 2344 tumne
1357 2319 1449 2343 cum
1472 2305 1518 2342 ab
1541 2304 1622 2358 ipso
1645 2305 1833 2350 nascetur,
1865 2319 1911 2344 an

526 2373 633 2426 prius
654 2385 741 2425 ego,
786 2372 824 2409 Si
854 2371 937 2409 ullo
957 2370 1076 2409 modo
1097 2379 1275 2423 potuero.
1307 2371 1366 2409 vel
1391 2371 1589 2409 noeturnis
1614 2371 1819 2409 itineribus
1840 2385 1909 2409 cx·

528 2440 665 2491 periar,
697 2446 741 2476 ut
762 2446 798 2475 te
819 2437 984 2475 videam.
1024 2437 1092 2474 Tu
1113 2446 1151 2473 et
1173 2435 1270 2484 haec,
1301 2446 1340 2476 et
1370 2436 1395 2475 si
1426 2436 1523 2490 quid
1543 2437 1614 2475 crit
1636 2437 1743 2490 quod
1764 2437 1911 2476 intersit

526 2519 589 2544 me
611 2504 719 2550 scire,
751 2503 892 2543 scribas
912 2502 1048 2542 velim.
1081 2502 1193 2541 Vale.
