2243 3008
497 266 572 305 194
838 248 1524 290 EPISTOLARUM

495 354 556 392 Ita
575 365 632 391 res
652 351 700 390 ad
721 350 918 390 Fannium
939 350 1129 403 pervenit.
1162 349 1200 387 Is
1220 361 1314 386 cum
1333 348 1500 402 imperio
1521 348 1561 387 in
1583 347 1758 387 Siciliam
1777 361 1878 402 prae·

494 419 683 457 mittitur.
717 417 764 455 In
785 415 1116 469 disputationibus
1138 413 1276 452 nostris
1297 413 1448 452 summa
1467 414 1626 453 varietas
1646 414 1713 453 est.
1752 414 1880 452 Pleri-

496 497 573 536 que
594 492 752 535 negant,
784 481 973 520 Caesarem
1004 481 1045 518 in
1072 479 1300 518 conditione
1325 479 1580 526 mansurum3
1613 479 1881 533 postulataque

497 548 582 588 haec
602 549 650 587 ab
670 561 716 587 eo
736 547 961 599 interposita
980 546 1067 591 esse,
1098 558 1179 598 quo
1199 544 1347 590 minus,
1368 545 1476 597 quod
1495 559 1595 598 opus
1615 545 1706 584 esset
1725 545 1772 584 ad
1792 545 1880 583 bel-

498 614 601 660 lum,
631 627 652 652 a
682 613 797 651 nobis
827 621 1038 665 pararetur.
1084 611 1172 662 Ego
1203 617 1335 648 autem
1365 623 1458 648 eum
1477 620 1575 663 puto
1594 609 1806 655 saetarum,
1837 619 1883 648 ut

498 679 670 734 praefidia
689 679 879 717 deducat:
903 677 1040 716 vicerit
1060 677 1183 721 enim,
1206 676 1232 714 fi
1255 675 1404 714 Consul
1423 675 1547 714 fastus
1568 677 1642 714 erit
1655 695 1667 722 ς
1689 685 1729 714 et
1748 677 1881 715 mino-

501 759 543 785 re
561 745 702 785 scelere
721 744 874 789 vicerit,
891 757 1010 796 quam
1030 756 1112 796 quo
1130 741 1318 794 ingreffus
1339 741 1406 780 est.
1439 741 1513 780 Sed
1532 741 1758 794 accipienda
1771 741 1887 794 plaga

499 811 580 851 est:
612 811 745 850 sumus
774 810 883 848 enim
914 807 1102 862 flagitiose
1130 807 1313 860 imparati
1343 821 1436 846 cum
1465 821 1486 846 a
1512 807 1726 851 militibus,
1757 816 1844 845 tum
1863 820 1886 845 a

500 877 693 930 pecunia;
725 889 844 927 quam
865 874 1028 927 quidem
1047 886 1224 917 omnem,
1255 885 1335 910 non
1361 872 1481 910 modo
1501 873 1706 925 privatam,
1737 885 1822 924 quae
1843 872 1885 910 in

502 942 599 980 urbe
617 941 685 986 est,
716 940 780 978 sed
799 940 918 978 etiam
940 939 1157 992 publicam,
1187 950 1274 990 quae
1303 937 1344 975 in
1377 939 1508 976 oerario
1538 937 1606 983 est,
1637 937 1699 976 illi
1719 937 1885 990 reliqui-

502 1019 606 1045 mus.
638 1006 850 1058 Pompeius
871 1004 918 1042 ad
938 1004 1111 1056 legiones
1132 1003 1312 1041 Attianas
1333 1002 1388 1041 est
1405 1002 1602 1057 profectus
1621 1018 1631 1042 :
1664 1003 1887 1042 Labienum

502 1072 634 1111 secum
653 1070 786 1110 habet.
832 1071 920 1123 Ego
947 1079 1031 1110 tuas
1051 1069 1257 1122 opiniones
1277 1068 1325 1107 de
1343 1067 1407 1108 his
1427 1070 1543 1109 rebus
1562 1071 1739 1124 expecto.
1785 1070 1886 1109 For-

503 1137 599 1177 mias
620 1149 683 1176 me
703 1135 895 1175 continuo
915 1136 1086 1189 recipere
1105 1133 1344 1188 cogitabam.

842 1339 1084 1377 Cxcsno
1125 1338 1380 1377 ATT1co
1422 1338 1553 1377 SAL.

506 1468 619 1506 XVI.
645 1465 717 1539 O
733 1466 781 1504 M
797 1467 837 1505 N
855 1467 888 1505 E
905 1467 927 1504 S
957 1467 1124 1504 arbitror
1143 1467 1244 1505 mihi
1266 1476 1349 1504 tuas
1371 1467 1499 1505 literas
1522 1464 1688 1504 redditas
1708 1465 1794 1511 effe,
1826 1465 1890 1504 sed

740 1533 885 1585 primas
918 1531 1159 1584 praepostere,
1192 1531 1359 1584 reliquas
1379 1531 1531 1575 ordine,
1562 1543 1643 1583 quo
1663 1530 1752 1568 sunt
1773 1531 1891 1569 miffae

506 1612 573 1651 per
593 1598 837 1637 Terentiam.
871 1598 933 1636 De
953 1596 1145 1635 mandatis
1168 1596 1341 1641 Caesaris,
1373 1596 1620 1648 adventuque
1642 1596 1822 1642 Labieni,
1853 1605 1892 1635 et

505 1663 690 1716 responsis
713 1662 933 1701 Consulum
953 1675 997 1700 ac
1021 1661 1214 1714 Pompeii,
1237 1661 1366 1714 scripsi
1387 1661 1434 1698 ad
1456 1670 1493 1699 te
1513 1661 1637 1700 literis
1658 1661 1721 1707 iis,
1738 1675 1833 1714 quas
1854 1675 1890 1700 a.

506 1729 546 1767 d.
572 1743 594 1766 v
618 1729 707 1767 Kal.
733 1729 867 1781 Capua
887 1727 976 1765 dedi
994 1746 1004 1773 ;
1038 1727 1225 1780 pluraque
1245 1735 1427 1780 praeterea
1446 1727 1486 1764 in
1507 1726 1669 1765 eandem
1689 1726 1892 1778 epistolam

505 1795 671 1847 conjeci.
719 1793 840 1832 Nunc
868 1792 936 1831 has
957 1792 1244 1845 expectationes
1264 1791 1455 1829 habemus
1476 1791 1597 1836 duas3
1631 1804 1764 1837 unam,
1795 1792 1892 1845 quid

508 1860 632 1899 Caesar
652 1861 804 1897 aCturus
836 1859 895 1903 sit,
926 1872 1019 1896 cum
1048 1858 1240 1910 acceperit
1268 1869 1325 1902 ea,
1356 1870 1442 1909 quae
1471 1855 1670 1895 reserenda
1698 1856 1744 1894 ad
1774 1857 1892 1896 illum

507 1926 595 1964 data
615 1925 702 1963 sunt
725 1925 774 1962 L.
799 1924 966 1968 Caesari5
998 1923 1172 1967 alteram,
1203 1922 1300 1975 quid
1331 1922 1542 1975 Pompeius
1563 1932 1649 1975 agat
1668 1938 1676 1961 :
1710 1924 1778 1976 qui
1799 1925 1892 1976 qui-

508 1991 597 2030 dem
617 1989 747 2028 adme
769 1989 918 2034 scribit,
951 1989 1084 2041 paucis
1114 1988 1252 2026 diebus
1282 1987 1317 2026 se
1347 1988 1507 2027 firmum
1536 1989 1755 2027 exercitum
1775 1989 1891 2028 habi-

509 2067 658 2102 tururn,
690 2055 876 2109 spemque
896 2054 1020 2100 affert,
1053 2055 1078 2093 s1
1101 2055 1140 2092 in
1164 2054 1354 2092 Picenum
1375 2068 1511 2107 agrum
1532 2055 1611 2108 ipse
1632 2055 1794 2101 venerit,
1822 2069 1892 2094 nos

511 2124 679 2161 Romam
702 2122 892 2160 redituros
913 2121 999 2160 effe.
1046 2121 1265 2160 Labienum
1289 2120 1419 2159 secum
1440 2120 1572 2167 habet,
1604 2135 1681 2160 non
1703 2121 1891 2160 dubitan-

511 2199 590 2227 tem
610 2189 657 2227 de
678 2187 952 2227 imbecillitate
974 2187 1132 2225 Caesaris
1154 2187 1356 2239 copiarum
1375 2206 1385 2231 ;
1418 2188 1530 2239 cujus
1560 2187 1726 2225 adventu
1749 2189 1891 2226 Cnaeus

511 2254 634 2292 noster
657 2254 785 2292 multo
805 2254 925 2291 animi
948 2253 1035 2306 plus
1057 2252 1188 2291 habet.
1222 2253 1308 2291 Nos
1330 2266 1350 2290 a
1370 2253 1610 2291 Consulibus
1632 2253 1807 2305 Capuam
1824 2267 1892 2292 ve-

512 2320 591 2357 nire
607 2319 695 2370 jussi
719 2319 849 2356 sumus
870 2318 916 2355 ad
939 2318 1073 2356 Nonas
1097 2318 1212 2356 Febr.
1237 2319 1371 2370 Capua
1393 2316 1588 2369 profectus
1610 2317 1692 2355 sum
1718 2319 1893 2357 Formias

510 2398 542 2421 a.
577 2383 615 2421 d.
653 2397 724 2421 ιιι.
760 2383 846 2420 Kal.
896 2384 954 2420 Eo
989 2383 1050 2421 dic
1085 2396 1177 2421 cum
1208 2383 1372 2421 Calibus
1410 2393 1492 2419 tuas
1525 2382 1652 2420 literas
1689 2382 1784 2421 hora
1812 2382 1894 2422 fere

512 2463 611 2488 nona
631 2448 871 2501 accepissem.
903 2447 970 2486 has
994 2448 1119 2486 statim
1142 2447 1245 2485 dedi.
1296 2448 1355 2485 Dc
1387 2449 1573 2485 Terentia
1601 2458 1640 2486 ct
1661 2449 1797 2487 Tullia
1819 2449 1894 2488 tibi

509 2515 713 2561 assenti013
745 2515 790 2552 ad
812 2528 906 2566 quas
929 2513 1164 2567 scripseram,
1197 2513 1242 2551 ad
1275 2523 1311 2552 tc
1344 2524 1385 2552 ut
1418 2513 1630 2553 referrent:
1665 2515 1689 2553 si
1717 2516 1894 2555 nondum
