2243 3008
543 272 649 311 AD
708 269 1136 310 ATTICUM
1203 271 1487 311 L113.xv.
1630 287 1707 327 433

653 504 895 542 Crersso
939 503 1193 540 ATT1co
1237 502 1367 541 SAL.

327 633 402 672 IX.
428 628 513 706 T
529 632 561 670 E
578 632 731 670 RTIO
764 633 899 671 Nonas
920 630 1065 683 vesperi
1086 643 1106 666 a
1127 629 1249 667 Balbo
1270 628 1429 675 redditae
1449 627 1550 667 mihi
1571 629 1705 675 litcrae,

535 697 618 735 fore
648 698 778 736 Nonis
810 697 1008 740 Senatum,
1041 704 1085 732 ut
1114 695 1258 732 Brutus
1289 695 1329 734 in
1357 695 1460 740 Asta,
1492 694 1638 733 Caffius
1666 695 1707 733 in

327 763 474 808 Sicilia,
505 762 752 802 frumentum
781 761 993 801 emendum
1022 770 1060 798 et
1089 760 1135 798 ad
1166 760 1304 805 urbem
1332 759 1573 799 mittendum
1593 774 1706 798 cura-

325 838 427 867 rent.
474 829 511 866 O
542 842 624 867 rem
652 828 859 867 miseram!
893 827 1068 880 primum
1098 825 1220 863 ullam
1240 825 1288 863 ab
1308 824 1417 870 istis;
1449 826 1554 870 dein,
1585 825 1612 863 fi
1632 825 1706 863 ali-

325 906 459 945 quam,
482 892 583 933 hanc
603 893 827 945 legatariam
847 892 1115 945 provinciam:
1139 900 1255 943 atque
1274 889 1379 928 haud
1400 890 1478 928 scio
1498 903 1544 927 an
1566 890 1708 928 melius

327 958 387 1002 fit,
419 971 537 1009 quam
558 958 605 995 ad
626 959 817 996 Eurotam
837 957 977 995 sedere.
1023 955 1097 994 Sed
1116 954 1200 993 haec
1220 955 1326 994 casus
1346 955 1597 1007 gubernabit.
1638 956 1710 993 Ait

326 1032 472 1069 autern,
503 1023 640 1061 eodem
674 1033 849 1076 tempore
881 1023 1083 1061 decretum
1110 1022 1173 1066 iri,
1205 1030 1249 1059 ut
1278 1021 1326 1059 iis
1346 1030 1384 1058 et
1415 1022 1574 1073 reliquis
1604 1021 1708 1058 Prae-

327 1088 437 1126 toriis
473 1089 683 1141 provinciae
718 1089 988 1127 decernantur.
1033 1087 1126 1125 Hoc
1159 1095 1263 1124 certe
1296 1086 1453 1131 melius,
1489 1099 1609 1138 quam
1642 1085 1711 1123 illa

328 1154 476 1191 Perfice
506 1154 709 1206 porticus:
743 1154 835 1192 nolo
855 1154 962 1192 enim
992 1152 1315 1191 Lacedaemonem
1339 1152 1599 1203 longinquam
1630 1152 1708 1189 La-

327 1220 494 1257 nuvium
525 1219 751 1258 existimari.
798 1219 935 1264 Rides,
966 1219 1137 1271 inquies,
1168 1218 1209 1255 in
1244 1218 1387 1255 talibus
1420 1218 1567 1255 rebus?
1600 1217 1710 1268 Qid

327 1284 500 1323 faciam?
531 1285 720 1337 plorando
740 1285 855 1329 feffus
876 1285 975 1324 sum.
1008 1285 1079 1323 Dii
1099 1284 1340 1322 immortales
1357 1283 1364 1320 !
1388 1296 1508 1336 quam
1528 1296 1591 1321 me
1611 1296 1708 1321 con-

324 1349 532 1389 turbatum
553 1351 681 1388 tenuit
701 1350 871 1403 epistolae
891 1359 966 1388 tuae
987 1350 1093 1402 prior
1113 1348 1275 1401 pagina!
1300 1348 1410 1400 Qid
1429 1358 1561 1386 autem
1581 1347 1649 1385 iste
1669 1348 1711 1386 in

319 1416 447 1458 ,domo
480 1426 547 1455 tua
579 1416 687 1455 casus
721 1417 952 1454 armorum?
984 1414 1047 1453 sed
1081 1413 1189 1453 hunc
1223 1414 1385 1466 quidem
1417 1413 1601 1451 nimbum
1630 1413 1712 1451 cito

328 1481 512 1521 transtisse
531 1482 655 1520 laetor.
678 1483 744 1519 Tu
766 1481 862 1533 quid
882 1481 1005 1532 egeris
1027 1489 1094 1518 tua
1112 1493 1205 1517 curn
1227 1478 1340 1524 tristi,
1359 1488 1446 1517 tum
1465 1479 1583 1517 etiam
1604 1477 1711 1516 diffi-

328 1547 398 1587 cili
418 1547 464 1584 ad
485 1546 784 1591 confiliandum,
816 1546 1024 1597 legatione,
1046 1544 1296 1583 vehementer
1315 1547 1477 1596 expecto
1495 1560 1504 1582 z
1532 1544 1586 1583 est
1604 1545 1713 1582 enim

329 1611 642 1664 inexplicabilis,
666 1611 719 1649 ita
738 1609 1069 1649 circumsedemur
1087 1608 1212 1661 copiis
1228 1608 1430 1647 omnibus.
1459 1609 1531 1646 Me
1550 1608 1713 1660 quidem

329 1677 443 1716 Bruti
478 1676 613 1722 literae,
644 1689 739 1728 quas
768 1675 936 1714 ostendis
968 1688 989 1712 a
1017 1683 1056 1712 te
1084 1674 1215 1719 latas,
1246 1673 1301 1712 ita
1327 1673 1620 1726 perturbarunt,
1651 1683 1710 1719 ut,

329 1754 555 1794 quanquam
575 1750 664 1779 ante
683 1741 845 1793 egebam
865 1739 1041 1785 confilio,
1073 1748 1203 1777 tamen
1230 1738 1353 1778 animi
1378 1738 1512 1776 dolore
1540 1738 1611 1776 sim
1631 1747 1711 1776 tar-

329 1808 429 1846 dior.
462 1806 536 1844 Sed
556 1807 682 1859 plura‚
704 1820 796 1845 cum
816 1805 884 1845 ista
903 1819 1090 1858 cognoro.
1123 1806 1215 1843 Hoc
1236 1814 1366 1843 autem
1388 1813 1576 1857 tempore,
1605 1803 1712 1857 quod

329 1872 554 1917 scriberem,
584 1871 687 1910 nihil
717 1880 811 1917 erat,
841 1885 967 1924 eoque
992 1871 1139 1916 minus,
1171 1870 1278 1923 quod
1303 1869 1548 1915 dubitabam,
1579 1879 1623 1907 tu
1643 1869 1710 1907 has

329 1938 428 1991 ipsas
449 1938 577 1977 literas
598 1937 736 1977 effesne
756 1947 986 1991 accepturus
1005 1952 1013 1976 ε
1046 1945 1126 1975 erat
1145 1936 1252 1975 enim
1271 1936 1484 1982 incertum,
1515 1934 1712 1974 visurusne

331 2014 370 2043 te
388 2003 479 2044 effet
499 2003 737 2044 tabellarius.
779 2005 867 2057 Ego
887 2012 972 2042 tuas
991 2003 1122 2041 literas
1142 2001 1393 2042 vehementer
1411 2003 1588 2055 expecto,

669 2204 911 2243 C1c13Ro
950 2204 1207 2243 ATT1co
1248 2202 1378 2240 SAL.

331 2331 383 2371 X.
407 2329 480 2402 O
512 2330 543 2370 B
560 2331 648 2370 RU
662 2333 700 2371 T
715 2333 734 2372 1
763 2341 937 2371 amanter
964 2331 1122 2384 scriptas
1143 2330 1272 2368 literas
1292 2327 1300 2367 !
1334 2328 1371 2367 O
1392 2326 1577 2380 iniquum
1597 2334 1712 2367 tuum

503 2405 675 2449 tempus,
705 2398 776 2450 qui
804 2398 852 2437 ad
879 2411 971 2436 eum
1000 2397 1055 2434 ire
1082 2408 1161 2434 non
1191 2393 1332 2448 poffis!
1364 2406 1438 2445 ego
1465 2402 1596 2431 autem
1615 2393 1713 2445 quid

334 2462 500 2501 scribam
518 2462 532 2499 ?
565 2470 608 2500 ut
629 2462 821 2502 beneficio
841 2463 1003 2502 istorum
1024 2471 1156 2501 utatur
1175 2462 1187 2498 ?
1219 2460 1316 2514 quid
1338 2459 1489 2512 turpius
1508 2460 1521 2496 ?
1554 2468 1597 2496 ut
1623 2472 1711 2496 mo-

331 2529 478 2568 liantur
497 2527 646 2580 aliquid
666 2529 679 2565 ?
711 2542 782 2568 nec
802 2529 960 2575 audent,
991 2542 1063 2568 nec
1077 2529 1161 2582 jam
1181 2527 1351 2581 pofl‘unt.
1383 2527 1484 2577 Age,
1515 2523 1713 2577 quiescant

418 2593 557 2632 ΤοΜ.
589 2592 709 2636 V111.
1310 2591 1329 2629 1
1359 2590 1373 2627 i
1400 2590 1414 2627 i
