<?xml version="1.0" encoding="UTF-8"?>
<!DOCTYPE html PUBLIC "-//W3C//DTD XHTML 1.0 Transitional//EN"
    "http://www.w3.org/TR/xhtml1/DTD/xhtml1-transitional.dtd">
<html xmlns="http://www.w3.org/1999/xhtml" xml:lang="en" lang="en">
 <head>
  <title>
</title>
<meta http-equiv="Content-Type" content="text/html;charset=utf-8" />
  <meta name='ocr-system' content='tesseract 3.04.00' />
  <meta name='ocr-capabilities' content='ocr_page ocr_carea ocr_par ocr_line ocrx_word'/>
</head>
<body>
  <div class='ocr_page' id='page_1' title='image "./operacumindicibu08ciceuoft_0157.png"; bbox 0 0 2243 3008; ppageno 0'>
   <div class='ocr_carea' id='block_1_1' title="bbox 544 235 1700 287">
    <p class='ocr_par' dir='ltr' id='par_1_1' title="bbox 544 235 1700 287">
     <span class='ocr_line' id='line_1_1' title="bbox 544 235 1700 287; baseline -0.003 -9"><span class='ocrx_word' id='word_1_1' title='bbox 544 239 650 278; x_wconf 89' lang='lat' dir='ltr'>AD</span> <span class='ocrx_word' id='word_1_2' title='bbox 712 235 1140 275; x_wconf 86' lang='lat' dir='ltr'>ATTICUM</span> <span class='ocrx_word' id='word_1_3' title='bbox 1207 236 1472 276; x_wconf 88' lang='lat' dir='ltr'>LIB.V1.</span> <span class='ocrx_word' id='word_1_4' title='bbox 1628 250 1700 287; x_wconf 79' lang='lat'>149</span> 
     </span>
    </p>
   </div>
   <div class='ocr_carea' id='block_1_2' title="bbox 320 335 1714 2561">
    <p class='ocr_par' dir='ltr' id='par_1_2' title="bbox 320 335 1714 2561">
     <span class='ocr_line' id='line_1_2' title="bbox 320 335 1703 391; baseline -0.001 -14"><span class='ocrx_word' id='word_1_5' title='bbox 320 337 530 391; x_wconf 87' lang='lat' dir='ltr'><strong>diligenter</strong></span> <span class='ocrx_word' id='word_1_6' title='bbox 549 345 698 381; x_wconf 89' lang='lat' dir='ltr'>tenent,</span> <span class='ocrx_word' id='word_1_7' title='bbox 729 349 848 388; x_wconf 89' lang='lat' dir='ltr'>quam</span> <span class='ocrx_word' id='word_1_8' title='bbox 869 348 955 388; x_wconf 88' lang='lat' dir='ltr'>ego,</span> <span class='ocrx_word' id='word_1_9' title='bbox 987 344 1052 374; x_wconf 90' lang='lat' dir='ltr'>aut</span> <span class='ocrx_word' id='word_1_10' title='bbox 1075 344 1132 373; x_wconf 91' lang='lat' dir='ltr'>tu.</span> <span class='ocrx_word' id='word_1_11' title='bbox 1175 335 1374 388; x_wconf 85' lang='lat' dir='ltr'><strong>Equidem</strong></span> <span class='ocrx_word' id='word_1_12' title='bbox 1395 349 1471 374; x_wconf 92' lang='lat' dir='ltr'>non</span> <span class='ocrx_word' id='word_1_13' title='bbox 1493 336 1622 376; x_wconf 87' lang='lat' dir='ltr'>defino</span> <span class='ocrx_word' id='word_1_14' title='bbox 1643 347 1703 376; x_wconf 88' lang='lat' dir='ltr'>ta-</span> 
     </span>
     <span class='ocr_line' id='line_1_3' title="bbox 321 399 1701 455; baseline -0.001 -13"><span class='ocrx_word' id='word_1_15' title='bbox 321 417 413 442; x_wconf 88' lang='lat' dir='ltr'>men</span> <span class='ocrx_word' id='word_1_16' title='bbox 444 416 512 455; x_wconf 89' lang='lat' dir='ltr'>per</span> <span class='ocrx_word' id='word_1_17' title='bbox 543 402 671 440; x_wconf 86' lang='lat' dir='ltr'>literas</span> <span class='ocrx_word' id='word_1_18' title='bbox 703 414 849 453; x_wconf 86' lang='lat' dir='ltr'>rogare,</span> <span class='ocrx_word' id='word_1_19' title='bbox 881 399 1050 445; x_wconf 83' lang='lat' dir='ltr'>suadere,</span> <span class='ocrx_word' id='word_1_20' title='bbox 1081 400 1270 445; x_wconf 89' lang='lat' dir='ltr'>accusare,</span> <span class='ocrx_word' id='word_1_21' title='bbox 1302 414 1448 452; x_wconf 87' lang='lat' dir='ltr'>regem.</span> <span class='ocrx_word' id='word_1_22' title='bbox 1495 403 1701 454; x_wconf 86' lang='lat' dir='ltr'>Dejotarus</span> 
     </span>
     <span class='ocr_line' id='line_1_4' title="bbox 321 466 1701 519; baseline 0 -13"><span class='ocrx_word' id='word_1_23' title='bbox 321 469 440 506; x_wconf 90' lang='lat' dir='ltr'>etiam</span> <span class='ocrx_word' id='word_1_24' title='bbox 475 466 576 506; x_wconf 88' lang='lat' dir='ltr'>mihi</span> <span class='ocrx_word' id='word_1_25' title='bbox 608 468 789 512; x_wconf 88' lang='lat' dir='ltr'>narravit,</span> <span class='ocrx_word' id='word_1_26' title='bbox 822 467 858 505; x_wconf 88' lang='lat' dir='ltr'>se</span> <span class='ocrx_word' id='word_1_27' title='bbox 887 467 934 504; x_wconf 94' lang='lat' dir='ltr'>ad</span> <span class='ocrx_word' id='word_1_28' title='bbox 960 479 1051 505; x_wconf 91' lang='lat' dir='ltr'>eum</span> <span class='ocrx_word' id='word_1_29' title='bbox 1078 467 1225 519; x_wconf 86' lang='lat' dir='ltr'>legatos</span> <span class='ocrx_word' id='word_1_30' title='bbox 1247 467 1385 505; x_wconf 81' lang='lat' dir='ltr'>misiffe</span> <span class='ocrx_word' id='word_1_31' title='bbox 1415 466 1461 505; x_wconf 91' lang='lat' dir='ltr'>de</span> <span class='ocrx_word' id='word_1_32' title='bbox 1490 481 1529 505; x_wconf 91' lang='lat' dir='ltr'>re</span> <span class='ocrx_word' id='word_1_33' title='bbox 1561 469 1701 506; x_wconf 88' lang='lat' dir='ltr'>Bruti:</span> 
     </span>
     <span class='ocr_line' id='line_1_5' title="bbox 321 531 1705 585; baseline -0.001 -13"><span class='ocrx_word' id='word_1_34' title='bbox 321 546 386 572; x_wconf 84' lang='lat' dir='ltr'>eos</span> <span class='ocrx_word' id='word_1_35' title='bbox 416 532 487 571; x_wconf 87' lang='lat' dir='ltr'>fibi</span> <span class='ocrx_word' id='word_1_36' title='bbox 514 532 738 585; x_wconf 88' lang='lat' dir='ltr'>responsum</span> <span class='ocrx_word' id='word_1_37' title='bbox 770 532 952 577; x_wconf 85' lang='lat' dir='ltr'>retuliffe,</span> <span class='ocrx_word' id='word_1_38' title='bbox 984 532 1101 570; x_wconf 90' lang='lat' dir='ltr'>illum</span> <span class='ocrx_word' id='word_1_39' title='bbox 1123 545 1201 570; x_wconf 91' lang='lat' dir='ltr'>non</span> <span class='ocrx_word' id='word_1_40' title='bbox 1222 531 1390 571; x_wconf 89' lang='lat' dir='ltr'>habere:</span> <span class='ocrx_word' id='word_1_41' title='bbox 1423 542 1461 570; x_wconf 89' lang='lat' dir='ltr'>et</span> <span class='ocrx_word' id='word_1_42' title='bbox 1482 532 1705 571; x_wconf 83' lang='lat' dir='ltr'>mehercule</span> 
     </span>
     <span class='ocr_line' id='line_1_6' title="bbox 320 588 1703 652; baseline 0.001 -16"><span class='ocrx_word' id='word_1_43' title='bbox 320 612 394 651; x_wconf 88' lang='lat' dir='ltr'>ego</span> <span class='ocrx_word' id='word_1_44' title='bbox 413 599 467 637; x_wconf 90' lang='lat' dir='ltr'>ita</span> <span class='ocrx_word' id='word_1_45' title='bbox 481 598 635 651; x_wconf 91' lang='lat' dir='ltr'>judico,</span> <span class='ocrx_word' id='word_1_46' title='bbox 667 598 769 637; x_wconf 88' lang='lat' dir='ltr'>nihil</span> <span class='ocrx_word' id='word_1_47' title='bbox 790 588 860 637; x_wconf 90' lang='lat' dir='ltr'>illo</span> <span class='ocrx_word' id='word_1_48' title='bbox 882 612 1001 651; x_wconf 87' lang='lat' dir='ltr'>regno</span> <span class='ocrx_word' id='word_1_49' title='bbox 1022 598 1238 651; x_wconf 82' lang='lat' dir='ltr'>spoliatius‚</span> <span class='ocrx_word' id='word_1_50' title='bbox 1270 597 1372 637; x_wconf 86' lang='lat' dir='ltr'>nihil</span> <span class='ocrx_word' id='word_1_51' title='bbox 1402 612 1491 651; x_wconf 87' lang='lat' dir='ltr'>rege</span> <span class='ocrx_word' id='word_1_52' title='bbox 1511 600 1703 652; x_wconf 85' lang='lat' dir='ltr'>egentius.</span> 
     </span>
     <span class='ocr_line' id='line_1_7' title="bbox 321 663 1705 717; baseline 0.001 -14"><span class='ocrx_word' id='word_1_53' title='bbox 321 665 460 717; x_wconf 89' lang='lat' dir='ltr'>Itaque</span> <span class='ocrx_word' id='word_1_54' title='bbox 485 673 551 703; x_wconf 85' lang='lat' dir='ltr'>aut</span> <span class='ocrx_word' id='word_1_55' title='bbox 578 665 701 703; x_wconf 90' lang='lat' dir='ltr'>tutela</span> <span class='ocrx_word' id='word_1_56' title='bbox 726 665 860 717; x_wconf 89' lang='lat' dir='ltr'>cogito</span> <span class='ocrx_word' id='word_1_57' title='bbox 888 677 951 702; x_wconf 91' lang='lat' dir='ltr'>me</span> <span class='ocrx_word' id='word_1_58' title='bbox 977 663 1169 709; x_wconf 87' lang='lat' dir='ltr'>abdicare,</span> <span class='ocrx_word' id='word_1_59' title='bbox 1200 673 1281 710; x_wconf 90' lang='lat' dir='ltr'>aut,</span> <span class='ocrx_word' id='word_1_60' title='bbox 1313 673 1357 703; x_wconf 91' lang='lat' dir='ltr'>ut</span> <span class='ocrx_word' id='word_1_61' title='bbox 1387 678 1459 717; x_wconf 90' lang='lat' dir='ltr'>pro</span> <span class='ocrx_word' id='word_1_62' title='bbox 1489 665 1705 704; x_wconf 84' lang='lat' dir='ltr'>Glabrione</span> 
     </span>
     <span class='ocr_line' id='line_1_8' title="bbox 322 729 1707 784; baseline 0.001 -15"><span class='ocrx_word' id='word_1_63' title='bbox 322 731 505 776; x_wconf 85' lang='lat' dir='ltr'>Scaevola,</span> <span class='ocrx_word' id='word_1_64' title='bbox 547 729 678 769; x_wconf 87' lang='lat' dir='ltr'>foenus</span> <span class='ocrx_word' id='word_1_65' title='bbox 712 740 752 769; x_wconf 93' lang='lat' dir='ltr'>et</span> <span class='ocrx_word' id='word_1_66' title='bbox 785 730 1033 783; x_wconf 87' lang='lat' dir='ltr'>impendium</span> <span class='ocrx_word' id='word_1_67' title='bbox 1067 729 1253 769; x_wconf 85' lang='lat' dir='ltr'>recusare.</span> <span class='ocrx_word' id='word_1_68' title='bbox 1299 731 1388 783; x_wconf 88' lang='lat' dir='ltr'>Ego</span> <span class='ocrx_word' id='word_1_69' title='bbox 1422 740 1566 777; x_wconf 88' lang='lat' dir='ltr'>tamen,</span> <span class='ocrx_word' id='word_1_70' title='bbox 1612 746 1707 784; x_wconf 88' lang='lat' dir='ltr'>quas</span> 
     </span>
     <span class='ocr_line' id='line_1_9' title="bbox 322 794 1706 849; baseline 0.001 -15"><span class='ocrx_word' id='word_1_71' title='bbox 322 810 390 849; x_wconf 91' lang='lat' dir='ltr'>per</span> <span class='ocrx_word' id='word_1_72' title='bbox 420 806 458 834; x_wconf 88' lang='lat' dir='ltr'>te</span> <span class='ocrx_word' id='word_1_73' title='bbox 488 797 611 834; x_wconf 92' lang='lat' dir='ltr'>Bruto</span> <span class='ocrx_word' id='word_1_74' title='bbox 639 795 891 848; x_wconf 89' lang='lat' dir='ltr'>promiseram</span> <span class='ocrx_word' id='word_1_75' title='bbox 919 794 1164 848; x_wconf 70' lang='lat' dir='ltr'>praefeeturas</span> <span class='ocrx_word' id='word_1_76' title='bbox 1191 796 1256 834; x_wconf 90' lang='lat' dir='ltr'>M.</span> <span class='ocrx_word' id='word_1_77' title='bbox 1281 797 1450 848; x_wconf 90' lang='lat' dir='ltr'>Scaptio,</span> <span class='ocrx_word' id='word_1_78' title='bbox 1482 806 1520 835; x_wconf 90' lang='lat' dir='ltr'>et</span> <span class='ocrx_word' id='word_1_79' title='bbox 1548 797 1596 836; x_wconf 91' lang='lat' dir='ltr'>L.</span> <span class='ocrx_word' id='word_1_80' title='bbox 1622 799 1706 836; x_wconf 86' lang='lat' dir='ltr'>Ga-</span> 
     </span>
     <span class='ocr_line' id='line_1_10' title="bbox 322 861 1708 913; baseline 0.001 -13"><span class='ocrx_word' id='word_1_81' title='bbox 322 861 402 906; x_wconf 92' lang='lat' dir='ltr'>vio,</span> <span class='ocrx_word' id='word_1_82' title='bbox 432 861 502 913; x_wconf 88' lang='lat' dir='ltr'>qui</span> <span class='ocrx_word' id='word_1_83' title='bbox 523 861 564 899; x_wconf 91' lang='lat' dir='ltr'>in</span> <span class='ocrx_word' id='word_1_84' title='bbox 586 875 705 913; x_wconf 88' lang='lat' dir='ltr'>regno</span> <span class='ocrx_word' id='word_1_85' title='bbox 726 874 808 900; x_wconf 90' lang='lat' dir='ltr'>rem</span> <span class='ocrx_word' id='word_1_86' title='bbox 830 862 942 900; x_wconf 86' lang='lat' dir='ltr'>Bruti</span> <span class='ocrx_word' id='word_1_87' title='bbox 963 861 1238 913; x_wconf 84' lang='lat' dir='ltr'>procurabant,</span> <span class='ocrx_word' id='word_1_88' title='bbox 1261 861 1385 900; x_wconf 91' lang='lat' dir='ltr'>detuli</span> <span class='ocrx_word' id='word_1_89' title='bbox 1405 877 1413 900; x_wconf 91' lang='lat'>:</span> <span class='ocrx_word' id='word_1_90' title='bbox 1447 876 1518 900; x_wconf 89' lang='lat' dir='ltr'>nec</span> <span class='ocrx_word' id='word_1_91' title='bbox 1538 864 1645 901; x_wconf 91' lang='lat' dir='ltr'>enim</span> <span class='ocrx_word' id='word_1_92' title='bbox 1665 864 1708 901; x_wconf 91' lang='lat' dir='ltr'>in</span> 
     </span>
     <span class='ocr_line' id='line_1_11' title="bbox 325 927 1708 980; baseline 0.002 -15"><span class='ocrx_word' id='word_1_93' title='bbox 325 927 526 980; x_wconf 90' lang='lat' dir='ltr'>provincia</span> <span class='ocrx_word' id='word_1_94' title='bbox 559 941 645 965; x_wconf 91' lang='lat' dir='ltr'>mea</span> <span class='ocrx_word' id='word_1_95' title='bbox 676 927 989 980; x_wconf 86' lang='lat' dir='ltr'>negotiabantur.</span> <span class='ocrx_word' id='word_1_96' title='bbox 1037 929 1104 966; x_wconf 93' lang='lat' dir='ltr'>Tu</span> <span class='ocrx_word' id='word_1_97' title='bbox 1138 937 1269 966; x_wconf 89' lang='lat' dir='ltr'>autem</span> <span class='ocrx_word' id='word_1_98' title='bbox 1303 928 1518 966; x_wconf 90' lang='lat' dir='ltr'>meministi</span> <span class='ocrx_word' id='word_1_99' title='bbox 1553 943 1622 968; x_wconf 90' lang='lat' dir='ltr'>nos</span> <span class='ocrx_word' id='word_1_100' title='bbox 1658 930 1708 968; x_wconf 86' lang='lat' dir='ltr'>fic</span> 
     </span>
     <span class='ocr_line' id='line_1_12' title="bbox 322 991 1707 1048; baseline 0.003 -18"><span class='ocrx_word' id='word_1_101' title='bbox 322 1006 447 1045; x_wconf 89' lang='lat' dir='ltr'>agere,</span> <span class='ocrx_word' id='word_1_102' title='bbox 480 1002 537 1038; x_wconf 91' lang='lat' dir='ltr'>ut,</span> <span class='ocrx_word' id='word_1_103' title='bbox 569 1002 666 1044; x_wconf 90' lang='lat' dir='ltr'>quot</span> <span class='ocrx_word' id='word_1_104' title='bbox 694 993 825 1038; x_wconf 91' lang='lat' dir='ltr'>vellet,</span> <span class='ocrx_word' id='word_1_105' title='bbox 858 991 1102 1045; x_wconf 70' lang='lat' dir='ltr'>praefec&#39;turas</span> <span class='ocrx_word' id='word_1_106' title='bbox 1130 992 1312 1038; x_wconf 90' lang='lat' dir='ltr'>sumeret,</span> <span class='ocrx_word' id='word_1_107' title='bbox 1343 994 1439 1032; x_wconf 92' lang='lat' dir='ltr'>dum</span> <span class='ocrx_word' id='word_1_108' title='bbox 1460 1007 1508 1032; x_wconf 90' lang='lat' dir='ltr'>ne</span> <span class='ocrx_word' id='word_1_109' title='bbox 1529 996 1707 1048; x_wconf 87' lang='lat' dir='ltr'>negotia-</span> 
     </span>
     <span class='ocr_line' id='line_1_13' title="bbox 323 1057 1707 1113; baseline 0.003 -18"><span class='ocrx_word' id='word_1_110' title='bbox 323 1059 414 1095; x_wconf 89' lang='lat' dir='ltr'>tori.</span> <span class='ocrx_word' id='word_1_111' title='bbox 462 1058 598 1110; x_wconf 90' lang='lat' dir='ltr'>Itaque</span> <span class='ocrx_word' id='word_1_112' title='bbox 619 1057 712 1096; x_wconf 88' lang='lat' dir='ltr'>duas</span> <span class='ocrx_word' id='word_1_113' title='bbox 736 1059 770 1095; x_wconf 92' lang='lat' dir='ltr'>ei</span> <span class='ocrx_word' id='word_1_114' title='bbox 791 1067 972 1110; x_wconf 87' lang='lat' dir='ltr'>praeterea</span> <span class='ocrx_word' id='word_1_115' title='bbox 999 1057 1205 1097; x_wconf 87' lang='lat' dir='ltr'>dederam:</span> <span class='ocrx_word' id='word_1_116' title='bbox 1239 1058 1303 1096; x_wconf 92' lang='lat' dir='ltr'>sed</span> <span class='ocrx_word' id='word_1_117' title='bbox 1334 1059 1377 1104; x_wconf 90' lang='lat' dir='ltr'>ii,</span> <span class='ocrx_word' id='word_1_118' title='bbox 1409 1059 1553 1112; x_wconf 89' lang='lat' dir='ltr'>quibus</span> <span class='ocrx_word' id='word_1_119' title='bbox 1581 1062 1707 1113; x_wconf 90' lang='lat' dir='ltr'>petie-</span> 
     </span>
     <span class='ocr_line' id='line_1_14' title="bbox 324 1123 1706 1177; baseline 0.002 -15"><span class='ocrx_word' id='word_1_120' title='bbox 324 1133 396 1168; x_wconf 90' lang='lat' dir='ltr'>rat,</span> <span class='ocrx_word' id='word_1_121' title='bbox 427 1123 473 1160; x_wconf 91' lang='lat' dir='ltr'>de</span> <span class='ocrx_word' id='word_1_122' title='bbox 494 1124 695 1176; x_wconf 89' lang='lat' dir='ltr'>provincia</span> <span class='ocrx_word' id='word_1_123' title='bbox 714 1123 960 1162; x_wconf 72' lang='lat' dir='ltr'>decesserant.</span> <span class='ocrx_word' id='word_1_124' title='bbox 1006 1124 1130 1162; x_wconf 92' lang='lat' dir='ltr'>Nunc</span> <span class='ocrx_word' id='word_1_125' title='bbox 1159 1125 1350 1177; x_wconf 86' lang='lat' dir='ltr'>cognosce</span> <span class='ocrx_word' id='word_1_126' title='bbox 1381 1125 1428 1163; x_wconf 96' lang='lat' dir='ltr'>de</span> <span class='ocrx_word' id='word_1_127' title='bbox 1458 1126 1706 1166; x_wconf 85' lang='lat' dir='ltr'>Salaminiis:</span> 
     </span>
     <span class='ocr_line' id='line_1_15' title="bbox 322 1188 1708 1242; baseline 0.004 -16"><span class='ocrx_word' id='word_1_128' title='bbox 322 1188 430 1241; x_wconf 89' lang='lat' dir='ltr'>quod</span> <span class='ocrx_word' id='word_1_129' title='bbox 449 1188 562 1227; x_wconf 88' lang='lat' dir='ltr'>video</span> <span class='ocrx_word' id='word_1_130' title='bbox 584 1189 658 1227; x_wconf 91' lang='lat' dir='ltr'>tibi</span> <span class='ocrx_word' id='word_1_131' title='bbox 678 1189 796 1227; x_wconf 85' lang='lat' dir='ltr'>etiam</span> <span class='ocrx_word' id='word_1_132' title='bbox 818 1203 966 1228; x_wconf 92' lang='lat' dir='ltr'>novum</span> <span class='ocrx_word' id='word_1_133' title='bbox 986 1189 1177 1234; x_wconf 71' lang='lat' dir='ltr'>accidisse,</span> <span class='ocrx_word' id='word_1_134' title='bbox 1210 1200 1395 1242; x_wconf 83' lang='lat' dir='ltr'>tanquam</span> <span class='ocrx_word' id='word_1_135' title='bbox 1427 1191 1542 1230; x_wconf 89' lang='lat' dir='ltr'>mihi.</span> <span class='ocrx_word' id='word_1_136' title='bbox 1587 1193 1708 1231; x_wconf 90' lang='lat' dir='ltr'>Nun-</span> 
     </span>
     <span class='ocr_line' id='line_1_16' title="bbox 324 1254 1710 1310; baseline 0.004 -18"><span class='ocrx_word' id='word_1_137' title='bbox 324 1267 444 1307; x_wconf 87' lang='lat' dir='ltr'>quam</span> <span class='ocrx_word' id='word_1_138' title='bbox 464 1255 572 1293; x_wconf 89' lang='lat' dir='ltr'>enim</span> <span class='ocrx_word' id='word_1_139' title='bbox 591 1269 639 1293; x_wconf 85' lang='lat' dir='ltr'>ex</span> <span class='ocrx_word' id='word_1_140' title='bbox 670 1254 741 1293; x_wconf 93' lang='lat' dir='ltr'>illo</span> <span class='ocrx_word' id='word_1_141' title='bbox 768 1254 913 1300; x_wconf 92' lang='lat' dir='ltr'>audivi,</span> <span class='ocrx_word' id='word_1_142' title='bbox 945 1254 1055 1294; x_wconf 87' lang='lat' dir='ltr'>illam</span> <span class='ocrx_word' id='word_1_143' title='bbox 1086 1255 1294 1308; x_wconf 89' lang='lat' dir='ltr'>pecuniam</span> <span class='ocrx_word' id='word_1_144' title='bbox 1326 1255 1398 1293; x_wconf 86' lang='lat' dir='ltr'>effe</span> <span class='ocrx_word' id='word_1_145' title='bbox 1429 1256 1550 1296; x_wconf 88' lang='lat' dir='ltr'>suam.</span> <span class='ocrx_word' id='word_1_146' title='bbox 1597 1260 1710 1310; x_wconf 83' lang='lat' dir='ltr'>Qin</span> 
     </span>
     <span class='ocr_line' id='line_1_17' title="bbox 323 1321 1710 1376; baseline 0.004 -18"><span class='ocrx_word' id='word_1_147' title='bbox 323 1321 442 1359; x_wconf 87' lang='lat' dir='ltr'>etiam</span> <span class='ocrx_word' id='word_1_148' title='bbox 474 1321 658 1359; x_wconf 89' lang='lat' dir='ltr'>libellum</span> <span class='ocrx_word' id='word_1_149' title='bbox 693 1321 810 1374; x_wconf 85' lang='lat' dir='ltr'>ipfius</span> <span class='ocrx_word' id='word_1_150' title='bbox 842 1321 981 1366; x_wconf 85' lang='lat' dir='ltr'>habeo,</span> <span class='ocrx_word' id='word_1_151' title='bbox 1013 1322 1055 1359; x_wconf 92' lang='lat' dir='ltr'>in</span> <span class='ocrx_word' id='word_1_152' title='bbox 1087 1335 1167 1374; x_wconf 93' lang='lat' dir='ltr'>quo</span> <span class='ocrx_word' id='word_1_153' title='bbox 1201 1321 1280 1360; x_wconf 89' lang='lat' dir='ltr'>est:</span> <span class='ocrx_word' id='word_1_154' title='bbox 1314 1322 1504 1361; x_wconf 82' lang='lat' dir='ltr'>Salaminii</span> <span class='ocrx_word' id='word_1_155' title='bbox 1521 1325 1710 1376; x_wconf 83' lang='lat' dir='ltr'>pecuniam</span> 
     </span>
     <span class='ocr_line' id='line_1_18' title="bbox 324 1385 1709 1439; baseline 0.004 -15"><span class='ocrx_word' id='word_1_156' title='bbox 324 1385 448 1425; x_wconf 72' lang='lat' dir='ltr'>debent</span> <span class='ocrx_word' id='word_1_157' title='bbox 477 1388 539 1425; x_wconf 77' lang='lat' dir='ltr'>M,</span> <span class='ocrx_word' id='word_1_158' title='bbox 563 1386 720 1439; x_wconf 84' lang='lat' dir='ltr'>Scaptio,</span> <span class='ocrx_word' id='word_1_159' title='bbox 751 1396 786 1425; x_wconf 86' lang='lat' dir='ltr'>et</span> <span class='ocrx_word' id='word_1_160' title='bbox 816 1388 866 1426; x_wconf 90' lang='lat' dir='ltr'>P.</span> <span class='ocrx_word' id='word_1_161' title='bbox 891 1387 1065 1430; x_wconf 83' lang='lat' dir='ltr'>Matim‘o,</span> <span class='ocrx_word' id='word_1_162' title='bbox 1082 1386 1336 1437; x_wconf 82' lang='lat' dir='ltr'>familiaribus</span> <span class='ocrx_word' id='word_1_163' title='bbox 1365 1388 1461 1426; x_wconf 82' lang='lat' dir='ltr'>meis.</span> <span class='ocrx_word' id='word_1_164' title='bbox 1508 1390 1586 1428; x_wconf 91' lang='lat' dir='ltr'>Eos</span> <span class='ocrx_word' id='word_1_165' title='bbox 1608 1390 1709 1429; x_wconf 90' lang='lat' dir='ltr'>mihi</span> 
     </span>
     <span class='ocr_line' id='line_1_19' title="bbox 324 1452 1709 1505; baseline 0.003 -15"><span class='ocrx_word' id='word_1_166' title='bbox 324 1452 602 1491; x_wconf 84' lang='lat' dir='ltr'>commendat:</span> <span class='ocrx_word' id='word_1_167' title='bbox 635 1452 819 1490; x_wconf 89' lang='lat' dir='ltr'>adscribit</span> <span class='ocrx_word' id='word_1_168' title='bbox 839 1453 973 1498; x_wconf 91' lang='lat' dir='ltr'>etiam,</span> <span class='ocrx_word' id='word_1_169' title='bbox 1004 1462 1042 1490; x_wconf 88' lang='lat' dir='ltr'>et</span> <span class='ocrx_word' id='word_1_170' title='bbox 1074 1453 1179 1505; x_wconf 86' lang='lat' dir='ltr'>quafi</span> <span class='ocrx_word' id='word_1_171' title='bbox 1209 1453 1334 1491; x_wconf 82' lang='lat' dir='ltr'>calcar</span> <span class='ocrx_word' id='word_1_172' title='bbox 1359 1453 1554 1500; x_wconf 90' lang='lat' dir='ltr'>admovet,</span> <span class='ocrx_word' id='word_1_173' title='bbox 1585 1455 1709 1494; x_wconf 88' lang='lat' dir='ltr'>inter-</span> 
     </span>
     <span class='ocr_line' id='line_1_20' title="bbox 324 1517 1710 1570; baseline 0.003 -15"><span class='ocrx_word' id='word_1_174' title='bbox 324 1517 464 1555; x_wconf 77' lang='lat' dir='ltr'>ceffiffe</span> <span class='ocrx_word' id='word_1_175' title='bbox 496 1517 532 1555; x_wconf 91' lang='lat' dir='ltr'>se</span> <span class='ocrx_word' id='word_1_176' title='bbox 552 1531 623 1570; x_wconf 91' lang='lat' dir='ltr'>pro</span> <span class='ocrx_word' id='word_1_177' title='bbox 655 1518 702 1555; x_wconf 92' lang='lat' dir='ltr'>iis</span> <span class='ocrx_word' id='word_1_178' title='bbox 732 1531 916 1570; x_wconf 87' lang='lat' dir='ltr'>magnam</span> <span class='ocrx_word' id='word_1_179' title='bbox 947 1518 1170 1570; x_wconf 88' lang='lat' dir='ltr'>pecuniam.</span> <span class='ocrx_word' id='word_1_180' title='bbox 1217 1518 1489 1565; x_wconf 89' lang='lat' dir='ltr'>Confeceram,</span> <span class='ocrx_word' id='word_1_181' title='bbox 1521 1530 1564 1558; x_wconf 93' lang='lat' dir='ltr'>ut</span> <span class='ocrx_word' id='word_1_182' title='bbox 1585 1521 1710 1560; x_wconf 86' lang='lat' dir='ltr'>solve-</span> 
     </span>
     <span class='ocr_line' id='line_1_21' title="bbox 325 1583 1711 1638; baseline 0.003 -17"><span class='ocrx_word' id='word_1_183' title='bbox 325 1593 410 1622; x_wconf 90' lang='lat' dir='ltr'>rent</span> <span class='ocrx_word' id='word_1_184' title='bbox 440 1583 658 1622; x_wconf 88' lang='lat' dir='ltr'>centefimis</span> <span class='ocrx_word' id='word_1_185' title='bbox 694 1583 867 1622; x_wconf 84' lang='lat' dir='ltr'>sexennii</span> <span class='ocrx_word' id='word_1_186' title='bbox 898 1583 1024 1622; x_wconf 71' lang='lat' dir='ltr'>duffis</span> <span class='ocrx_word' id='word_1_187' title='bbox 1057 1597 1150 1622; x_wconf 92' lang='lat' dir='ltr'>cum</span> <span class='ocrx_word' id='word_1_188' title='bbox 1184 1586 1433 1623; x_wconf 85' lang='lat' dir='ltr'>renovatione</span> <span class='ocrx_word' id='word_1_189' title='bbox 1467 1586 1711 1638; x_wconf 78' lang='lat' dir='ltr'>singulorum</span> 
     </span>
     <span class='ocr_line' id='line_1_22' title="bbox 324 1649 1710 1706; baseline 0.004 -20"><span class='ocrx_word' id='word_1_190' title='bbox 324 1660 544 1688; x_wconf 85' lang='lat' dir='ltr'>annorum:</span> <span class='ocrx_word' id='word_1_191' title='bbox 577 1659 614 1687; x_wconf 86' lang='lat' dir='ltr'>at</span> <span class='ocrx_word' id='word_1_192' title='bbox 635 1650 812 1702; x_wconf 87' lang='lat' dir='ltr'>Scaptius</span> <span class='ocrx_word' id='word_1_193' title='bbox 833 1659 1036 1703; x_wconf 88' lang='lat' dir='ltr'>quaternas</span> <span class='ocrx_word' id='word_1_194' title='bbox 1067 1649 1300 1701; x_wconf 88' lang='lat' dir='ltr'>postulabat.</span> <span class='ocrx_word' id='word_1_195' title='bbox 1346 1651 1493 1697; x_wconf 90' lang='lat' dir='ltr'>Metui,</span> <span class='ocrx_word' id='word_1_196' title='bbox 1525 1653 1550 1690; x_wconf 83' lang='lat' dir='ltr'>si</span> <span class='ocrx_word' id='word_1_197' title='bbox 1582 1653 1710 1706; x_wconf 85' lang='lat' dir='ltr'>impe-</span> 
     </span>
     <span class='ocr_line' id='line_1_23' title="bbox 327 1715 1709 1768; baseline 0.003 -16"><span class='ocrx_word' id='word_1_198' title='bbox 327 1715 466 1759; x_wconf 82' lang='lat' dir='ltr'>trasset,</span> <span class='ocrx_word' id='word_1_199' title='bbox 498 1729 546 1753; x_wconf 92' lang='lat' dir='ltr'>ne</span> <span class='ocrx_word' id='word_1_200' title='bbox 568 1724 609 1753; x_wconf 93' lang='lat' dir='ltr'>tu</span> <span class='ocrx_word' id='word_1_201' title='bbox 631 1715 710 1768; x_wconf 90' lang='lat' dir='ltr'>ipse</span> <span class='ocrx_word' id='word_1_202' title='bbox 730 1729 793 1753; x_wconf 90' lang='lat' dir='ltr'>me</span> <span class='ocrx_word' id='word_1_203' title='bbox 813 1728 939 1753; x_wconf 88' lang='lat' dir='ltr'>amare</span> <span class='ocrx_word' id='word_1_204' title='bbox 960 1715 1145 1753; x_wconf 71' lang='lat' dir='ltr'>desineres</span> <span class='ocrx_word' id='word_1_205' title='bbox 1166 1731 1174 1752; x_wconf 92' lang='lat'>:</span> <span class='ocrx_word' id='word_1_206' title='bbox 1208 1729 1297 1754; x_wconf 89' lang='lat' dir='ltr'>nam</span> <span class='ocrx_word' id='word_1_207' title='bbox 1325 1717 1372 1754; x_wconf 91' lang='lat' dir='ltr'>ab</span> <span class='ocrx_word' id='word_1_208' title='bbox 1393 1717 1519 1755; x_wconf 60' lang='lat' dir='ltr'>edicto</span> <span class='ocrx_word' id='word_1_209' title='bbox 1540 1731 1628 1756; x_wconf 92' lang='lat' dir='ltr'>meo</span> <span class='ocrx_word' id='word_1_210' title='bbox 1649 1732 1709 1757; x_wconf 90' lang='lat' dir='ltr'>re-</span> 
     </span>
     <span class='ocr_line' id='line_1_24' title="bbox 326 1779 1710 1833; baseline 0.003 -16"><span class='ocrx_word' id='word_1_211' title='bbox 326 1779 537 1825; x_wconf 65' lang='lat' dir='ltr'>ceffiffem,</span> <span class='ocrx_word' id='word_1_212' title='bbox 569 1789 607 1817; x_wconf 93' lang='lat' dir='ltr'>et</span> <span class='ocrx_word' id='word_1_213' title='bbox 628 1780 844 1825; x_wconf 87' lang='lat' dir='ltr'>civitatem,</span> <span class='ocrx_word' id='word_1_214' title='bbox 868 1781 908 1818; x_wconf 88' lang='lat' dir='ltr'>in</span> <span class='ocrx_word' id='word_1_215' title='bbox 931 1781 1092 1818; x_wconf 90' lang='lat' dir='ltr'>Catonis</span> <span class='ocrx_word' id='word_1_216' title='bbox 1113 1790 1150 1818; x_wconf 90' lang='lat' dir='ltr'>et</span> <span class='ocrx_word' id='word_1_217' title='bbox 1172 1781 1210 1818; x_wconf 91' lang='lat' dir='ltr'>in</span> <span class='ocrx_word' id='word_1_218' title='bbox 1235 1781 1351 1833; x_wconf 87' lang='lat' dir='ltr'>ipfius</span> <span class='ocrx_word' id='word_1_219' title='bbox 1374 1782 1485 1819; x_wconf 90' lang='lat' dir='ltr'>Bruti</span> <span class='ocrx_word' id='word_1_220' title='bbox 1507 1783 1582 1821; x_wconf 89' lang='lat' dir='ltr'>fide</span> <span class='ocrx_word' id='word_1_221' title='bbox 1603 1783 1710 1822; x_wconf 87' lang='lat' dir='ltr'>loca-</span> 
     </span>
     <span class='ocr_line' id='line_1_25' title="bbox 328 1845 1712 1902; baseline 0.004 -19"><span class='ocrx_word' id='word_1_222' title='bbox 328 1857 420 1891; x_wconf 89' lang='lat' dir='ltr'>tam,</span> <span class='ocrx_word' id='word_1_223' title='bbox 453 1845 625 1898; x_wconf 89' lang='lat' dir='ltr'>meisque</span> <span class='ocrx_word' id='word_1_224' title='bbox 647 1845 847 1884; x_wconf 85' lang='lat' dir='ltr'>beneficiis</span> <span class='ocrx_word' id='word_1_225' title='bbox 869 1855 1060 1892; x_wconf 89' lang='lat' dir='ltr'>ornatam,</span> <span class='ocrx_word' id='word_1_226' title='bbox 1082 1845 1262 1885; x_wconf 90' lang='lat' dir='ltr'>funditus</span> <span class='ocrx_word' id='word_1_227' title='bbox 1284 1847 1545 1899; x_wconf 67' lang='lat' dir='ltr'>perdidissem.</span> <span class='ocrx_word' id='word_1_228' title='bbox 1579 1851 1712 1902; x_wconf 88' lang='lat' dir='ltr'>Atque</span> 
     </span>
     <span class='ocr_line' id='line_1_26' title="bbox 326 1911 1711 1965; baseline 0.003 -16"><span class='ocrx_word' id='word_1_229' title='bbox 326 1913 402 1950; x_wconf 87' lang='lat' dir='ltr'>hoc</span> <span class='ocrx_word' id='word_1_230' title='bbox 424 1922 600 1964; x_wconf 88' lang='lat' dir='ltr'>tempore</span> <span class='ocrx_word' id='word_1_231' title='bbox 620 1912 703 1964; x_wconf 91' lang='lat' dir='ltr'>ipso</span> <span class='ocrx_word' id='word_1_232' title='bbox 723 1912 913 1965; x_wconf 89' lang='lat' dir='ltr'>impingit</span> <span class='ocrx_word' id='word_1_233' title='bbox 934 1911 1036 1950; x_wconf 88' lang='lat' dir='ltr'>mihi</span> <span class='ocrx_word' id='word_1_234' title='bbox 1056 1912 1258 1965; x_wconf 87' lang='lat' dir='ltr'>epistolam</span> <span class='ocrx_word' id='word_1_235' title='bbox 1281 1914 1457 1965; x_wconf 85' lang='lat' dir='ltr'>Scaptius</span> <span class='ocrx_word' id='word_1_236' title='bbox 1480 1915 1607 1960; x_wconf 89' lang='lat' dir='ltr'>Bruti,</span> <span class='ocrx_word' id='word_1_237' title='bbox 1630 1929 1711 1954; x_wconf 88' lang='lat' dir='ltr'>rem</span> 
     </span>
     <span class='ocr_line' id='line_1_27' title="bbox 327 1978 1710 2033; baseline 0.002 -17"><span class='ocrx_word' id='word_1_238' title='bbox 327 1979 436 2016; x_wconf 87' lang='lat' dir='ltr'>illam</span> <span class='ocrx_word' id='word_1_239' title='bbox 468 1979 535 2017; x_wconf 88' lang='lat' dir='ltr'>suo</span> <span class='ocrx_word' id='word_1_240' title='bbox 568 1978 744 2031; x_wconf 92' lang='lat' dir='ltr'>periculo</span> <span class='ocrx_word' id='word_1_241' title='bbox 763 1978 862 2024; x_wconf 81' lang='lat' dir='ltr'>effe;</span> <span class='ocrx_word' id='word_1_242' title='bbox 895 1979 1001 2031; x_wconf 92' lang='lat' dir='ltr'>quod</span> <span class='ocrx_word' id='word_1_243' title='bbox 1023 1992 1094 2017; x_wconf 90' lang='lat' dir='ltr'>nec</span> <span class='ocrx_word' id='word_1_244' title='bbox 1114 1978 1216 2017; x_wconf 90' lang='lat' dir='ltr'>mihi</span> <span class='ocrx_word' id='word_1_245' title='bbox 1237 1993 1411 2033; x_wconf 91' lang='lat' dir='ltr'>unquam</span> <span class='ocrx_word' id='word_1_246' title='bbox 1434 1982 1577 2019; x_wconf 88' lang='lat' dir='ltr'>Brutus</span> <span class='ocrx_word' id='word_1_247' title='bbox 1599 1981 1710 2020; x_wconf 85' lang='lat' dir='ltr'>dixe-</span> 
     </span>
     <span class='ocr_line' id='line_1_28' title="bbox 328 2043 1713 2098; baseline 0.002 -16"><span class='ocrx_word' id='word_1_248' title='bbox 328 2053 398 2089; x_wconf 86' lang='lat' dir='ltr'>rat,</span> <span class='ocrx_word' id='word_1_249' title='bbox 422 2057 492 2082; x_wconf 92' lang='lat' dir='ltr'>nec</span> <span class='ocrx_word' id='word_1_250' title='bbox 515 2044 613 2082; x_wconf 90' lang='lat' dir='ltr'>tibi:</span> <span class='ocrx_word' id='word_1_251' title='bbox 637 2045 769 2090; x_wconf 88' lang='lat' dir='ltr'>etiam,</span> <span class='ocrx_word' id='word_1_252' title='bbox 793 2053 836 2082; x_wconf 93' lang='lat' dir='ltr'>ut</span> <span class='ocrx_word' id='word_1_253' title='bbox 856 2043 1125 2097; x_wconf 62' lang='lat' dir='ltr'>praefecturam</span> <span class='ocrx_word' id='word_1_254' title='bbox 1147 2045 1302 2098; x_wconf 88' lang='lat' dir='ltr'>Scaptio</span> <span class='ocrx_word' id='word_1_255' title='bbox 1323 2045 1513 2084; x_wconf 89' lang='lat' dir='ltr'>deferrem</span> <span class='ocrx_word' id='word_1_256' title='bbox 1531 2062 1539 2084; x_wconf 75' lang='grc' dir='ltr'>ε</span> <span class='ocrx_word' id='word_1_257' title='bbox 1564 2047 1603 2084; x_wconf 92' lang='lat' dir='ltr'>id</span> <span class='ocrx_word' id='word_1_258' title='bbox 1624 2061 1713 2085; x_wconf 82' lang='lat' dir='ltr'>vero</span> 
     </span>
     <span class='ocr_line' id='line_1_29' title="bbox 328 2110 1710 2164; baseline 0.001 -17"><span class='ocrx_word' id='word_1_259' title='bbox 328 2123 395 2162; x_wconf 86' lang='lat' dir='ltr'>per</span> <span class='ocrx_word' id='word_1_260' title='bbox 415 2119 451 2147; x_wconf 89' lang='lat' dir='ltr'>te</span> <span class='ocrx_word' id='word_1_261' title='bbox 471 2122 761 2162; x_wconf 85' lang='lat' dir='ltr'>exceperamus,</span> <span class='ocrx_word' id='word_1_262' title='bbox 785 2123 832 2148; x_wconf 90' lang='lat' dir='ltr'>ne</span> <span class='ocrx_word' id='word_1_263' title='bbox 854 2110 1114 2162; x_wconf 84' lang='lat' dir='ltr'>negotiatori:</span> <span class='ocrx_word' id='word_1_264' title='bbox 1138 2111 1245 2163; x_wconf 93' lang='lat' dir='ltr'>quod</span> <span class='ocrx_word' id='word_1_265' title='bbox 1267 2111 1291 2148; x_wconf 91' lang='lat' dir='ltr'>s1</span> <span class='ocrx_word' id='word_1_266' title='bbox 1313 2112 1514 2164; x_wconf 83' lang='lat' dir='ltr'>cuiquam,</span> <span class='ocrx_word' id='word_1_267' title='bbox 1536 2111 1629 2149; x_wconf 91' lang='lat' dir='ltr'>huic</span> <span class='ocrx_word' id='word_1_268' title='bbox 1652 2122 1710 2150; x_wconf 82' lang='lat' dir='ltr'>ta-</span> 
     </span>
     <span class='ocr_line' id='line_1_30' title="bbox 329 2175 1713 2230; baseline 0.001 -16"><span class='ocrx_word' id='word_1_269' title='bbox 329 2190 418 2214; x_wconf 85' lang='lat' dir='ltr'>men</span> <span class='ocrx_word' id='word_1_270' title='bbox 441 2190 518 2214; x_wconf 91' lang='lat' dir='ltr'>non</span> <span class='ocrx_word' id='word_1_271' title='bbox 535 2195 548 2222; x_wconf 78' lang='lat'>3</span> <span class='ocrx_word' id='word_1_272' title='bbox 580 2175 705 2214; x_wconf 90' lang='lat' dir='ltr'>fuerat</span> <span class='ocrx_word' id='word_1_273' title='bbox 725 2177 831 2214; x_wconf 88' lang='lat' dir='ltr'>enim</span> <span class='ocrx_word' id='word_1_274' title='bbox 852 2175 1056 2228; x_wconf 65' lang='lat' dir='ltr'>praefectus</span> <span class='ocrx_word' id='word_1_275' title='bbox 1080 2177 1239 2230; x_wconf 72' lang='lat' dir='ltr'>Appi05</span> <span class='ocrx_word' id='word_1_276' title='bbox 1273 2186 1310 2214; x_wconf 91' lang='lat' dir='ltr'>et</span> <span class='ocrx_word' id='word_1_277' title='bbox 1338 2177 1498 2228; x_wconf 85' lang='lat' dir='ltr'>quidem</span> <span class='ocrx_word' id='word_1_278' title='bbox 1526 2177 1713 2216; x_wconf 88' lang='lat' dir='ltr'>habuerat</span> 
     </span>
     <span class='ocr_line' id='line_1_31' title="bbox 331 2242 1714 2295; baseline 0.002 -16"><span class='ocrx_word' id='word_1_279' title='bbox 331 2251 476 2280; x_wconf 83' lang='lat' dir='ltr'>turmas</span> <span class='ocrx_word' id='word_1_280' title='bbox 510 2243 707 2295; x_wconf 90' lang='lat' dir='ltr'>equitum,</span> <span class='ocrx_word' id='word_1_281' title='bbox 738 2242 883 2295; x_wconf 88' lang='lat' dir='ltr'>quibus</span> <span class='ocrx_word' id='word_1_282' title='bbox 905 2242 1103 2281; x_wconf 91' lang='lat' dir='ltr'>inclusum</span> <span class='ocrx_word' id='word_1_283' title='bbox 1124 2243 1164 2280; x_wconf 90' lang='lat' dir='ltr'>in</span> <span class='ocrx_word' id='word_1_284' title='bbox 1186 2243 1293 2280; x_wconf 86' lang='lat' dir='ltr'>curia</span> <span class='ocrx_word' id='word_1_285' title='bbox 1315 2244 1499 2281; x_wconf 86' lang='lat' dir='ltr'>Senatum</span> <span class='ocrx_word' id='word_1_286' title='bbox 1521 2243 1714 2283; x_wconf 87' lang='lat' dir='ltr'>Salamine</span> 
     </span>
     <span class='ocr_line' id='line_1_32' title="bbox 329 2306 1710 2362; baseline 0.002 -18"><span class='ocrx_word' id='word_1_287' title='bbox 329 2306 541 2352; x_wconf 87' lang='lat' dir='ltr'>obsederat,</span> <span class='ocrx_word' id='word_1_288' title='bbox 573 2317 616 2346; x_wconf 89' lang='lat' dir='ltr'>ut</span> <span class='ocrx_word' id='word_1_289' title='bbox 635 2307 739 2346; x_wconf 85' lang='lat' dir='ltr'>fame</span> <span class='ocrx_word' id='word_1_290' title='bbox 760 2308 959 2346; x_wconf 88' lang='lat' dir='ltr'>Senatores</span> <span class='ocrx_word' id='word_1_291' title='bbox 980 2309 1155 2361; x_wconf 90' lang='lat' dir='ltr'>quinque</span> <span class='ocrx_word' id='word_1_292' title='bbox 1177 2317 1432 2346; x_wconf 88' lang='lat' dir='ltr'>morerentur.</span> <span class='ocrx_word' id='word_1_293' title='bbox 1468 2309 1603 2361; x_wconf 89' lang='lat' dir='ltr'>Itaque</span> <span class='ocrx_word' id='word_1_294' title='bbox 1623 2323 1710 2362; x_wconf 90' lang='lat' dir='ltr'>ego,</span> 
     </span>
     <span class='ocr_line' id='line_1_33' title="bbox 332 2371 1712 2427; baseline 0.005 -20"><span class='ocrx_word' id='word_1_295' title='bbox 332 2384 410 2422; x_wconf 93' lang='lat' dir='ltr'>quo</span> <span class='ocrx_word' id='word_1_296' title='bbox 431 2371 492 2408; x_wconf 90' lang='lat' dir='ltr'>die</span> <span class='ocrx_word' id='word_1_297' title='bbox 514 2374 626 2426; x_wconf 89' lang='lat' dir='ltr'>tetigi</span> <span class='ocrx_word' id='word_1_298' title='bbox 650 2374 909 2426; x_wconf 90' lang='lat' dir='ltr'>provinciam,</span> <span class='ocrx_word' id='word_1_299' title='bbox 940 2388 1034 2413; x_wconf 90' lang='lat' dir='ltr'>cum</span> <span class='ocrx_word' id='word_1_300' title='bbox 1063 2373 1164 2413; x_wconf 88' lang='lat' dir='ltr'>mihi</span> <span class='ocrx_word' id='word_1_301' title='bbox 1195 2374 1333 2426; x_wconf 88' lang='lat' dir='ltr'>Cyprii</span> <span class='ocrx_word' id='word_1_302' title='bbox 1363 2375 1480 2427; x_wconf 83' lang='lat' dir='ltr'>legati</span> <span class='ocrx_word' id='word_1_303' title='bbox 1511 2374 1712 2427; x_wconf 86' lang='lat' dir='ltr'>Ephesum</span> 
     </span>
     <span class='ocr_line' id='line_1_34' title="bbox 331 2436 1709 2493; baseline 0.004 -21"><span class='ocrx_word' id='word_1_304' title='bbox 331 2436 488 2473; x_wconf 85' lang='lat' dir='ltr'>obviam</span> <span class='ocrx_word' id='word_1_305' title='bbox 509 2437 709 2484; x_wconf 80' lang='lat' dir='ltr'>venissent,</span> <span class='ocrx_word' id='word_1_306' title='bbox 730 2440 860 2478; x_wconf 91' lang='lat' dir='ltr'>literas</span> <span class='ocrx_word' id='word_1_307' title='bbox 881 2440 981 2486; x_wconf 88' lang='lat' dir='ltr'>mifi,</span> <span class='ocrx_word' id='word_1_308' title='bbox 999 2449 1043 2479; x_wconf 88' lang='lat' dir='ltr'>ut</span> <span class='ocrx_word' id='word_1_309' title='bbox 1063 2440 1214 2493; x_wconf 89' lang='lat' dir='ltr'>equites</span> <span class='ocrx_word' id='word_1_310' title='bbox 1235 2453 1282 2478; x_wconf 85' lang='lat' dir='ltr'>ex</span> <span class='ocrx_word' id='word_1_311' title='bbox 1304 2439 1428 2477; x_wconf 89' lang='lat' dir='ltr'>insula</span> <span class='ocrx_word' id='word_1_312' title='bbox 1447 2439 1575 2478; x_wconf 87' lang='lat' dir='ltr'>statim</span> <span class='ocrx_word' id='word_1_313' title='bbox 1596 2440 1709 2477; x_wconf 88' lang='lat' dir='ltr'>dece-</span> 
     </span>
     <span class='ocr_line' id='line_1_35' title="bbox 333 2500 1711 2561; baseline 0.004 -23"><span class='ocrx_word' id='word_1_314' title='bbox 333 2500 480 2540; x_wconf 83' lang='lat' dir='ltr'>derent.</span> <span class='ocrx_word' id='word_1_315' title='bbox 526 2501 603 2540; x_wconf 84' lang='lat' dir='ltr'>His</span> <span class='ocrx_word' id='word_1_316' title='bbox 632 2502 678 2542; x_wconf 90' lang='lat' dir='ltr'>de</span> <span class='ocrx_word' id='word_1_317' title='bbox 707 2505 826 2543; x_wconf 65' lang='lat' dir='ltr'>causis</span> <span class='ocrx_word' id='word_1_318' title='bbox 855 2506 972 2546; x_wconf 91' lang='lat' dir='ltr'>credo</span> <span class='ocrx_word' id='word_1_319' title='bbox 993 2506 1195 2561; x_wconf 89' lang='lat' dir='ltr'>Scaptium</span> <span class='ocrx_word' id='word_1_320' title='bbox 1217 2506 1391 2557; x_wconf 87' lang='lat' dir='ltr'>iniquius</span> <span class='ocrx_word' id='word_1_321' title='bbox 1413 2505 1459 2543; x_wconf 89' lang='lat' dir='ltr'>de</span> <span class='ocrx_word' id='word_1_322' title='bbox 1481 2519 1542 2543; x_wconf 90' lang='lat' dir='ltr'>me</span> <span class='ocrx_word' id='word_1_323' title='bbox 1563 2504 1711 2558; x_wconf 80' lang='lat' dir='ltr'>aliquid</span> 
     </span>
    </p>
   </div>
  </div>
 </body>
</html>
