2243 3008
448 296 528 348 468
799 295 1492 338 EPISTOLARUM

449 395 576 450 potest
596 395 673 434 fine
696 403 762 434 tua
781 409 870 449 ope.
903 397 1048 434 Coram
1069 396 1193 448 igitur
1212 395 1289 435 hoc
1311 397 1473 450 quidem
1493 395 1759 438 conferemus.
1796 398 1844 437 In

448 461 652 515 praesentia
671 461 773 500 mihi
794 461 914 499 velim
941 461 1099 506 scribas,
1131 462 1277 514 quibus
1308 463 1546 502 Censoribus
1575 465 1624 503 C.
1648 465 1840 509 Fannius,

450 528 516 566 M.
549 528 670 574 filius,
703 529 910 566 Tribunus
942 528 1070 580 plebis
1106 527 1240 566 fuerit.
1286 528 1434 568 Videor
1465 530 1567 569 mihi
1598 530 1755 576 audiffe‚
1793 531 1840 570 P.

451 594 657 640 Africano,
689 595 739 633 L.
762 594 984 632 Mummio.
1031 594 1076 632 Id
1098 593 1220 646 igitur
1240 607 1386 646 quaero.
1433 596 1500 633 Tu
1520 595 1623 635 mihi
1642 596 1690 635 de
1709 598 1757 635 iis
1779 610 1840 635 re-

450 660 539 708 bus,
570 675 656 715 quae
677 670 886 706 novantur,
918 660 1052 699 omnia
1070 669 1189 706 certa,
1219 659 1335 699 clara.
1369 661 1447 699 111.
1470 661 1542 700 ld.
1564 675 1612 701 ex
1638 662 1839 715 Arpinati.

779 865 1024 903 C1cERo
1066 864 1324 902 AT‘r1co
1368 863 1500 903 SAL.

449 993 565 1033 XIV.
588 991 848 1066 NIHIL
877 1002 957 1032 erat
977 992 1107 1047 plane,
1130 991 1237 1045 quod
1259 991 1483 1031 scriberem.
1515 991 1623 1031 Nam
1643 1005 1737 1030 cum
1758 992 1845 1031 Pu-

699 1059 812 1098 teolis
844 1059 975 1105 effem,
1006 1059 1187 1112 quotidie
1219 1058 1371 1111 aliquid
1402 1059 1496 1098 novi
1528 1059 1576 1096 de
1609 1058 1845 1104 Oftaviano,

447 1126 576 1164 multa
594 1126 714 1164 etiam
745 1125 838 1164 falsa
869 1126 916 1164 de
941 1126 1136 1164 Antonio.
1181 1124 1247 1164 Ad
1277 1138 1321 1163 ea
1348 1133 1496 1170 autem,
1527 1138 1614 1178 quae
1645 1124 1846 1178 scripsisti,

448 1194 546 1245 (tres
566 1194 674 1232 enim
694 1206 920 1246 acceperam
944 1206 1000 1231 111
1025 1192 1119 1231 Idus
1140 1205 1161 1230 a
1181 1201 1219 1230 te
1247 1191 1446 1245 epistolas)
1469 1191 1580 1230 valde
1611 1191 1688 1230 tibi
1717 1191 1842 1229 affen-

445 1260 538 1305 tior,
570 1260 597 1299 fi
628 1259 804 1299 multum
836 1259 952 1313 poffit
974 1259 1227 1304 Octavianus,
1258 1258 1389 1297 multo
1409 1258 1562 1297 firmius
1584 1259 1666 1296 asta
1686 1257 1844 1309 tyranni

446 1326 752 1379 comprobatum
773 1325 836 1371 iri,
868 1339 988 1378 quam
1008 1325 1049 1363 in
1071 1324 1276 1369 Telluris,
1308 1333 1426 1377 atque
1446 1323 1487 1362 id
1513 1334 1650 1362 contra
1669 1324 1841 1362 Brutum

445 1390 558 1431 fore:
590 1392 644 1430 fin
666 1401 798 1430 autem
817 1391 1006 1436 vincitur,
1036 1391 1144 1429 vides
1173 1389 1464 1428 intolerabilem
1492 1390 1716 1428 Antonium
1733 1408 1746 1435 3
1779 1398 1841 1435 ut,

445 1471 566 1510 quem
587 1457 698 1502 velis,
729 1456 890 1495 nescias.
923 1457 961 1494 Ο
984 1456 1106 1494 Sextii
1129 1455 1392 1500 tabellarium,
1415 1454 1623 1493 hominem
1642 1453 1836 1507 nequam!

444 1523 630 1577 postridie
651 1523 827 1560 Puteolis
849 1523 989 1560 Romae
1019 1521 1056 1559 se
1087 1521 1188 1558 dixit
1218 1519 1316 1559 fore.
1363 1520 1484 1571 Qod
1516 1534 1579 1558 me
1609 1533 1762 1565 mones,
1795 1528 1842 1558 ut

444 1589 686 1643 pedetentim
704 1607 716 1633 3
747 1587 928 1626 affentior
946 1602 964 1626 :-
987 1587 1054 1625 etfi
1075 1586 1187 1624 aliter
1207 1586 1446 1638 cogitabam.
1483 1586 1573 1625 Nec
1593 1599 1657 1624 me
1679 1584 1840 1638 Philip-

442 1669 517 1710 pus
538 1665 604 1694 aut
625 1654 842 1693 Marcellus
864 1663 1024 1692 movet:
1057 1653 1133 1691 alia
1151 1653 1260 1691 enim
1288 1666 1426 1691 eorum
1455 1654 1582 1698 ratio,
1613 1661 1667 1698 et,
1698 1652 1725 1690 fi
1757 1665 1839 1691 non

443 1722 512 1768 est,
543 1731 675 1760 tamen
701 1721 870 1760 videtur.
918 1719 992 1758 Sed
1021 1719 1062 1758 in
1094 1718 1167 1757 isto
1192 1720 1338 1772 juvene
1368 1732 1595 1772 quanquam
1622 1718 1744 1757 animi
1777 1718 1838 1756 sa-

441 1789 508 1834 tis,
539 1787 779 1826 austoritatis
801 1800 940 1839 parum
961 1785 1028 1824 est.
1061 1786 1216 1824 Tamen
1238 1784 1342 1830 vide,
1374 1785 1400 1823 fi
1422 1783 1523 1823 forte
1543 1785 1584 1822 in
1607 1783 1846 1823 Tusculano-

442 1855 543 1892 τεᾶς
563 1853 635 1891 effe
655 1852 824 1905 possum,
857 1865 904 1890 ne
925 1851 965 1889 id
985 1850 1128 1889 melius
1149 1850 1210 1895 fit,
1245 1851 1329 1902 (ero
1348 1849 1538 1888 libentius
1557 1864 1567 1888 :
1600 1848 1703 1888 nihil
1727 1849 1838 1888 enim

442 1918 652 1971 ignorabo)
687 1933 734 1957 an
766 1917 858 1963 hoc,
889 1931 983 1955 cum
1011 1917 1212 1955 Antonius
1245 1916 1408 1954 venerit.
1456 1915 1544 1961 Sed,
1577 1925 1620 1953 ut
1650 1914 1758 1953 aliud
1787 1928 1836 1954 ex

441 1985 536 2030 alio,
566 1983 668 2022 mihi
703 1997 783 2022 non
817 1983 869 2021 est
905 1983 1088 2027 dubium,
1121 1983 1235 2036 quin,
1266 1982 1374 2033 quod
1409 1981 1542 2020 Graeci
1573 1977 1726 2026 καθῗικον,
1762 1994 1835 2020 nos

440 2049 601 2102 ffcium.
639 2048 684 2087 Id
705 2057 853 2092 autem,
883 2047 980 2099 quid
1001 2047 1174 2092 dubitas,
1205 2047 1302 2099 quin
1322 2046 1442 2084 etiam
1463 2047 1503 2084 in
1526 2045 1839 2097 Rempublicam

441 2115 623 2169 praeclare
657 2113 842 2152 caderet?
886 2125 1016 2150 nonne
1050 2112 1238 2156 dicimus,
1270 2111 1458 2163 Confidam
1487 2110 1648 2163 efficium,
1681 2111 1835 2149 Senatus

440 2179 621 2234 qfficium?
652 2179 832 2232 praeclare
863 2178 1075 2223 convenit;
1109 2188 1174 2216 aut
1204 2176 1250 2215 da
1281 2177 1438 2216 melius.
1484 2177 1595 2217 Male
1625 2190 1752 2215 narras
1785 2177 1834 2216 de

442 2247 613 2300 Nepotis
635 2245 718 2284 filio
737 2261 745 2283 :
779 2244 889 2283 valde
909 2243 1135 2283 mehercule
1156 2257 1330 2288 moveor,
1361 2253 1399 2281 et
1422 2243 1581 2281 moleste
1601 2242 1698 2281 fero.
1744 2243 1832 2281 Ne-

440 2314 600 2352 scieram
620 2312 786 2351 omnino
806 2311 877 2349 ess‘e
899 2310 1014 2349 istum
1037 2323 1218 2363 puerum.
1259 2310 1473 2348 Caninium
1497 2309 1663 2362 perdidi,
1695 2308 1831 2348 homi-

440 2393 546 2424 nem,
578 2378 685 2431 quod
706 2378 753 2415 ad
774 2392 836 2415 me
857 2377 1012 2421 attinet,
1046 2391 1124 2415 non
1147 2377 1361 2428 ingratum.
1400 2375 1706 2415 Athenodorum
1729 2375 1835 2414 nihil

438 2446 491 2485 cst
512 2444 619 2498 quod
641 2443 823 2483 hortere:
856 2443 961 2482 mint
991 2444 1099 2482 enim
1133 2442 1221 2481 satis
1255 2442 1406 2480 bellum
1440 2440 1629 2489 ὑπόμνημα.
1678 2443 1831 2479 Grave-

438 2513 538 2556 dini,
570 2510 714 2562 quael'o,
744 2509 854 2547 omni
887 2509 1034 2546 mione
1056 2509 1232 2546 subveni.
1280 2509 1473 2560 Qintus,
1504 2508 1563 2545 avi
1595 2507 1654 2545 tui
1684 2521 1830 2560 pronc-

436 2593 525 2632 pos,
556 2578 688 2616 scribit
721 2576 767 2614 nd
798 2575 917 2629 patris
948 2576 1025 2614 mci
1057 2586 1257 2628 nepotem,
1291 2575 1325 2613 sc
1356 2589 1402 2613 cx
1437 2574 1567 2614 Nonis
1590 2574 1654 2620 ἰὶε.
1684 2574 1835 2627 quibus
