2243 3008
558 332 665 370 AD
724 329 1155 370 ATTICUM
1222 330 1363 370 Lrss.
1416 333 1491 370 111.
1670 346 1718 384 73

673 567 914 604 CICERO
958 567 1212 604 A'r‘r1co
1256 566 1385 603 SAL.

333 693 449 732 VIII.
475 692 689 765 BRUN
706 693 915 731 DUSIO
945 693 1194 745 proficiscens
1222 692 1446 746 scripseram
1466 692 1511 730 ad
1538 703 1589 737 te,
1621 705 1715 744 quas

568 759 619 797 ob
641 758 767 797 causas
789 758 831 796 in
852 758 1021 810 Epirum
1043 771 1121 796 non
1143 757 1304 796 effemus
1325 757 1489 811 profecti
1508 777 1519 802 ;
1552 757 1657 810 quod
1678 766 1717 794 et

332 823 482 862 Achaia
500 838 621 878 prope
641 824 731 862 esset
751 823 866 876 plena
881 823 1220 862 audaciffimorum
1241 823 1512 868 inimicorum,
1530 832 1568 860 et
1588 822 1714 861 exitus

331 888 512 928 difficiles
546 889 720 934 haberet,
756 902 849 926 cum
883 888 974 926 inde
1007 888 1356 941 proficisceremur.
1407 887 1591 932 Acceffit,
1623 900 1716 925 cum

335 954 547 1006 Dyrrachii
567 954 744 999 essemus,
776 963 820 992 ut
841 954 919 993 duo
940 955 1071 992 nuntii
1091 953 1320 992 afferrentur
1336 973 1348 999 ;
1383 967 1484 992 unus
1505 953 1616 991 clafl‘e
1635 952 1715 990 fra-

331 1028 433 1058 trem
454 1020 611 1073 Epheso
632 1019 806 1057 Athenas
824 1038 835 1064 ;
867 1020 964 1058 alter
983 1019 1148 1072 pedibus
1173 1033 1241 1072 per
1269 1019 1547 1057 Macedoniam
1568 1018 1713 1056 venire.

332 1085 470 1138 Itaque
498 1087 560 1124 illi
589 1085 746 1123 obviam
775 1085 952 1124 mifimus
984 1084 1174 1130 Athenas,
1206 1095 1250 1123 ut
1279 1086 1370 1123 inde
1401 1084 1717 1124 Thessalonicam

330 1152 493 1189 veniret.
537 1150 612 1203 Ipsi
638 1149 905 1202 proceffimus,
936 1160 975 1188 et
995 1149 1311 1188 Thessalonicam
1332 1163 1366 1188 a.
1390 1149 1429 1188 d.
1455 1163 1480 1187 x
1504 1149 1593 1187 Kal.
1617 1149 1712 1199 Jun.

328 1215 538 1260 venimus;
571 1228 698 1267 neque
729 1214 776 1252 de
805 1214 913 1253 illius
944 1215 1083 1252 itinere
1103 1215 1319 1266 quicquam
1340 1215 1437 1251 certi
1456 1213 1713 1256 habebamus,

330 1279 401 1318 nisi
421 1293 512 1319 eum
533 1280 580 1318 ab
603 1279 758 1333 Epheso
778 1289 867 1318 ante
887 1279 1089 1332 aliquanto
1103 1279 1339 1332 profeCmm.
1375 1279 1497 1317 Nunc
1519 1279 1601 1316 istic
1619 1279 1715 1329 quid

329 1354 466 1398 agatur
485 1359 629 1398 magno
649 1359 764 1398 opere
785 1346 929 1383 timeo:
953 1357 1178 1398 quanquam
1199 1354 1242 1383 tu
1262 1345 1380 1383 altera
1399 1344 1559 1397 epistola
1580 1344 1714 1381 scribis

332 1411 468 1449 Idibus
490 1412 610 1449 Maiis
638 1411 778 1456 audiri,
810 1410 893 1449 fore
924 1420 968 1449 ut
998 1412 1124 1448 acrius
1156 1409 1441 1463 postularetur3
1473 1410 1604 1453 altera,
1632 1410 1713 1460 jam

330 1477 403 1515 effe
434 1479 616 1516 mitiora:
650 1477 714 1515 sed
743 1476 825 1515 hat-c
855 1477 908 1515 est
939 1477 1065 1529 pridie
1096 1477 1196 1522 data,
1228 1491 1346 1529 quam
1378 1477 1474 1521 illa;
1506 1489 1586 1528 quo
1617 1488 1713 1513 con-

331 1543 468 1581 turbor
488 1544 626 1595 magis.
661 1544 812 1595 Itaque,
844 1556 936 1580 cum
957 1556 1067 1580 meus
1088 1556 1152 1580 me
1171 1556 1317 1581 moeror
1336 1542 1589 1594 quotidianus
1611 1541 1714 1578 lace-

331 1616 389 1645 rat
409 1617 447 1645 et
467 1608 644 1652 conficit,
670 1617 762 1645 -tum
782 1620 872 1645 vero
892 1607 976 1646 haec
995 1607 1126 1645 addita
1143 1621 1236 1646 cura
1255 1608 1322 1645 vix
1352 1606 1453 1645 mihi
1473 1607 1594 1644 vitam
1622 1606 1714 1643 reli-

331 1685 451 1724 quam
470 1671 581 1710 facit.
625 1671 698 1709 Sed
717 1681 756 1709 et
777 1672 972 1724 navigatio
993 1672 1236 1724 perdifficilis
1257 1671 1335 1710 fuit
1353 1691 1363 1715 ;
1396 1682 1434 1709 et
1455 1672 1522 1709 ille
1542 1672 1714 1708 incertus

329 1737 400 1775 ubi
433 1750 506 1790 ego
538 1737 668 1783 effem,
699 1735 852 1776 fortass'e
885 1738 1007 1776 alium
1037 1737 1193 1776 cursum
1225 1738 1380 1790 petivit.
1426 1737 1534 1775 Nam
1568 1735 1714 1774 Phaeto

329 1802 495 1840 libertus
529 1815 621 1840 eum
653 1815 731 1840 non
762 1802 863 1840 vidit
880 1819 890 1847 ς
923 1811 1041 1840 vento
1072 1803 1234 1854 rejestus
1266 1803 1314 1840 ab
1346 1802 1417 1840 illo
1448 1802 1489 1839 in
1521 1801 1712 1838 Macedo-

329 1868 452 1913 niam,
485 1867 602 1906 Pellae
630 1866 732 1906 mihi
759 1866 895 1919 praesto
921 1865 1013 1905 fuit.
1060 1867 1232 1919 Reliqua
1262 1880 1380 1919 quam
1412 1865 1513 1904 mihi
1540 1865 1715 1903 timenda

329 1933 404 1972 sint
423 1933 551 1979 video,
583 1946 655 1972 nec
674 1933 772 1986 quid
792 1932 958 1971 scribam
977 1931 1117 1979 habeo,
1148 1941 1187 1971 et
1207 1933 1341 1971 omnia
1360 1933 1482 1970 timeo
1500 1947 1508 1970 ε
1542 1945 1612 1969 nec
1634 1941 1715 1969 tam

329 1999 514 2038 miserum
534 1999 588 2038 est
607 2000 837 2053 quicquam,
869 1998 976 2052 quod
1005 2012 1084 2037 non
1114 1999 1155 2037 in
1183 1998 1351 2037 nostram
1377 1997 1578 2037 fortunam
1598 1997 1712 2036 cade-

328 2079 368 2103 re
387 2065 577 2104 videatur.
614 2064 816 2118 Equidem
835 2063 964 2102 adhuc
983 2064 1113 2110 miser,
1144 2065 1184 2102 in
1206 2064 1390 2103 maximis
1411 2064 1507 2102 meis
1529 2063 1712 2102 aerumnis

328 2139 368 2168 et
388 2130 560 2168 luaibus
589 2128 667 2168 hoc
687 2139 796 2168 metu
817 2129 980 2182 adje&o‚
1011 2143 1151 2168 maneo
1170 2128 1454 2168 Thefl'alonicae
1480 2127 1680 2181 suspensus
1699 2145 1710 2171 ;

328 2208 402 2234 nec
421 2196 543 2234 audeo
564 2196 793 2249 quicquam.
839 2196 962 2235 Nunc
982 2195 1029 2234 ad
1049 2209 1092 2234 ea
1111 2209 1198 2248 quae
1218 2195 1411 2248 scripfisti.
1450 2193 1713 2246 Tryphonem

330 2260 539 2298 Caeciliurn
566 2273 645 2298 non
677 2260 772 2299 vidi.
819 2261 1047 2299 Sermonem
1074 2269 1189 2298 tuum
1210 2270 1248 2298 et
1275 2259 1455 2312 Pompeii
1476 2258 1643 2310 cognovi
1663 2271 1711 2295 ex

330 2324 408 2362 tuis
439 2325 578 2363 literis.
625 2325 789 2364 Motum
824 2326 864 2364 in
895 2325 1117 2378 Republica
1151 2338 1229 2362 non
1262 2334 1415 2362 tanturn
1448 2337 1521 2376 ego
1552 2323 1709 2375 impen-

330 2388 418 2426 dere
450 2390 578 2435 video,
608 2400 802 2443 quantum
833 2401 878 2430 tu
909 2401 975 2430 aut
1006 2391 1128 2435 vides,
1159 2401 1225 2428 aut
1257 2390 1302 2428 ad
1334 2404 1397 2431 me
1428 2387 1711 2428 consolandum

329 2453 469 2491 affers:
503 2455 675 2505 Tigrane
700 2457 807 2494 enim
833 2457 1026 2510 neglefflw,
1059 2456 1206 2494 sublata
1235 2456 1323 2494 sunt
1351 2455 1497 2493 omnia.
1544 2452 1710 2491 Varroni

331 2531 395 2555 me
421 2518 536 2569 jubes
568 2531 679 2570 agere
711 2521 879 2571 gratias;
912 2520 1079 2559 faciam:
1113 2521 1209 2558 item
1240 2519 1424 2572 Hypsa-o.
1470 2518 1589 2568 Qod
1622 2518 1706 2555 sua-

330 2582 395 2620 des
431 2596 477 2619 ne
511 2582 668 2633 longius
704 2582 960 2630 discedamus,
1004 2584 1101 2622 dum
1135 2586 1214 2622 acra
1247 2583 1387 2622 menslS
1422 2583 1522 2620 Maii
1556 2581 1602 2619 ad
1637 2593 1706 2619 nos

414 2648 551 2686 Tom.
584 2647 700 2686 VIII.
1372 2648 1410 2685 K
