2243 3008
535 281 609 322 152
882 265 1566 306 EPISTOLARUM

530 370 595 409 M.
620 367 817 413 Nonium,
849 367 1038 406 Bibulum
1056 385 1066 412 ς
1099 380 1177 411 me,
1209 366 1234 405 fi
1255 366 1375 405 voles.
1416 368 1505 418 Jam
1528 365 1660 406 Scrofa
1679 366 1820 405 vellem
1841 364 1914 406 ha-

531 436 652 481 beret,
675 434 743 472 ubi
765 433 885 486 poss‘et
903 447 912 471 t
935 432 988 470 est
1008 433 1114 471 enim
1135 432 1287 470 lautum
1310 433 1513 485 negotium
1531 448 1539 472 :
1563 433 1691 471 caeteri
1712 433 1915 472 infirmant

528 497 705 547 πολίτευμα,
726 498 904 537 Catonis.
951 497 1163 536 Hortensio
1189 497 1296 550 quod
1323 497 1473 536 causam
1497 512 1622 536 meam
1644 497 1915 543 commendas,

526 564 638 604 valde
657 574 828 616 gratum.
861 564 923 602 De
940 564 1111 602 Amiano
1130 562 1210 615 spei
1231 561 1333 601 nihil
1353 572 1465 616 putat
1485 563 1558 601 effe
1578 563 1805 615 Dionysius.
1829 565 1914 602 Te-

529 630 646 669 rentii
667 630 824 669 nullum
845 628 1051 681 vestigium
1071 628 1228 680 agnovi.
1271 628 1517 680 Moeragenes
1539 638 1642 666 certe
1662 629 1803 681 periit:
1836 627 1915 667 feci

528 696 603 734 iter
622 709 690 749 per
708 697 792 748 ejus
812 694 1092 748 poffeffionem,
1123 694 1163 732 in
1186 706 1263 746 qua
1281 693 1424 731 animal
1447 694 1644 746 reliquum
1665 694 1823 732 nullum
1844 693 1912 733 est.

529 763 629 800 Haec
659 774 737 799 non
767 773 903 799 noram
930 769 1031 805 tum,
1062 773 1155 798 cum
1176 772 1270 797 cum
1291 759 1524 797 Democrito
1545 768 1614 797 tuo
1635 759 1791 797 locutus
1812 759 1913 798 sum.

528 826 720 865 Rhofiaca
738 826 822 864 vasa
841 825 1035 864 mandavi.
1070 824 1142 862 Sed
1162 823 1258 862 heus
1281 833 1339 869 tu,
1370 824 1467 876 quid
1487 825 1637 876 cogitas
1656 824 1669 861 ?
1702 824 1748 862 In
1774 823 1913 863 felica-

529 892 580 930 tis
601 891 781 930 lancibus
801 899 840 929 et
860 889 1175 943 splendidiffimis
1197 888 1386 934 canistris,
1407 888 1595 927 olusculis
1616 901 1687 927 nos
1707 888 1804 928 soles
1826 889 1915 942 pas·

529 971 641 996 cere:
674 957 771 1010 quid
805 965 844 995 te
876 957 918 994 in
952 955 1044 994 ναῦς
1080 954 1269 993 fictilibus
1302 955 1569 1007 appositurum
1603 956 1773 1007 putem?
1805 952 1914 1001 Kieyf

530 1023 696 1062 Phemio
716 1022 946 1060 mandatum
966 1021 1019 1059 est
1037 1036 1046 1059 :
1070 1020 1283 1073 reperietur
1298 1039 1310 1066 ς
1344 1020 1463 1059 modo
1483 1020 1634 1073 aliquid
1655 1021 1726 1059 illo
1746 1019 1917 1073 'dignum

528 1097 656 1127 canat.
702 1087 933 1126 Parthicum
967 1086 1119 1125 bellum
1153 1086 1370 1139 impendet.
1417 1086 1564 1125 Cassius
1599 1086 1748 1140 ineptas
1784 1086 1916 1124 literas

527 1154 661 1194 mifit:
694 1168 765 1193 nec
799 1153 895 1192 dum
932 1152 1068 1191 Bibuli
1102 1162 1211 1191 erant
1239 1152 1390 1191 allatae:
1423 1152 1568 1205 quibus
1599 1153 1785 1198 recitatis,
1817 1161 1916 1205 puto

528 1219 627 1265 fore,
655 1229 700 1259 ut
719 1218 931 1272 aliquando
950 1227 1245 1257 commoveatur
1266 1218 1442 1257 Senatus.
1474 1217 1673 1271 Equidem
1695 1217 1779 1256 sum
1800 1218 1914 1270 mag-

528 1300 578 1325 na
597 1287 717 1325 animi
739 1285 1046 1339 perturbatione.
1093 1284 1147 1330 Si,
1179 1293 1224 1322 ut
1243 1293 1353 1337 opto,
1385 1297 1463 1322 non
1485 1293 1716 1337 prorogatur
1737 1283 1912 1322 nostrum

529 1353 749 1405 negotium,
780 1350 905 1390 habeo
925 1351 1093 1402 Junium
1113 1359 1152 1388 et
1173 1350 1399 1402 Qintilem
1426 1350 1467 1388 in
1490 1359 1612 1388 metu.
1659 1349 1780 1394 Esto;
1813 1349 1914 1387 duos

527 1418 689 1471 quidem
712 1417 860 1456 menses
881 1416 1084 1455 sustinebit
1105 1416 1300 1454 Bibulus:
1333 1415 1430 1467 quid
1461 1416 1530 1454 illo
1563 1415 1644 1461 fiet,
1674 1429 1793 1468 quem
1819 1415 1912 1453 reli-

528 1497 664 1538 quero,
696 1484 907 1537 praesertim
927 1483 953 1521 fi
981 1481 1141 1520 fratrem
1160 1483 1173 1520 ?
1204 1480 1302 1535 quid
1322 1495 1386 1519 me
1405 1490 1552 1526 autem,
1584 1481 1609 1519 fi
1633 1495 1711 1520 non
1733 1491 1812 1520 tam
1834 1481 1917 1519 cito

528 1550 674 1588 decedo
693 1551 705 1587 ?
737 1549 887 1601 Magna
916 1548 1030 1586 turba
1055 1547 1136 1586 est:
1168 1546 1269 1585 mihi
1292 1557 1421 1585 tamen
1443 1560 1536 1584 cum
1559 1547 1747 1598 Dejotaro
1767 1559 1914 1585 conve-

528 1616 604 1661 nit,
636 1624 681 1653 ut
700 1615 768 1654 ille
790 1616 829 1652 in
851 1614 948 1652 meis
970 1612 1099 1652 castris
1120 1611 1210 1651 effet
1231 1626 1324 1651 cum
1345 1612 1422 1650 suis
1443 1612 1568 1665 copiis
1589 1612 1791 1651 omnibus.
1826 1612 1914 1650 Ha-

529 1681 594 1719 bet
632 1689 762 1719 autem
801 1679 982 1718 cohortes
1021 1677 1363 1731 quadringenarias
1403 1676 1529 1715 nostra
1562 1686 1755 1716 armatura
1791 1690 1880 1715 xxx
1898 1696 1913 1722 ς

526 1747 709 1799 equitum
732 1759 805 1785 cm
831 1758 921 1784 cm.
956 1744 1045 1783 Erit
1064 1743 1111 1782 ad
1132 1743 1440 1788 sustentandum,
1462 1743 1591 1795 quoad
1612 1743 1823 1796 Pompeius
1845 1757 1913 1781 ve-

528 1812 638 1857 niat;
671 1811 740 1865 qui
760 1811 900 1856 literis,
922 1823 1018 1863 quas
1038 1809 1085 1848 ad
1105 1823 1168 1847 me
1189 1809 1329 1854 mittit,
1362 1808 1553 1860 fignificat
1574 1808 1686 1846 suum
1709 1809 1914 1861 negotium

528 1877 629 1915 illud
663 1876 760 1915 fore.
809 1877 1001 1915 Hiemant
1034 1875 1075 1913 in
1105 1873 1229 1913 nostra
1261 1874 1462 1926 provincia
1495 1873 1656 1912 Parthi:
1690 1875 1915 1927 expectatur

527 1942 608 1996 ipse
631 1942 797 1980 Orodes.
830 1941 939 1994 Qid
961 1941 1100 1994 quaeris
1121 1941 1133 1978 ?
1156 1939 1401 1992 aliquantum
1421 1938 1474 1977 est
1497 1939 1659 1991 negotii.
1696 1939 1757 1977 De
1779 1939 1914 1978 Bibuli

527 2008 655 2047 edicto
677 2007 778 2046 nihil
799 2007 922 2051 movi,
954 2015 1090 2058 praeter
1111 2005 1220 2043 illam
1242 2005 1531 2058 exceptionem,
1554 2005 1601 2043 de
1622 2019 1698 2058 qua
1719 2014 1761 2043 tu
1782 2004 1829 2042 ad
1850 2019 1914 2044 me

529 2073 743 2126 scripseras,
774 2072 875 2111 nimis
889 2071 1008 2124 gravi
1018 2069 1228 2124 prajudicio
1247 2069 1284 2109 in
1303 2069 1456 2109 ordinem
1477 2069 1641 2121 nostrum.
1676 2071 1763 2122 Ego
1784 2079 1914 2108 tamen

528 2139 654 2178 habeo
683 2131 924 2186 ῐπδυναιμᾶσαν,
952 2137 1015 2176 sed
1049 2137 1265 2181 tectiorem,
1296 2150 1343 2175 ex
1374 2136 1583 2188 QMucii
1616 2136 1660 2174 P.
1684 2135 1756 2174 filii
1787 2137 1915 2174 edicto

530 2206 715 2243 Asiatico.
761 2205 888 2242 Extra
907 2203 1059 2257 quamst
1084 2202 1139 2241 ita
1160 2201 1336 2254 negotium
1352 2201 1486 2255 gssum
1505 2201 1564 2254 ss,
1596 2210 1636 2239 ut
1666 2215 1702 2239 eo
1717 2201 1822 2253 stari
1847 2217 1914 2241 non

529 2279 705 2323 oporteat,
735 2268 862 2321 exfide
880 2268 999 2308 bona:
1031 2269 1235 2322 multaque
1268 2268 1351 2306 sum
1381 2268 1533 2306 secutus
1565 2267 1770 2313 Sc2rvolae;
1803 2268 1843 2306 in
1867 2268 1913 2306 iis

529 2336 644 2382 illud,
676 2336 716 2373 in
743 2349 824 2388 quo
852 2335 920 2374 fibi
951 2335 1172 2374 libertatem
1199 2334 1357 2373 censent
1384 2334 1514 2373 Graeci
1542 2334 1686 2378 datam,
1718 2344 1762 2372 ut
1784 2334 1914 2374 Graeci

530 2403 631 2442 inter
652 2402 687 2440 se
709 2401 926 2453 disceptent
947 2401 1023 2440 suis
1040 2401 1209 2454 legibus.
1244 2401 1362 2439 Breve
1378 2410 1508 2438 autem
1525 2400 1697 2438 edictum
1718 2400 1770 2438 est
1792 2414 1912 2453 prop-

529 2478 587 2506 ter
606 2467 706 2506 hanc
729 2480 855 2506 meam
875 2463 1027 2519 διαᾶςσσιν,
1048 2466 1155 2520 quod
1176 2467 1330 2505 duobus
1350 2466 1559 2519 generibus
1579 2465 1813 2504 edicendum
1836 2479 1912 2518 pu-

532 2534 635 2573 tavi:
668 2546 838 2587 quorum
860 2546 985 2573 unum
1006 2532 1058 2572 est
1079 2532 1332 2587 provinciale,
1365 2533 1404 2571 in
1434 2546 1513 2586 quo
1539 2532 1592 2572 est
1618 2531 1666 2570 de
1696 2531 1914 2571 rationibus
