2243 3008
888 246 1118 301 [1¹9]

551 501 1456 549 EPISTOLARUM

453 722 511 778 A
585 721 641 777 D
772 720 829 775 A
889 717 948 775 T
1018 685 1174 776 T⁴1
1251 721 1298 776 C
1372 721 1425 775 U
1502 721 1572 775 M

804 939 1081 978 LIBER
1166 939 1217 977 V.

660 1140 901 1178 CICERo
940 1141 1193 1178 ATT1co
1235 1140 1364 1178 SAL.

320 1271 353 1309 I.
497 1269 536 1307 G
555 1269 592 1307 O
622 1282 713 1307 vero
741 1277 780 1306 et
812 1277 927 1306 tuum
958 1267 999 1305 in
1031 1266 1192 1305 discessu
1220 1266 1300 1304 vidi
1328 1268 1520 1311 animum,
1553 1276 1591 1305 et
1616 1281 1704 1305 meo

511 1335 596 1373 sum
630 1334 710 1387 ipse
744 1333 876 1372 testis:
909 1347 989 1386 quo
1020 1333 1144 1385 magis
1179 1333 1253 1370 erit
1287 1333 1361 1370 tibi
1396 1333 1625 1377 videndum,
1657 1346 1705 1370 ne

322 1401 420 1454 quid
440 1402 530 1440 novi
551 1401 807 1445 decernatur3
840 1410 884 1438 ut
914 1399 992 1438 hoc
1019 1399 1194 1437 nostrum
1222 1399 1452 1437 defiderium
1481 1413 1528 1436 ne
1552 1399 1640 1451 plus
1662 1399 1708 1436 fit

321 1481 511 1506 annuum.
557 1467 621 1506 De
651 1466 787 1505 Annio
819 1465 1028 1503 Saturnino
1059 1464 1198 1502 curasti
1229 1464 1363 1516 probe.
1410 1465 1472 1502 De
1493 1463 1708 1502 satisdando

321 1546 413 1570 vero
434 1542 470 1570 te
491 1546 601 1584 rogo,
633 1531 760 1584 quoad
789 1532 863 1569 eris
894 1532 1048 1575 Romae,
1080 1539 1121 1568 tu
1155 1539 1199 1568 ut
1230 1530 1412 1568 satisdes:
1445 1540 1483 1567 et
1516 1530 1603 1567 sunt
1633 1529 1706 1566 ali-

320 1606 419 1650 quot
440 1597 701 1635 satisdationes
723 1596 937 1634 secundum
965 1595 1224 1647 mancipium,
1257 1595 1297 1632 in
1327 1595 1388 1632 his
1419 1604 1457 1632 et
1489 1594 1706 1632 Memmia-

322 1676 464 1701 norum
498 1661 748 1715 praediorum,
784 1661 844 1699 vel
880 1660 1162 1698 Atilianorum.
1210 1661 1272 1698 De
1308 1661 1442 1712 Oppio
1472 1659 1620 1697 faetum
1654 1659 1708 1697 est

323 1738 367 1766 ut
388 1728 511 1773 volui,
541 1737 579 1766 et
599 1728 770 1765 maxime
794 1726 901 1779 quod
935 1738 1051 1764 Dece
1085 1725 1293 1778 aperuisti:
1326 1739 1412 1777 quae
1442 1725 1603 1776 quidem
1635 1738 1709 1776 ego

323 1794 462 1845 utique
491 1792 552 1830 vel
583 1792 734 1829 versura
762 1790 863 1829 faeta
891 1790 986 1829 solvi
1017 1790 1135 1835 volo;
1168 1804 1215 1828 ne
1246 1800 1420 1828 extrema
1448 1790 1596 1827 exaffio
1618 1788 1708 1826 nos-

324 1869 474 1897 trorum
496 1858 705 1896 nominum
725 1859 964 1909 expectetur.
1012 1856 1134 1894 Nunc
1164 1856 1278 1893 venio
1307 1855 1354 1892 ad
1375 1855 1630 1893 transversum
1657 1855 1708 1892 il-

324 1925 409 1962 lum
430 1933 612 1962 extremae
633 1922 803 1975 epistolae
825 1931 900 1960 tuae
919 1921 1167 1965 versiculum,
1199 1921 1238 1958 in
1261 1934 1341 1972 quo
1362 1934 1425 1958 me
1451 1920 1636 1958 admones
1664 1920 1710 1957 de

326 1990 451 2028 sorore
470 2005 478 2028 ε
512 2002 598 2042 quae
620 2002 676 2027 res
699 1988 734 2026 se
755 1988 804 2026 fic
826 1987 957 2026 habet.
1000 1988 1057 2025 Ut
1078 1987 1167 2025 veni
1189 1987 1228 2024 in
1251 1987 1434 2039 Arpinas,
1467 2001 1558 2024 cum
1580 1985 1627 2023 ad
1647 1999 1710 2024 me

325 2054 443 2093 frater
463 2054 636 2099 veniffet,
654 2055 694 2092 in
716 2054 854 2106 primis
876 2053 990 2091 nobis
1012 2052 1150 2097 sermo,
1169 2052 1277 2105 isque
1299 2052 1464 2097 multus,
1482 2051 1528 2089 de
1550 2061 1586 2089 te
1606 2050 1706 2089 fuit:

326 2134 373 2158 ex
394 2133 474 2172 quo
493 2133 566 2171 ego
586 2119 675 2157 veni
695 2118 743 2157 ad
763 2132 818 2163 ea,
850 2132 936 2170 quae
963 2116 1160 2156 fueramus
1190 2131 1264 2169 ego
1292 2126 1330 2155 et
1362 2127 1403 2155 tu
1433 2118 1535 2154 inter
1564 2129 1633 2153 nos
1664 2115 1710 2153 de

327 2186 452 2223 sorore
476 2185 516 2222 in
543 2184 770 2222 Tusculano
798 2184 937 2222 locuti.
985 2182 1103 2221 Nihil
1134 2192 1214 2220 tam
1246 2182 1326 2220 vidi
1357 2182 1468 2226 mite,
1501 2181 1602 2218 nihil
1631 2189 1711 2218 tam

327 2249 539 2302 placatum,
571 2263 690 2302 quam
718 2258 804 2288 tum
832 2261 941 2287 meus
968 2247 1086 2286 frater
1117 2257 1196 2286 erat
1229 2248 1269 2285 in
1301 2247 1469 2285 sororem
1499 2255 1634 2290 tuam;
1667 2255 1712 2283 ut

328 2315 461 2359 etiam,
492 2315 518 2352 fi
539 2328 616 2367 qua
634 2314 760 2353 fuerat
779 2329 827 2352 ex
849 2315 997 2352 ratione
1016 2313 1171 2365 sumpta
1190 2312 1365 2357 offensio,
1397 2325 1475 2350 non
1496 2321 1709 2364 appareret.

329 2379 406 2417 1110
426 2380 476 2417 fic
497 2380 573 2418 die.
606 2380 795 2419 Postridie
814 2394 862 2419 ex
886 2380 1066 2432 Arpinati
1087 2378 1253 2433 profecti
1273 2379 1421 2417 sumus.
1446 2379 1503 2416 Ut
1524 2379 1564 2415 in
1586 2379 1710 2415 Arca-

328 2458 381 2483 no
402 2444 578 2496 Qintus
609 2456 796 2491 maneret,
827 2446 908 2484 dies
935 2445 1060 2484 fecit:
1092 2459 1165 2498 ego
1194 2445 1362 2498 Aquini,
1394 2443 1457 2482 sed
1484 2443 1711 2496 prandimus

327 2510 370 2548 in
390 2511 571 2549 Arcano:
593 2509 694 2549 nosti
711 2510 819 2550 hunc
840 2510 1011 2550 fundum
1023 2529 1035 2557 3
1058 2525 1138 2564 quo
1159 2520 1202 2550 ut
1223 2511 1417 2555 venimus,
1438 2507 1712 2547 humaniffime
