2243 3008
607 272 715 311 AD
772 270 1206 310 ATTICUM
1274 272 1417 313 LIB.
1467 275 1562 315 XV.
1701 292 1784 331 4²9

386 371 476 409 sunt
496 370 645 408 inclusa
664 368 879 414 medulli85
911 369 956 407 fit
978 369 1112 415 modo,
1143 378 1188 407 ut
1209 369 1360 415 scribis,
1391 371 1502 411 locus
1524 374 1678 427 agendi.
1716 376 1781 415 De

385 437 561 474 oratione
582 436 695 474 Bruti
715 434 869 487 prorsus
892 435 1114 481 contendis,
1145 448 1239 473 cum
1260 436 1405 474 iterum
1428 446 1506 475 tam
1527 441 1665 479 multis
1687 455 1775 480 ver-

385 501 445 540 bis
467 503 563 554 agis.
596 503 735 553 Egone
756 510 800 538 ut
820 514 905 539 eam
926 502 1094 547 causam,
1115 515 1235 554 quam
1256 503 1289 540 is
1311 501 1460 555 scripsit
1479 504 1492 540 ?
1515 518 1587 556 ego
1608 507 1776 546 scribam

384 581 465 606 non
499 576 656 620 rogatus
692 567 739 604 ab
775 568 852 605 eo?
884 568 993 606 nulla
1021 562 1267 621 wageyzeigemf
1294 567 1378 606 fieri
1407 569 1533 621 potest
1562 581 1772 611 contume-

383 633 529 671 liofior.
576 634 646 677 At,
678 633 826 685 inquis,
857 626 1067 682 ‘Hpoexna‘d‘aov
1095 632 1270 684 aliquod.
1318 634 1415 672 Non
1446 635 1580 673 recuso
1608 636 1647 674 id
1678 639 1771 690 qui-

382 698 502 744 den1;
545 698 608 736 sed
646 707 686 736 et
719 697 1042 751 componendum
1075 708 1354 750 argumentum
1388 699 1456 745 est,
1501 710 1540 739 et
1578 701 1773 743 scribendi

381 763 667 817 expetstandum
700 773 857 816 tempus
889 764 1096 801 maturius.
1143 764 1258 803 Licet
1278 765 1386 802 enim
1407 765 1454 803 de
1474 779 1552 812 me,
1584 776 1629 805 ut
1656 768 1771 814 libet,

381 829 578 867 existimes
603 828 741 881 (velim
761 828 924 881 quidem
944 841 1065 880 quam
1084 828 1252 881 optime)
1276 829 1299 867 fi
1328 828 1413 868 haec
1441 830 1496 868 ita
1521 842 1696 878 manent,
1727 842 1775 872 ut

382 894 567 932 videntur
602 893 719 946 (feres
752 894 859 946 quod
891 893 1044 944 dicam).
1074 907 1137 932 me
1169 894 1262 932 Idus
1284 895 1441 934 Martiae
1462 910 1540 934 non
1561 897 1770 938 delectant.

383 960 456 998 Ille
476 961 582 998 enim
606 974 809 1013 nunquam
830 959 1040 998 revertiffet
1058 974 1066 998 z
1101 973 1170 998 nos
1197 961 1318 999 timor
1337 961 1569 1001 confirmare
1588 964 1671 1016 ejus
1692 966 1773 1003 afta

381 1040 462 1064 non
494 1026 703 1079 coegisset:
737 1036 803 1065 a-ut
839 1028 901 1079 (ut
930 1027 971 1064 in
994 1026 1137 1064 Saufeii
1159 1040 1258 1072 eam,
1290 1028 1591 1082 relinquamque
1612 1031 1773 1069 Tuscu-

380 1092 486 1130 lanas
507 1092 804 1145 disputationes,
835 1092 883 1130 ad
912 1105 1006 1144 quas
1039 1101 1080 1130 tu
1111 1094 1230 1131 etiam
1257 1093 1480 1132 Vestorium
1509 1094 1696 1146 hortaris)
1718 1097 1774 1135 ita

380 1158 534 1210 gratiosi
557 1171 710 1196 eramus
729 1158 831 1211 apud
861 1158 993 1203 illum,
1025 1171 1145 1210 quern
1177 1158 1232 1195 dii
1264 1168 1468 1198 mortuum
1496 1160 1695 1213 perduint,
1727 1171 1773 1201 ut

379 1223 517 1261 nostrae
537 1223 653 1268 aetati‚
671 1224 858 1275 quoniam
879 1222 1086 1261 interfecto
1106 1223 1269 1262 domino
1289 1224 1404 1262 liberi
1426 1239 1504 1263 non
1526 1226 1674 1272 sumus,
1692 1240 1774 1265 non

379 1287 501 1326 fuerit
521 1288 706 1326 dominus
734 1289 802 1327 ille
828 1288 1056 1341 fugiend-us.
1103 1289 1260 1335 Rubeo,
1292 1290 1394 1329 mihi
1425 1291 1564 1329 crede:
1598 1291 1660 1330 sed
1686 1293 1773 1344 jam

379 1354 604 1408 scripseram
619 1373 632 1399 ς
665 1354 792 1392 delere
813 1355 938 1393 nolui.
980 1356 1043 1393 De
1063 1355 1318 1401 Menedemo,
1350 1357 1493 1395 vellem
1513 1371 1648 1395 verum
1670 1357 1771 1396 fuis-

379 1419 449 1458 set.
496 1421 559 1458 De
586 1420 733 1472 regina,
767 1421 889 1459 velim
911 1434 1047 1458 verum
1069 1420 1128 1459 fit.
1176 1422 1324 1459 Caetera
1344 1435 1492 1468 coram,
1522 1432 1561 1460 et
1582 1424 1769 1469 maxime,

379 1485 476 1536 quid
498 1485 636 1523 nostris
656 1485 882 1524 faciendum
904 1486 976 1530 fit;
1009 1486 1106 1538 quid
1127 1486 1245 1524 etiam
1266 1487 1397 1532 nobis,
1420 1487 1445 1526 fi
1468 1489 1668 1527 Antonius
1689 1490 1771 1527 mi-

378 1550 518 1588 litibus
540 1550 754 1588 obsessurus
777 1551 830 1588 est
851 1552 1052 1588 Senatum.
1098 1551 1215 1589 Hanc
1236 1552 1439 1603 epistolam
1460 1553 1486 1590 fi
1511 1554 1620 1592 illius
1643 1555 1770 1593 tabel-

379 1617 475 1654 lario
505 1616 704 1661 dedissem,
737 1617 882 1654 veritus
918 1617 1018 1661 sum,
1051 1630 1099 1654 ne
1133 1616 1323 1656 solveret:
1356 1618 1491 1671 itaque
1517 1619 1603 1657 mifi
1639 1620 1773 1659 dedita,

376 1696 517 1736 opera;
540 1691 620 1721 erat
640 1683 747 1721 enim
768 1682 1059 1720 rescribendum
1082 1683 1175 1721 tuis.
1208 1684 1341 1735 Qam
1361 1684 1519 1729 vellem,
1542 1685 1665 1724 Bruto
1685 1686 1768 1724 stu·

378 1749 490 1787 dium
513 1758 628 1787 tuum
655 1761 791 1787 navare
821 1749 1032 1801 potuisses!
1065 1763 1138 1801 ego
1170 1749 1293 1802 igitur
1323 1750 1370 1787 ad
1401 1764 1493 1788 eum
1524 1750 1670 1790 literas.
1702 1751 1769 1790 Ad

378 1815 631 1854 Dolabellam
652 1815 846 1853 Tironem
867 1815 951 1853 mifi
973 1828 1066 1853 cum
1087 1815 1279 1853 mandatis
1299 1825 1338 1853 et
1358 1816 1481 1854 literis
1500 1831 1510 1854 ε
1541 1830 1633 1855 eum
1654 1817 1700 1855 ad
1730 1827 1768 1855 te

377 1881 564 1926 vocabis;
597 1890 649 1926 et,
682 1881 708 1918 fi
730 1881 826 1933 quid
846 1880 1024 1926 habebis,
1055 1881 1163 1933 quod
1184 1881 1349 1934 placeat,
1381 1881 1538 1921 scribes.
1571 1884 1676 1921 Ecce
1696 1896 1766 1921 au-

376 1957 459 1986 tem
481 1947 528 1986 de
549 1947 715 1985 traverso
736 1948 785 1986 L.
811 1947 949 1992 Caesar,
981 1957 1025 1985 ut
1045 1948 1198 1986 veniam
1219 1948 1265 1985 ad
1287 1947 1336 1993 se,
1369 1958 1494 2001 rogat,
1525 1949 1564 1986 in
1587 1949 1741 1987 Nemus
1751 1967 1768 1994 ;-

377 2023 443 2053 aut
475 2013 658 2059 scribam,
689 2027 769 2066 quo
801 2013 838 2051 se
867 2014 998 2051 venire
1027 2014 1174 2052 velim:
1208 2015 1332 2052 Bruto
1359 2015 1467 2052 enim
1493 2015 1658 2067 placere,
1690 2015 1726 2053 se
1745 2029 1772 2053 a·

377 2091 441 2116 me
472 2079 688 2118 conveniri.
737 2080 774 2118 O
807 2092 889 2117 rem
920 2079 1092 2117 odiosam
1124 2088 1163 2117 et
1194 2080 1544 2132 inexplicabilem!
1576 2090 1674 2133 puto
1700 2094 1769 2118 me

376 2157 469 2196 ergo
489 2144 655 2189 iturum,
687 2152 725 2181 et
757 2144 848 2181 inde
869 2145 1068 2190 Romam3
1101 2144 1171 2182 nis1
1192 2144 1290 2197 quid
1310 2154 1479 2184 mutaro.
1526 2146 1767 2183 Summatim

376 2210 504 2248 adhuc
525 2210 571 2248 ad
594 2220 657 2256 te,
691 2209 793 2248 nihil
823 2209 919 2248 dum
949 2211 1056 2248 enim
1086 2224 1106 2248 a
1136 2210 1286 2248 Balbo:
1321 2220 1404 2250 tuas
1435 2211 1558 2264 igitur
1584 2212 1772 2264 expedtoffi

365 2288 447 2319 pec
467 2277 642 2315 aetorum
663 2275 806 2322 solum,
836 2275 900 2314 sed
919 2276 1038 2316 etiam
1058 2274 1300 2315 futurorum.
