2243 3008
494 296 1087 336 AD‘AT-TICUM
1144 297 1285 336 LIB.
1334 297 1447 337 XVI.
1583 314 1663 354 475

284 395 496 449 praesertim
516 409 624 441 curn,
655 394 732 433 hoc
752 407 891 446 genere
911 393 1186 446 cognitionum
1208 393 1450 440 labefactam,
1472 398 1553 434 acta
1574 398 1662 434 Cae-

286 460 376 499 saris
396 462 436 499 in
458 461 627 499 dubium
647 469 808 498 ventura
828 459 1059 503 videantur3
1082 472 1168 511 quae
1189 471 1267 497 non
1288 459 1407 497 modo
1427 460 1470 503 ii,
1493 475 1663 512 quorum

286 525 456 570 interest,
490 525 552 563 sed
573 525 692 564 etiam
713 526 756 570 ii,
792 525 862 577 qui
889 525 956 563 illa
977 538 1054 563 non
1076 524 1258 577 probant,
1294 525 1366 562 otii
1387 525 1496 562 causa
1516 527 1662 564 confir-

284 602 390 628 mare
410 590 544 628 velint.
588 589 708 641 Qud
730 603 824 628 cum
843 589 897 627 ita
918 590 977 634 fit,
997 599 1127 628 tamen
1148 589 1305 627 interest
1325 589 1451 627 nostra
1472 589 1663 629 Plancum

284 652 359 692 hoc
381 655 516 693 animo
534 655 676 693 libenti
698 655 932 707 prolixoque
951 653 1077 693 facere
1096 670 1104 694 :
1138 653 1243 706 quod
1276 663 1379 692 certe
1410 653 1542 698 faciet,
1573 655 1599 692 fi
1622 664 1665 693 tu

285 719 467 758 nervulos
490 730 592 765 tuos,
623 720 725 760 mihi
755 721 851 775 saepe
871 721 1067 772 cognitos,
1099 719 1418 772 suavitatemque,
1454 732 1531 771 qua
1550 732 1667 758 nemo

286 785 360 824 tibi
381 799 448 837 par
468 787 535 831 est,
566 785 805 826 adhibueris.
839 786 959 838 Qod
981 795 1024 825 ut
1043 786 1177 831 facias,
1209 794 1246 825 te
1267 786 1516 825 vehementer
1536 798 1646 838 rogo.

562 987 804 1024 C1cnRo
845 987 894 1025 C.
936 986 1309 1024 CUPIENNIO
1352 987 1390 1023 S.

287 1109 342 1182 P
358 1112 445 1149 AT
460 1112 496 1148 R
511 1112 543 1149 E
560 1112 608 1150 M
639 1122 753 1152 tuum
774 1113 937 1166 plurimi
958 1111 1064 1158 feci;
1097 1126 1238 1165 meque
1261 1113 1327 1151 ille
1350 1113 1516 1151 mirifice
1536 1122 1574 1151 et
1596 1127 1664 1151 co-

366 1176 441 1213 luit
462 1186 499 1213 et
520 1178 690 1220 amavit3
723 1191 794 1215 nec
816 1177 1040 1215 mehercule
1065 1190 1239 1229 unquam
1262 1177 1363 1214 mihi
1385 1177 1552 1215 dubium
1573 1178 1665 1222 fuit,

285 1241 383 1293 quin
405 1253 424 1278 a
446 1249 482 1278 te
503 1241 696 1293 diligerer.
735 1243 822 1294 Ego
845 1242 1003 1293 quidem
1026 1242 1065 1279 id
1087 1241 1209 1280 facere
1231 1255 1308 1279 non
1331 1241 1471 1280 destiti.
1510 1242 1665 1292 Qam-

285 1306 422 1343 obrem
442 1314 534 1357 peto
555 1319 574 1344 a
595 1316 631 1344 te
652 1307 692 1345 in
715 1308 903 1358 majorem
926 1307 1105 1352 modum,
1128 1315 1171 1345 ut
1193 1307 1392 1345 civitatem
1415 1305 1667 1347 Buthrotiam

285 1370 477 1415 subleves,
509 1371 790 1425 decretumque
812 1373 1047 1416 Consulum,
1079 1372 1186 1425 quod
1208 1373 1237 1409 ii
1259 1372 1473 1414 secundum
1494 1371 1667 1410 Buthro-

286 1436 360 1474 tios
382 1435 574 1481 fecerunt,
605 1450 698 1475 cum
719 1447 757 1475 et
777 1438 863 1489 lege
883 1448 921 1476 et
938 1438 1303 1476 ,senatus-consulto
1323 1437 1514 1475 statuendi
1538 1437 1669 1490 potes·

286 1509 408 1539 tatem
428 1500 631 1546 haberent,
662 1502 727 1540 des
749 1516 922 1555 operam,
961 1513 1004 1542 ut
1031 1504 1199 1542 Plancus
1221 1503 1347 1541 noster
1373 1503 1670 1555 quamprimum

286 1565 495 1604 confirmet
525 1575 563 1604 et
592 1568 837 1620 comprobet.
888 1570 982 1607 Hoc
1009 1577 1047 1606 te
1076 1568 1340 1613 vehementer,
1373 1569 1429 1606 mi
1450 1567 1666 1620 Cupienni,

286 1630 404 1669 etiam
424 1640 540 1684 atque
560 1632 677 1670 etiam
699 1646 808 1685 rogo.

481 1831 715 1870 Crczsso
754 1832 998 1870 PLANCO
1041 1833 1228 1871 PRAET.
1272 1834 1397 1871 DEs.
1437 1833 1474 1870 S.

290 1956 379 2029 IG
395 1957 436 1996 N
452 1959 488 1996 O
504 1959 525 1996 S
541 1960 574 1997 C
589 1960 622 1998 E
653 1959 770 2005 mihi,
803 1961 911 2013 quod
944 1974 1037 2000 cum
1068 1970 1180 2000 antea
1209 1960 1488 1999 accuratiffime
1519 1959 1565 1998 de
1587 1961 1668 1998 Bu-

368 2023 526 2063 throtiis
548 2026 594 2063 ad
617 2035 653 2063 te
674 2026 906 2079 scripserim,
929 2027 1064 2065 eadem
1081 2026 1128 2064 de
1149 2040 1187 2064 re
1204 2026 1338 2078 saepius
1355 2026 1532 2064 scribam.
1575 2026 1671 2064 Non

288 2088 526 2134 mehercule,
559 2091 615 2128 mi
637 2092 794 2137 Plance,
818 2091 935 2137 facio,
961 2105 1041 2144 quo
1061 2105 1199 2144 parum
1221 2091 1417 2130 confidam
1439 2101 1503 2130 aut
1526 2091 1670 2129 libera-

287 2154 391 2192 litati
413 2163 502 2199 tuae,
522 2165 587 2193 aut
608 2156 742 2194 nostrae
765 2158 970 2202 amicitiae3
994 2157 1056 2195 sed
1077 2171 1169 2195 cum
1193 2167 1298 2194 tanta
1318 2170 1375 2195 res
1393 2167 1526 2208 agatur
1542 2156 1670 2193 Attici

289 2218 423 2263 nostri,
456 2233 560 2258 nunc
582 2234 671 2259 vero
691 2221 807 2259 etiam
829 2223 1078 2267 existimatio,
1103 2232 1145 2259 ut
1167 2222 1221 2266 id,
1252 2221 1356 2273 quod
1379 2221 1558 2273 probavit
1580 2221 1668 2258 Cae-

290 2283 359 2328 sar,
391 2284 504 2322 nobis
526 2285 686 2324 testibus
708 2296 746 2324 et
767 2287 1095 2340 obfignatoribuS,
1118 2287 1186 2338 qui
1207 2296 1244 2323 et
1267 2286 1430 2324 decretis
1452 2296 1489 2324 et
1512 2285 1666 2337 respon-

290 2349 336 2387 sis
358 2349 515 2388 Caesaris
538 2351 853 2399 interfueramus,
867 2354 1042 2392 videatur
1062 2354 1239 2391 obtinere
1261 2352 1438 2403 potuiffe,
1458 2351 1670 2404 praesertim

289 2427 383 2452 cum
405 2423 485 2452 tota
505 2417 669 2468 potestas
691 2419 774 2469 ejus
796 2421 850 2457 rei
873 2430 937 2457 tua
958 2419 1017 2463 fit,
1055 2427 1098 2457 ut
1130 2431 1186 2462 ea,
1218 2431 1303 2469 quae
1325 2418 1514 2455 Consules
1537 2418 1671 2455 decre-

289 2489 430 2517 verunt
452 2480 666 2519 secundum
688 2483 845 2521 Caesaris
868 2484 1019 2522 decreta
1039 2493 1077 2523 et
1097 2483 1286 2535 responsa,
1309 2496 1387 2520 non
1409 2483 1536 2520 dicam
1558 2496 1669 2519 corn-

289 2544 448 2597 probes,
480 2545 543 2584 sed
564 2546 728 2586 studiose
750 2548 997 2602 libenterque
1016 2548 1263 2602 comprobes.
1312 2547 1357 2584 Id
1389 2547 1490 2585 mihi
1521 2547 1571 2584 fic
1599 2547 1673 2585 erit

1175 2613 1212 2651 Ο
1242 2625 1266 2651 0
1295 2625 1318 2651 0
1349 2625 1370 2651 2
