2243 3008
546 273 654 313 AD
714 269 1146 311 ATTICUM
1214 272 1355 313 LIB.
1407 276 1480 314 IV.
1659 292 1709 331 93

322 371 657 429 quemadmodum
679 371 812 416 fracta,
844 370 1032 423 diffipata‚
1055 370 1206 423 direpta
1226 371 1286 417 sit,
1309 385 1388 411 non
1409 375 1578 426 ignoras,
1600 376 1712 414 valde

323 442 544 479 laboramus
561 457 573 483 ;
606 429 842 489 tuarumque
862 448 941 474 non
964 446 1044 474 tam
1066 435 1316 482 facultatum,
1348 452 1443 490 quas
1471 454 1545 492 ego
1566 441 1710 481 nostras

324 505 397 544 esse
422 504 576 557 judico.
607 516 727 556 quam
759 501 1012 540 consiliorum
1033 502 1081 539 ad
1104 501 1344 555 colligendas
1364 513 1403 542 et
1423 506 1711 546 constituendae

322 570 507 623 reliquias
528 568 688 613 nostras,
719 567 958 620 indigemus.
991 567 1130 613 Nunc,
1152 569 1219 606 etsi
1240 569 1374 607 omnia
1393 579 1459 608 aut
1480 571 1621 624 scripta
1641 573 1712 611 esse

321 649 343 674 a
364 637 442 675 tuis
463 635 644 680 arbitror,
675 643 742 672 aut
762 635 881 672 etiam
901 632 1052 671 nuntiis
1073 647 1117 671 ac
1139 647 1295 672 rumore
1316 636 1476 688 perlata,
1509 646 1637 676 tamen
1671 651 1714 676 ea

323 701 534 740 inscribam
555 700 679 745 brevi,
709 712 796 752 quae
827 708 865 737 te
893 708 994 751 puto
1026 699 1269 751 potiffimum
1295 715 1343 739 ex
1363 701 1461 740 meis
1483 703 1606 741 literis
1627 705 1711 742 vel·

322 768 359 806 le
389 765 637 820 cognoscere.
684 763 815 803 Pridie
845 765 981 803 Nonas
1003 765 1109 803 Sext.
1135 765 1356 817 Dyrrachio
1378 767 1463 805 sum
1496 768 1709 821 profectus,

322 833 406 886 ipso
426 833 497 870 illo
517 831 595 876 die,
612 842 691 883 quo
711 830 775 868 lex
795 829 848 868 est
868 830 945 867 lata
959 829 1007 867 de
1027 830 1157 869 nobis.
1190 831 1453 871 Brundusium
1472 834 1559 871 veni
1581 833 1712 872 Nonis

323 900 430 937 Sext.
475 897 537 936 Ibi
569 896 671 935 mihi
693 895 872 934 Tulliola
904 908 989 934 mea
1018 895 1098 934 fuit
1118 896 1269 949 praesto,
1301 899 1420 936 natali
1442 899 1509 937 suo
1530 900 1613 952 ipso
1633 900 1710 946 die,

323 964 394 1016 qui
428 963 516 1001 casu
549 962 656 1000 idem
690 962 829 999 natalis
863 970 944 998 erat
977 970 1015 998 et
1051 962 1304 1001 Brundufinae
1337 964 1518 1009 coloniae,
1563 973 1602 1002 et
1637 975 1712 1003 tuae

322 1030 462 1067 vicinae
497 1028 667 1066 Salutis:
700 1041 786 1080 quae
821 1040 880 1064 res
911 1027 1173 1065 animadversa
1204 1042 1225 1065 a
1255 1028 1530 1075 multitudine,
1561 1031 1715 1069 summa

323 1093 662 1133 Brundufinorum
682 1093 945 1144 gratulatione
966 1092 1158 1130 celebrata
1178 1093 1245 1132 est.
1292 1095 1399 1132 Ante
1425 1095 1531 1133 diem
1554 1109 1615 1134 v1.
1649 1096 1710 1135 Id.

324 1161 430 1198 Sext.
454 1158 638 1211 cognovi,
656 1171 750 1195 cum
771 1157 980 1195 Brundusii
1001 1157 1131 1203 effem,
1154 1158 1278 1196 literis
1300 1160 1445 1210 Qinti
1466 1160 1611 1207 fratris,
1633 1162 1712 1199 mi-

322 1225 434 1263 rifico
454 1224 582 1262 studio
602 1223 785 1261 omnium
806 1231 976 1261 aetatumv
992 1232 1110 1275 atque
1135 1223 1337 1270 ordinum,
1368 1226 1593 1264 incredibili
1614 1240 1712 1265 con-

321 1291 437 1330 cursu
469 1289 606 1335 Italiae,
638 1289 768 1342 legem
799 1288 974 1327 comitiis
1006 1288 1234 1328 centuriatis
1263 1291 1335 1328 effe
1366 1292 1569 1344 perlatam.
1617 1293 1715 1331 Inde

321 1371 344 1396 a
363 1355 619 1395 Brundufinis
645 1354 920 1393 honestiffimis
948 1364 1126 1401 ornatuS,
1158 1356 1232 1394 iter
1260 1357 1314 1395 ita
1342 1356 1435 1402 feci,
1468 1367 1511 1396 ut
1538 1359 1715 1412 undique

321 1423 369 1461 ad
389 1435 452 1460 me
471 1434 565 1460 cum
586 1421 849 1474 gratulatione
868 1421 987 1474 legati
1008 1423 1278 1461 convenerint.
1325 1423 1389 1460 Ad
1411 1423 1550 1462 urbem
1573 1424 1627 1462 ita
1647 1438 1715 1463 ve-

322 1490 380 1535 ni,
411 1498 457 1527 ut
488 1501 606 1526 nemo
626 1487 748 1526 ullius
780 1487 928 1526 ordinis
960 1486 1085 1526 homo
1115 1488 1402 1527 nomenclatori
1430 1500 1547 1529 notus
1577 1490 1713 1536 fuerit,

322 1555 393 1606 qui
427 1553 530 1592 mihi
563 1553 722 1592 obviam
754 1566 834 1591 non
865 1554 1030 1598 venerit,
1067 1563 1207 1606 praeter
1237 1567 1302 1593 eos
1334 1555 1536 1602 inimicos,
1567 1557 1713 1609 quibus

322 1620 363 1658 id
394 1619 524 1672 ipsum
556 1633 635 1657 non
669 1619 806 1657 liceret
836 1628 903 1657 aut
933 1619 1185 1666 diflimuIare,
1216 1630 1284 1659 aut
1312 1635 1464 1674 negare.
1510 1624 1616 1661 Cum
1645 1633 1713 1661 ve-

323 1684 461 1723 niffem
482 1683 528 1722 ad
548 1693 702 1736 portam
725 1685 940 1736 Capenam,
971 1684 1112 1736 gradus
1135 1685 1377 1738 templorum
1398 1687 1446 1724 ab
1467 1687 1604 1725 infima
1627 1688 1715 1740 ple-

324 1751 372 1788 be
391 1750 583 1803 completi
603 1759 737 1795 erant;
769 1763 790 1787 a
809 1764 886 1803 qua
905 1749 1041 1803 plausu
1063 1751 1239 1789 maximo
1259 1766 1352 1789 cum
1373 1752 1463 1790 esset
1493 1753 1595 1791 mihi
1624 1761 1713 1806 gra—

323 1816 466 1855 tulatio
495 1815 723 1868 significata,
755 1815 892 1853 fimilis
925 1824 963 1853 et
998 1813 1219 1867 frequentia
1247 1827 1286 1855 et
1315 1818 1470 1869 plausus
1500 1832 1565 1856 me
1595 1820 1716 1872 usque

323 1881 371 1920 ad
406 1881 654 1934 Capitolium
685 1881 897 1919 celebravit
914 1899 924 1926 ;
958 1881 999 1918 in
1032 1880 1212 1933 foroque,
1244 1891 1283 1920 et
1312 1883 1353 1920 in
1383 1883 1467 1935 ipso
1498 1885 1714 1937 Capitolio,

325 1947 503 1986 miranda
535 1947 755 1985 multitudo
789 1946 881 1984 fuit.
934 1946 1123 1984 Postridie
1157 1948 1197 1984 in
1235 1948 1390 1993 Senatu,
1427 1950 1495 2001 qui
1526 1950 1604 1988 fuit
1633 1950 1715 1989 dies

325 2014 437 2052 Non.
462 2012 718 2066 Septembris,
745 2013 902 2050 Senatui
923 2012 1063 2064 gratias
1085 2013 1254 2064 egimus.
1289 2015 1349 2052 Eo
1371 2014 1492 2052 biduo
1513 2028 1606 2053 cum
1626 2015 1717 2054 effet

324 2092 488 2118 annonae
509 2079 662 2117 summa
681 2079 834 2124 caritas,
856 2088 895 2116 et
915 2077 1097 2116 homines
1118 2078 1164 2116 ad
1186 2078 1383 2118 theatrum
1405 2081 1549 2133 primo,
1578 2080 1718 2119 deinde

325 2145 372 2183 ad
407 2146 608 2190 Senatum,
639 2144 921 2182 concurriffent
956 2144 1129 2196 impulsu
1166 2145 1328 2190 Clodii,
1361 2158 1446 2183 mea
1479 2159 1595 2198 opera
1629 2145 1715 2183 fru-

327 2211 453 2248 menti
473 2210 648 2262 inopiam
675 2209 747 2247 effe
777 2209 1018 2254 clamarent,
1050 2221 1143 2247 curn
1173 2222 1242 2262 per
1271 2223 1334 2247 eos
1365 2210 1446 2248 dies
1478 2211 1638 2248 Senatus
1669 2210 1716 2249 de

328 2289 479 2313 annona
508 2275 744 2320 haberetur;
776 2285 815 2313 et
841 2275 887 2313 ad
915 2276 998 2327 ejus
1019 2264 1335 2328 procurationem
1357 2276 1531 2314 sermone
1553 2290 1630 2314 non
1653 2276 1714 2314 so-

328 2341 412 2378 lum
435 2341 575 2393 plebis,
607 2355 742 2379 verum
763 2333 882 2379 etiam
903 2340 1114 2386 bonosum,
1148 2342 1359 2393 Pompeius
1389 2353 1618 2387 vocaretur3
1652 2343 1714 2379 id-

328 2419 404 2457 que
436 2406 515 2457 ipse
541 2417 728 2459 cuperet;
761 2407 1058 2460 multitudoque
1090 2420 1112 2444 a
1143 2421 1205 2444 me
1239 2409 1473 2446 nominatim
1498 2418 1541 2446 ut
1574 2408 1613 2445 id
1645 2407 1713 2444 de-

329 2484 526 2508 cernerem
558 2471 796 2522 postularet,
827 2472 920 2517 feci,
952 2482 990 2510 et
1021 2482 1199 2510 accurate
1230 2473 1462 2511 sententiam
1494 2473 1591 2517 dixi,
1623 2485 1714 2509 cum

329 2535 497 2574 abessent
526 2534 772 2580 Consulares,
803 2537 910 2589 quod
943 2546 1030 2575 tuto
1065 2538 1102 2576 se
1133 2547 1318 2590 negarent
1349 2537 1453 2590 poffe
1486 2537 1718 2575 sententiam
