2243 3008
477 301 584 340 AD
642 299 1073 340 ATTICUM
1143 300 1387 342 LIB.X.
1544 305 1623 356 269

242 400 349 438 nulla
369 399 428 438 fit.
465 399 526 437 Eo
546 399 678 437 minus
699 397 826 437 habeo
846 396 991 435 neceffe
1011 396 1192 444 scribere,
1213 408 1279 437 aut
1299 400 1417 438 etiam
1437 401 1624 452 cogitare,

240 464 339 516 quid
359 464 429 503 fim
450 461 637 510 facturus,
669 464 695 503 fi
716 462 902 502 acciderit
921 472 965 501 ut
985 463 1105 515 leger.

583 667 825 704 CICERO
865 666 1119 703 ATT1co
1160 665 1290 703 SAL.

243 792 300 831 ΙΙ.
324 791 497 864 EGO
529 808 622 832 cum
655 793 882 846 accepiffem
916 803 1000 832 tuas
1034 794 1164 832 literas
1200 794 1330 832 Nonis
1365 793 1496 846 April.
1532 809 1627 848 quas

421 859 614 911 Cephalio
633 859 830 905 attulerat,
851 859 1044 911 essemque
1065 860 1287 897 Minturnis
1310 858 1492 912 postridie
1512 875 1626 899 man-

243 922 368 968 surus,
385 933 424 962 et
444 924 534 963 inde
554 925 757 978 protinus;
779 925 942 962 sustinui
963 938 1024 962 me
1046 925 1086 962 in
1107 925 1263 962 Arcano
1282 924 1427 970 fratris,
1450 935 1508 971 ut,
1531 926 1627 965 dum

243 989 394 1041 aliquid
415 991 558 1028 certius
579 989 793 1036 afferretur,
824 991 1039 1029 occultiore
1069 991 1108 1028 in
1140 991 1229 1028 loco
1257 990 1435 1036 effemus,
1465 1005 1627 1044 ageren-

242 1063 384 1106 turque
414 1055 542 1093 nihilo
571 1056 718 1101 minus,
749 1069 834 1108 quae
863 1057 941 1094 fine
971 1056 1084 1094 nobis
1114 1056 1176 1108 agi
1205 1056 1374 1108 poffunt.
1420 1054 1628 1104 Λαλαγεῦαα

237 1120 322 1171 jam
342 1119 458 1165 adest,
489 1130 527 1158 et
557 1121 709 1159 animus
740 1121 874 1166 ardet;
907 1135 978 1159 nec
1008 1121 1061 1158 est
1090 1122 1306 1173 quicquam
1336 1135 1430 1174 quo,
1462 1130 1500 1158 et
1521 1134 1624 1173 qua:

240 1184 304 1222 sed
325 1184 407 1223 haec
429 1185 555 1223 nostra
573 1185 647 1223 erit
667 1199 772 1230 cura,
804 1195 842 1223 et
862 1186 1095 1238 peritorum.
1127 1187 1195 1224 Tu
1217 1195 1362 1231 tamen,
1385 1185 1491 1238 quod
1512 1195 1627 1238 pote-

241 1250 309 1294 ris,
333 1259 376 1288 ut
396 1249 523 1288 adhuc
545 1249 684 1296 fecisti,
717 1264 786 1289 nos
807 1250 977 1289 consiliis
993 1250 1166 1303 juvabis.
1199 1251 1277 1289 Res
1299 1251 1387 1289 sunt
1408 1251 1627 1304 inexplica-

244 1315 357 1354 biles,
405 1317 589 1354 Fortunae
610 1316 698 1355 sunt
725 1316 1010 1355 committenda
1037 1316 1184 1354 omnia.
1232 1317 1321 1355 Sine
1350 1317 1414 1369 spe
1440 1330 1629 1355 conamur

242 1381 349 1419 ulla:
383 1381 410 1420 fi
431 1382 572 1420 melius
594 1382 691 1434 quid
710 1382 910 1427 acciderit,
941 1381 1189 1420 mirabimur.
1235 1382 1471 1433 Dionyfium
1501 1382 1629 1420 nolim

243 1446 290 1484 ad
309 1460 373 1485 me
393 1447 643 1500 profe&um;
676 1447 723 1486 de
752 1462 832 1502 quo
858 1447 906 1486 ad
937 1461 1000 1485 me
1027 1447 1165 1486 Tullia
1183 1460 1270 1485 mea
1289 1447 1464 1500 scripfit:
1497 1447 1561 1485 sed
1589 1456 1628 1485 et

243 1521 399 1564 tempus
421 1513 594 1551 alienum
614 1513 667 1550 est
682 1532 695 1557 3
727 1523 765 1551 et
789 1513 945 1552 homini
966 1526 1046 1550 non
1066 1514 1193 1551 amico
1213 1512 1340 1551 nostra
1359 1512 1626 1557 incommoda,

244 1587 349 1615 tanta
371 1578 596 1629 praesertim,
628 1578 846 1630 spestaculo
872 1577 945 1616 effe
972 1577 1150 1617 nollem:
1183 1579 1249 1616 cui
1280 1587 1318 1616 te
1348 1592 1438 1617 meo
1468 1579 1629 1618 nomine

244 1644 454 1682 inimicum
475 1644 547 1682 effe
567 1643 674 1683 nolo.

583 1847 824 1884 C1CERO
865 1846 1120 1884 A'r’rlco
1162 1846 1291 1884 SAL.

246 1973 320 2012 111.
345 1972 413 2046 C
428 1973 465 2011 U
478 1973 545 2018 M,
573 1973 680 2025 quod
700 1974 923 2020 scriberem,
954 1974 1069 2027 plane
1088 1972 1191 2012 nihil
1211 1974 1395 2011 haberem
1408 1991 1421 2018 ;
1452 1971 1535 2011 haec
1556 1986 1626 2011 au-

445 2048 526 2078 tem
555 2039 705 2092 reliqua
732 2039 866 2085 essent,
896 2053 983 2093 quae
1012 2040 1108 2078 scire
1137 2052 1323 2092 cuperem
1339 2058 1351 2084 ;
1382 2037 1628 2092 profectusne

243 2104 332 2143 esset
347 2124 360 2151 5
392 2119 472 2159 quo
492 2105 533 2143 in
554 2105 651 2145 statu
672 2106 812 2145 urbem
832 2106 1072 2159 reliquiffet;
1105 2106 1147 2143 in
1166 2106 1247 2159 ipsa
1267 2105 1380 2144 Italia
1399 2118 1518 2157 quem
1539 2104 1626 2142 cui-

245 2184 320 2222 que
341 2172 491 2224 regioni
511 2181 577 2210 aut
598 2172 757 2224 negotio
777 2172 1003 2225 praefecifl‘et
1014 2192 1026 2219 3
1050 2172 1166 2225 ecqui
1186 2171 1304 2210 essent
1323 2171 1370 2208 ad
1392 2170 1629 2222 Pompeium

247 2242 284 2271 et
304 2236 351 2273 ad
371 2236 560 2274 Consules
581 2250 629 2275 ex
650 2237 1008 2276 senatus-consulto
1027 2237 1075 2275 de
1095 2250 1188 2289 pace
1209 2235 1355 2287 legati;
1386 2247 1479 2271 cum
1505 2235 1631 2285 igitur

247 2297 329 2336 haec
351 2300 459 2346 scire,
489 2301 620 2340 dedita
638 2315 754 2355 opera
772 2302 840 2341 has
870 2303 916 2341 ad
944 2313 983 2340 te
1013 2302 1142 2340 literas
1175 2300 1275 2338 mifi.
1322 2299 1476 2338 Feceris
1506 2299 1629 2351 igitur

248 2365 470 2411 commode,
501 2366 681 2420 mihique
699 2378 870 2420 gratum,
901 2369 927 2406 fi
949 2381 1012 2406 me
1032 2366 1079 2405 de
1099 2366 1161 2404 his
1182 2366 1312 2411 rebus,
1333 2374 1371 2403 et
1392 2365 1417 2402 fi
1439 2364 1536 2417 quid
1555 2365 1628 2402 erit

247 2430 352 2468 aliud
372 2431 478 2483 quod
511 2429 604 2470 scire
633 2447 731 2485 opus
753 2435 813 2480 fit,
843 2435 983 2474 feceris
1015 2434 1237 2472 certiorem.
1283 2433 1372 2484 Ego
1403 2432 1444 2468 in
1472 2432 1628 2468 Arcano

246 2495 442 2547 opperior,
473 2495 570 2533 dum
598 2496 666 2534 ista
693 2499 900 2550 cognosco.
950 2501 999 2538 A.
1023 2499 1062 2538 d.
1087 2512 1151 2536 vn
1176 2498 1237 2535 Id.
1260 2497 1419 2534 alteram
1452 2495 1526 2531 tibi
1558 2507 1625 2531 eo-

245 2561 336 2599 dem
357 2561 418 2599 die
439 2560 539 2599 hanc
559 2561 761 2614 epistolam
781 2563 920 2603 dictavi
937 2582 950 2610 3
980 2573 1020 2602 et
1050 2563 1176 2616 pridie
1203 2562 1382 2601 dederam
1403 2571 1487 2599 mea
1509 2571 1626 2609 manu
