2243 3008
451 257 525 298 162
794 241 1483 291 EPISTOLARUM

448 357 567 397 habet
586 366 709 394 meras
730 364 869 405 nugas,
899 347 1135 391 Matinium,
1166 343 1397 397 Scaptium3
1428 342 1515 397 qui,
1550 342 1644 396 quia
1663 354 1742 380 non
1762 340 1836 379 ha-

450 422 540 460 buit
560 435 581 458 a
600 433 664 458 me
693 428 839 456 turmas
868 413 1067 467 equitum,
1098 411 1242 463 quibus
1271 409 1452 461 Cyprum
1477 417 1648 453 vexaret,
1678 416 1724 445 ut
1750 415 1840 444 ante

452 501 518 526 me
550 485 709 529 fecerat,
740 481 894 522 fortasse
925 476 1152 521 succenset3
1194 483 1262 513 aut
1292 474 1384 527 quia
1417 473 1621 527 praefectus
1656 486 1736 511 non
1769 471 1838 517 est,

453 551 563 605 quod
582 563 656 603 ego
682 547 833 588 nemini
862 544 986 584 tribui
1015 539 1250 595 negotiatori
1265 557 1277 585 3
1310 551 1389 577 non
1422 540 1472 577 C.
1495 538 1720 583 Vennonio,
1752 549 1842 574 meo

456 616 642 657 familiari
658 633 670 660 3
694 627 773 653 non
796 622 864 651 tuo
885 611 948 649 M.
973 608 1110 648 Laenio
1125 625 1138 653 3
1160 615 1200 645 et
1219 604 1327 659 quod
1347 603 1423 642 tibi
1443 604 1581 643 Romae
1601 603 1843 642 ostenderam

458 697 522 722 me
542 682 782 720 servaturum
799 697 811 723 3
843 678 884 715 in
905 689 984 728 quo
1006 671 1254 728 perseveravi.
1289 669 1361 708 Sed
1382 669 1478 722 quid
1498 670 1643 722 poterit
1662 669 1774 722 queri
1794 669 1843 712 is,

457 748 544 802 qui,
580 745 730 785 auferre
764 743 972 796 pecuniam
1002 753 1095 778 cum
1130 737 1266 791 posset,
1297 735 1458 774 noluit?
1497 734 1668 787 Scaptio,
1699 734 1770 786 qui
1802 734 1847 771 in

462 811 710 866 Cappadocia
732 808 826 854 fuit,
858 816 956 860 puto
984 805 1056 844 effe
1086 802 1340 842 satisfactum.
1386 801 1424 839 Is
1454 814 1476 838 a
1504 813 1569 838 me
1597 799 1847 837 tribunatum

457 893 554 918 cum
574 874 792 929 accepisset,
822 886 942 926 quem
961 884 1036 923 ego
1054 883 1103 908 ex
1124 868 1236 908 Bruti
1257 867 1380 905 literis
1401 866 1438 904 ei
1458 865 1692 910 detuliffem,
1718 864 1848 918 postea

461 943 611 996 scripsit
631 941 678 979 ad
698 954 776 985 me,
807 939 844 977 se
864 938 924 976 uti
945 936 1051 974 nolle
1070 948 1116 972 eo
1137 934 1356 972 tribunatu.
1402 931 1552 969 Gavius
1581 930 1634 969 est
1654 930 1815 984 quidam
1833 948 1845 975 ς

462 1009 529 1048 cui
549 1021 643 1046 cum
662 1004 932 1059 praefecturam
960 999 1181 1039 detuliffem
1207 998 1321 1036 Bruti
1352 1005 1504 1050 rogatu,
1536 996 1663 1035 multa
1681 1005 1721 1035 et
1746 995 1849 1034 dixit

463 1083 503 1112 et
523 1069 619 1111 fecit
639 1083 732 1108 cum
753 1067 920 1122 quadam
939 1078 1026 1104 mea
1044 1062 1301 1108 contumelia,
1333 1062 1379 1101 P.
1402 1060 1537 1100 Clodii
1557 1061 1680 1100 canis.
1727 1061 1765 1099 1s
1785 1073 1850 1099 me

465 1152 536 1177 nec
557 1135 870 1190 proficiscentem
892 1133 1108 1185 Apameam
1130 1129 1357 1182 prosecutus
1377 1127 1431 1166 est
1446 1146 1459 1172 3
1490 1140 1578 1172 nec,
1607 1140 1702 1165 curn
1722 1125 1852 1179 postea

466 1205 508 1242 in
528 1203 646 1241 castra
664 1199 839 1244 veniffet‚
864 1207 980 1250 atque
999 1195 1091 1234 inde
1111 1193 1339 1239 discederet,
1369 1206 1467 1231 num
1487 1192 1584 1245 quid
1604 1192 1764 1237 vellem,
1785 1205 1851 1230 ro·

467 1269 602 1321 gavit3
634 1275 672 1304 et
692 1264 772 1303 fuit
790 1272 920 1317 aperte
939 1260 1057 1306 mihi,
1088 1259 1218 1298 nescio
1244 1271 1377 1312 quare,
1408 1271 1488 1297 non
1517 1258 1683 1296 amicus.
1728 1258 1853 1296 Hunc

466 1347 540 1387 ego
561 1333 587 1371 fi
607 1333 648 1370 in
670 1329 859 1384 praefeffis
879 1326 1111 1371 habuissem,
1141 1338 1262 1378 quem
1282 1333 1326 1363 tu
1346 1338 1410 1362 me
1428 1323 1634 1362 hominem
1663 1332 1817 1376 putares
1837 1325 1851 1361 ?

467 1399 553 1452 qui,
584 1407 629 1436 ut
663 1396 751 1441 scis,
783 1393 1141 1448 potentissimorum
1173 1390 1386 1429 hominum
1420 1390 1711 1428 contumaciam
1746 1403 1852 1427 nun-

468 1477 587 1517 quam
609 1461 785 1505 tulerim,
814 1459 958 1498 ferrem
985 1456 1105 1509 hujus
1134 1455 1309 1494 affeclae?
1340 1453 1408 1492 etsl
1437 1453 1513 1492 hoc
1543 1454 1633 1506 plus
1660 1454 1713 1492 est
1733 1468 1853 1507 quam

470 1530 585 1574 ferre,
616 1527 788 1566 tribuere
820 1525 940 1563 etiam
975 1520 1158 1560 beneficii
1188 1519 1340 1572 aliquid
1369 1528 1409 1558 et
1439 1518 1614 1557 honoris.
1662 1520 1699 1557 Is
1732 1520 1856 1572 igitur

471 1595 636 1639 Gavius,
667 1605 760 1630 cum
782 1582 972 1643 Apameae'
985 1602 1050 1626 me
1070 1599 1195 1639 nuper
1213 1585 1364 1623 vidiffet
1390 1585 1561 1623 Romam
1590 1584 1857 1638 proficiscens,

472 1676 534 1701 me
566 1662 620 1698 ita
651 1657 889 1711 appellavit:
925 1653 1176 1708 (Culleolum
1210 1653 1277 1690 vix
1310 1651 1511 1702 auderem)
1544 1651 1676 1697 Unde,
1707 1652 1857 1705 inquit,

473 1742 535 1767 mc
551 1726 667 1779 jubes
689 1733 817 1777 petere
837 1721 982 1760 cibaria
999 1717 1171 1773 praefecti
1191 1719 1204 1755 ?
1236 1717 1437 1770 Respondi
1458 1717 1600 1762 lenius,
1630 1730 1749 1769 quam
1781 1731 1858 1770 pu-

474 1794 606 1832 tabant
627 1788 852 1843 oportuisse,
873 1787 943 1840 qui
963 1785 1140 1830 aderant3
1163 1797 1226 1821 me
1246 1796 1325 1821 non
1346 1781 1550 1820 instituisse
1571 1782 1618 1819 iis
1639 1782 1727 1820 dare
1747 1783 1858 1820 ciba-

476 1860 543 1903 ria,
575 1869 745 1910 quorum
765 1867 881 1906 opera
901 1865 978 1889 non
999 1850 1115 1888 effem
1136 1848 1241 1886 usus.
1273 1847 1388 1886 Abiit
1408 1848 1542 1885 iratus.
1575 1847 1709 1900 Hujus
1731 1849 1858 1887 nebu-

476 1925 577 1963 lonis
598 1921 772 1960 oratione
794 1919 818 1957 s1
842 1920 985 1956 Brutus
1007 1915 1154 1954 moveri
1176 1913 1315 1966 potest,
1336 1912 1474 1951 licebit
1493 1926 1584 1951 eum
1606 1913 1708 1952 solus
1729 1927 1831 1953 ames
1845 1933 1858 1960 3

477 2003 539 2028 mc
561 1987 748 2026 aemulum
770 1997 847 2022 non
870 1981 1047 2020 habebis.
1093 1979 1165 2017 Sed
1198 1978 1314 2017 illum
1341 1990 1432 2016 eum
1453 1969 1634 2017 futurum
1654 1978 1725 2017 effe
1746 1989 1859 2031 puto,

478 2055 545 2107 qui
568 2052 639 2091 css‘e
661 2051 774 2088 debet
794 2064 803 2087 ι
839 2048 910 2085 tibi
934 2056 1061 2084 tamen
1083 2044 1236 2083 causam
1258 2051 1391 2081 notam
1411 2042 1483 2081 ess‘e
1503 2043 1638 2087 volui3
1670 2052 1709 2081 et
1728 2043 1774 2081 ad
1797 2045 1860 2097 ip-

481 2122 563 2158 sum
586 2117 666 2155 haec
690 2113 886 2169 perscripsi
909 2110 1215 2163 diligentissirne.
1263 2108 1443 2146 Omnino
1471 2107 1561 2160 (soli
1581 2108 1687 2146 enim
1708 2107 1861 2158 sumus)

482 2185 606 2223 nullas
629 2194 803 2233 unquam
824 2178 870 2216 ad
891 2191 953 2215 me
975 2177 1103 2214 literas
1126 2174 1229 2213 milit
1253 2175 1411 2218 Brutus,
1435 2186 1480 2211 ne
1502 2173 1680 2226 proxime
1699 2173 1862 2225 quidem

480 2252 527 2289 «le
560 2249 705 2301 Appio,
739 2247 776 2284 in
810 2245 955 2298 quibus
989 2256 1067 2281 non
1100 2240 1232 2279 incffct
1263 2253 1460 2292 arrogans,
1489 2239 1675 2280 dutm'mm
1694 2239 1860 2292 aliquid.

483 2317 579 2355 'l‘ibi
601 2325 730 2352 autem
752 2312 860 2351 valde
884 2311 976 2349 solet
999 2311 1038 2348 in
1059 2322 1124 2347 ore
1144 2307 1231 2351 else,
1263 2306 1425 2345 Granius
1444 2314 1563 2343 autem

649 2381 731 2419 Non
751 2378 1032 2426 contenmercse',
1063 2384 1096 2413 et
1118 2388 1217 2427 rcgcs
1235 2371 1511 2425 odsshstaeperbos
1528 2387 1542 2408 :

484 2450 521 2486 in
543 2460 623 2498 quo
645 2455 771 2483 tamen
796 2443 861 2481 ille
882 2441 982 2480 mihi
1005 2440 1123 2479 risum
1145 2439 1284 2492 magis,
1306 2451 1424 2490 quam
1448 2436 1706 2482 stomachum,
1729 2449 1864 2475 move-

485 2528 522 2551 re
546 2512 637 2550 solet
658 2526 665 2548 ι
699 2509 760 2548 scd
783 2508 895 2562 plane
918 2520 1053 2560 parum
1074 2506 1236 2558 cogitat,
1268 2503 1364 2557 quid
1386 2503 1541 2548 scribat,
1572 2512 1638 2541 aut
1662 2502 1706 2540 ad
1728 2515 1863 2556 quem.
