2243 3008
509 267 616 309 AD
674 266 1104 306 ATTICUM
1172 267 1443 311 LIB.1X‚
1593 284 1670 327 245

559 501 793 540 BALBus
838 501 1311 541 CICERON11MP.
1355 503 1396 542 8.

282 629 348 701 S
361 629 389 667 I
410 628 524 673 vales,
552 627 636 666 bene
654 627 712 680 est.
757 627 883 681 Postea
910 641 1016 680 quam
1035 628 1161 667 literas
1180 642 1374 669 communes
1391 643 1470 669 cum
1490 632 1604 686 Oppio
1623 633 1677 671 ad

371 702 407 732 te
425 692 516 738 dedi,
546 692 592 731 ab
612 694 755 745 Caestzre
774 692 946 746 epistolam
971 694 1103 747 accepi,
1133 693 1231 745 cujus
1250 695 1443 748 exemplum
1473 696 1545 736 tibi
1567 698 1644 748 mffi
1656 716 1669 742 3

285 774 328 798 ex
360 758 485 812 quibus
511 759 711 812 perspicere
734 758 886 811 poteris,
927 773 1032 811 quam
1066 759 1190 812 cupiat
1224 761 1457 806 concordiam,
1487 770 1520 800 et
1558 763 1672 801 Pom-

276 824 397 877 peium
416 824 655 868 reconciliare,
686 833 721 863 et
751 837 857 877 quam
885 833 1039 863 remotus
1054 824 1112 875 stt
1132 823 1179 862 ab
1197 825 1293 864 omni
1309 826 1522 865 crudelitate
1537 842 1551 866 :
1581 828 1676 879 quod

283 904 359 928 eum
365 889 521 941 fintire‚
551 898 594 928 ut
623 888 739 935 debeo,
767 888 873 928 valde
895 888 1047 941 gaudeo.
1090 891 1155 928 De
1185 899 1236 935 te,
1265 899 1301 929 et
1334 900 1401 930 tua
1417 892 1496 944 fide
1525 901 1561 931 et
1585 893 1670 945 pie-

284 964 376 998 tate,
407 955 495 994 idem
513 955 719 1000 mehercule,
749 955 800 993 mi
822 953 961 1000 Cicero,
977 955 1111 1005 sentio,
1143 955 1236 1008 quod
1260 965 1302 994 tu
1316 973 1329 1000 3
1359 971 1427 995 non
1450 956 1542 1009 poste
1570 967 1673 996 tuam

268 1020 417 1071 famam
436 1029 472 1058 et
501 1019 647 1072 officium
663 1019 855 1072 stzstinere,
886 1029 928 1059 ut
947 1030 1074 1059 contra
1093 1034 1169 1059 eum
1188 1035 1292 1059 arma
1298 1021 1425 1073 feras,
1455 1037 1478 1060 a
1498 1037 1563 1075 quo
1582 1032 1672 1062 tan-

281 1093 358 1123 tum
378 1085 577 1136 beneficium
591 1094 628 1124 te
643 1085 804 1137 accepff
816 1085 1005 1137 praedices.
1036 1087 1214 1138 Caesarem
1230 1086 1293 1124 hoc
1312 1086 1399 1125 idem
1411 1088 1673 1140 probaturum,

281 1151 504 1203 exploratum
515 1159 587 1203 pro
589 1150 781 1202 singulari
795 1150 867 1199 ejus
885 1151 1111 1189 humanitate
1140 1150 1248 1190 habeo
1263 1169 1277 1196 3
1308 1153 1405 1205 eique
1438 1153 1673 1204 cumulatgffi'-

278 1229 332 1253 me
347 1215 632 1268 fitisfacturum
657 1224 693 1254 te
712 1225 808 1254 certo
813 1215 905 1268 fiio,
935 1229 1014 1254 cum
1032 1216 1167 1254 nullam
1178 1224 1327 1269 partem
1347 1217 1429 1256 belli
1445 1227 1573 1257 contra
1593 1233 1674 1257 eum

265 1281 455 1334 Justtptas‚
484 1295 594 1334 neque
607 1280 729 1332 stacius
757 1280 830 1333 ejus
859 1280 1079 1331 adversariis
1090 1281 1232 1333 fuerit.
1277 1284 1404 1335 Atque
1434 1283 1497 1322 hoc
1517 1298 1584 1322 non
1598 1287 1670 1336 so-

279 1347 352 1385 lum
383 1347 420 1385 in
447 1355 497 1391 te,
527 1346 598 1385 tali
628 1354 665 1385 et
697 1355 803 1385 tanto
832 1346 929 1391 viro,
944 1346 1044 1398 fhtis
1074 1346 1231 1392 habebit,
1247 1347 1321 1397 sed
1346 1348 1454 1387 etiam
1485 1349 1576 1387 mihi
1601 1350 1672 1401 ipse

265 1412 339 1466 sua
357 1411 511 1463 concefflt
536 1412 740 1457 voluntate,
770 1426 813 1450 ne
840 1411 877 1451 in
905 1412 949 1451 iis
967 1411 1090 1463 castris
1109 1411 1217 1465 effi’m,
1249 1426 1329 1465 quae
1359 1422 1487 1452 contra
1519 1415 1669 1453 Lentu-

280 1478 353 1516 lum
385 1487 452 1517 aut
482 1478 688 1530 Pompeium
705 1478 854 1529 fittura
886 1477 1019 1530 ff’nt3
1049 1492 1199 1531 quorum
1230 1478 1393 1530 beneficia
1423 1480 1578 1518 maxima
1597 1481 1668 1518 ha-

280 1542 396 1581 berem
411 1558 425 1581 .·
439 1541 581 1595 fibique
584 1543 686 1593 satis
704 1541 766 1594 effi}
781 1542 889 1588 dixit,
904 1543 948 1593 fi
962 1552 1113 1596 rogatus
1132 1543 1274 1583 urbana
1296 1544 1407 1596 officia
1422 1544 1502 1595 sthi
1522 1546 1671 1598 praesti-

283 1607 418 1660 tefflm3
449 1621 528 1661 quae
547 1608 654 1646 etiam
672 1607 738 1652 illi,
768 1607 810 1646 id
811 1607 856 1657 st
870 1608 1008 1653 vellem,
1029 1608 1210 1661 praestare
1232 1608 1373 1662 pffm·
1417 1611 1548 1662 Itaque
1575 1625 1671 1649 nunc

283 1674 406 1712 Romae
436 1671 551 1710 omnia
573 1671 716 1724 negotia
734 1672 890 1711 Lentuli
898 1681 1071 1726 procuro,
1087 1673 1242 1724 sustineo
1258 1691 1270 1717 3
1301 1687 1479 1726 meumque
1508 1674 1677 1726 officium,

267 1737 393 1789 fidem,
417 1738 605 1790 pietatem,
636 1737 690 1775 his
717 1737 861 1789 prasto.
908 1737 980 1777 Sed
1009 1738 1201 1777 mehercule
1235 1739 1359 1789 rurssaes
1381 1738 1464 1790 jam
1496 1739 1670 1790 abjectam

282 1802 527 1855 compofitionis
535 1803 640 1855 spem
660 1816 727 1840 non
743 1802 1047 1855 desperatgffimam
1066 1803 1128 1855 effi’
1145 1812 1238 1856 puto
1253 1821 1265 1847 3
1296 1804 1459 1856 quoniam
1480 1805 1604 1856 Ccestzr
1624 1805 1670 1857 est

281 1882 321 1906 ea
341 1877 467 1912 mente,
500 1882 571 1920 qua
589 1876 716 1920 optare
733 1867 905 1907 debemus.
945 1869 1032 1908 Hac
1051 1883 1092 1907 re
1110 1869 1198 1908 mihi
1208 1869 1347 1922 placet,
1360 1870 1404 1920 st
1421 1869 1491 1908 tibi
1506 1869 1675 1915 videtur,

281 1945 316 1974 te
334 1934 385 1974 ad
409 1948 484 1973 eum
493 1934 670 1986 scribere,
702 1943 737 1972 et
766 1933 812 1972 ab
840 1949 876 1973 eo
897 1934 1103 1987 praesidium
1125 1943 1262 1988 petere,
1293 1943 1335 1973 ut
1357 1935 1482 1989 petssi
1505 1950 1529 1973 a
1556 1936 1669 1974 Pom-

277 2001 366 2053 peio,
397 2014 449 2038 me
477 1999 612 2052 quidem
636 1999 870 2052 approbante,
901 2000 1114 2053 temporibus
1133 2000 1358 2040 Milonianis.
1406 2000 1589 2052 Praestabo
1619 2001 1674 2056 (st

284 2068 460 2119 Caestzrem
478 2065 561 2103 bene
578 2063 690 2117 novi)
710 2079 787 2103 eum
809 2065 918 2118 prius
942 2075 1018 2104 tuae
1046 2065 1257 2118 dignitatis,
1281 2079 1388 2119 quam
1405 2067 1489 2119 Juae
1522 2066 1668 2104 utilita—

283 2132 344 2176 tis,
374 2130 549 2168 rationem
568 2128 790 2169 habiturum.
838 2132 933 2170 Haec
951 2144 1058 2183 quam
1078 2129 1282 2184 prudenter
1310 2129 1382 2168 tibi
1396 2128 1572 2182 scribam,
1603 2143 1667 2168 ne-

270 2196 345 2251 scio
359 2210 373 2233 :
389 2195 462 2246 sed
488 2194 580 2233 illud
604 2204 701 2233 certe
717 2196 811 2247 scio,
841 2210 895 2234 me
923 2195 970 2234 ab
981 2196 1173 2249 stngulari
1197 2209 1315 2235 amore
1340 2209 1384 2233 ac
1411 2194 1666 2239 benevolentia,

283 2273 496 2312 quaecunque
500 2259 638 2311 scribo,
668 2260 740 2299 tibi
741 2261 905 2314 scribere
920 2277 933 2299 :
963 2261 1058 2314 quod
1071 2270 1121 2306 te,
1151 2262 1205 2299 ita
1235 2259 1400 2298 incolumi
1417 2260 1559 2311 Caesare
1591 2274 1666 2299 mo-

284 2325 378 2369 riar,
409 2326 509 2362 tanti
510 2325 629 2376 facto,
661 2336 702 2364 ut
715 2336 849 2379 paucos
868 2340 966 2379 aeque
984 2340 1028 2364 ac
1046 2335 1083 2364 te
1103 2340 1205 2364 caros
1233 2324 1395 2364 habeam.
1440 2325 1504 2364 De
1535 2325 1603 2363 hac
1628 2340 1668 2363 re

284 2403 362 2427 cum
381 2389 518 2441 aliquid
531 2390 760 2439 constitueris,
790 2392 897 2430 velim
927 2391 1017 2430 mihi
1028 2390 1174 2443 scribas
1189 2405 1203 2428 .·
1232 2405 1315 2430 nam
1346 2405 1414 2429 non
1446 2389 1667 2428 mediocriter

283 2455 415 2498 laboro,
452 2463 495 2492 ut
527 2454 684 2505 utrique,
720 2466 761 2494 ut
795 2458 867 2502 vis,
897 2466 998 2495 tuam
1033 2456 1309 2495 benevolentiam
1332 2455 1509 2508 pra’stare
1533 2454 1633 2507 poffi's
1651 2470 1664 2493 ,-

283 2535 387 2573 quam
407 2519 598 2559 mehercule
619 2528 654 2557 te
663 2521 927 2574 praestaturum
947 2522 1089 2573 confido.
1130 2523 1167 2562 F
1167 2536 1209 2561 ac
1229 2531 1270 2560 ut
1291 2522 1426 2560 valeas.
