<?xml version="1.0" encoding="UTF-8"?>
<!DOCTYPE html PUBLIC "-//W3C//DTD XHTML 1.0 Transitional//EN"
    "http://www.w3.org/TR/xhtml1/DTD/xhtml1-transitional.dtd">
<html xmlns="http://www.w3.org/1999/xhtml" xml:lang="en" lang="en">
 <head>
  <title>
</title>
<meta http-equiv="Content-Type" content="text/html;charset=utf-8" />
  <meta name='ocr-system' content='tesseract 3.04.00' />
  <meta name='ocr-capabilities' content='ocr_page ocr_carea ocr_par ocr_line ocrx_word'/>
</head>
<body>
  <div class='ocr_page' id='page_1' title='image "./operacumindicibu08ciceuoft_0021.png"; bbox 0 0 2243 3008; ppageno 0'>
   <div class='ocr_carea' id='block_1_1' title="bbox 633 252 1771 310">
    <p class='ocr_par' dir='ltr' id='par_1_1' title="bbox 633 252 1771 310">
     <span class='ocr_line' id='line_1_1' title="bbox 633 252 1771 310; baseline 0.003 -18"><span class='ocrx_word' id='word_1_1' title='bbox 633 255 739 292; x_wconf 94' lang='lat' dir='ltr'>AD</span> <span class='ocrx_word' id='word_1_2' title='bbox 798 252 1227 290; x_wconf 91' lang='lat' dir='ltr'>ATTICUM</span> <span class='ocrx_word' id='word_1_3' title='bbox 1297 253 1438 291; x_wconf 89' lang='lat' dir='ltr'><strong>LIB.</strong></span> <span class='ocrx_word' id='word_1_4' title='bbox 1490 256 1522 293; x_wconf 94' lang='grc' dir='ltr'>Ι.</span> <span class='ocrx_word' id='word_1_5' title='bbox 1726 270 1771 310; x_wconf 85' lang='lat'>¹3</span> 
     </span>
    </p>
   </div>
   <div class='ocr_carea' id='block_1_2' title="bbox 380 353 1776 2577">
    <p class='ocr_par' dir='ltr' id='par_1_2' title="bbox 380 353 1776 2577">
     <span class='ocr_line' id='line_1_2' title="bbox 389 353 1775 408; baseline 0.001 -15"><span class='ocrx_word' id='word_1_6' title='bbox 389 355 506 407; x_wconf 83' lang='lat' dir='ltr'>paulo</span> <span class='ocrx_word' id='word_1_7' title='bbox 537 353 736 391; x_wconf 87' lang='lat' dir='ltr'>liberiores</span> <span class='ocrx_word' id='word_1_8' title='bbox 768 353 898 391; x_wconf 86' lang='lat' dir='ltr'>literas</span> <span class='ocrx_word' id='word_1_9' title='bbox 931 353 1179 391; x_wconf 84' lang='lat' dir='ltr'>committere</span> <span class='ocrx_word' id='word_1_10' title='bbox 1211 353 1347 392; x_wconf 87' lang='lat' dir='ltr'>audeo.</span> <span class='ocrx_word' id='word_1_11' title='bbox 1400 354 1498 392; x_wconf 89' lang='lat' dir='ltr'>Sunt</span> <span class='ocrx_word' id='word_1_12' title='bbox 1530 363 1661 393; x_wconf 84' lang='lat' dir='ltr'>autem</span> <span class='ocrx_word' id='word_1_13' title='bbox 1690 357 1775 408; x_wconf 91' lang='lat' dir='ltr'>post</span> 
     </span>
     <span class='ocr_line' id='line_1_3' title="bbox 389 418 1773 471; baseline 0.001 -14"><span class='ocrx_word' id='word_1_14' title='bbox 389 419 592 457; x_wconf 83' lang='lat' dir='ltr'>discessum</span> <span class='ocrx_word' id='word_1_15' title='bbox 621 432 642 456; x_wconf 90' lang='lat' dir='ltr'>a</span> <span class='ocrx_word' id='word_1_16' title='bbox 670 432 734 457; x_wconf 89' lang='lat' dir='ltr'>me</span> <span class='ocrx_word' id='word_1_17' title='bbox 766 428 880 456; x_wconf 88' lang='lat' dir='ltr'>tuum</span> <span class='ocrx_word' id='word_1_18' title='bbox 913 431 970 456; x_wconf 89' lang='lat' dir='ltr'>res</span> <span class='ocrx_word' id='word_1_19' title='bbox 999 418 1126 471; x_wconf 81' lang='lat' dir='ltr'>dignae</span> <span class='ocrx_word' id='word_1_20' title='bbox 1147 419 1270 457; x_wconf 86' lang='lat' dir='ltr'>literis</span> <span class='ocrx_word' id='word_1_21' title='bbox 1292 418 1445 463; x_wconf 89' lang='lat' dir='ltr'>nostris,</span> <span class='ocrx_word' id='word_1_22' title='bbox 1477 419 1540 457; x_wconf 89' lang='lat' dir='ltr'>sed</span> <span class='ocrx_word' id='word_1_23' title='bbox 1561 433 1639 458; x_wconf 88' lang='lat' dir='ltr'>non</span> <span class='ocrx_word' id='word_1_24' title='bbox 1661 435 1773 460; x_wconf 88' lang='lat' dir='ltr'>com-</span> 
     </span>
     <span class='ocr_line' id='line_1_4' title="bbox 388 484 1775 537; baseline 0.002 -15"><span class='ocrx_word' id='word_1_25' title='bbox 388 484 591 522; x_wconf 88' lang='lat' dir='ltr'>mittendae</span> <span class='ocrx_word' id='word_1_26' title='bbox 620 484 812 537; x_wconf 90' lang='lat' dir='ltr'>ejusmodi</span> <span class='ocrx_word' id='word_1_27' title='bbox 840 484 1032 537; x_wconf 88' lang='lat' dir='ltr'>periculo,</span> <span class='ocrx_word' id='word_1_28' title='bbox 1064 494 1107 522; x_wconf 94' lang='lat' dir='ltr'>ut</span> <span class='ocrx_word' id='word_1_29' title='bbox 1134 493 1201 522; x_wconf 88' lang='lat' dir='ltr'>aut</span> <span class='ocrx_word' id='word_1_30' title='bbox 1232 485 1404 529; x_wconf 91' lang='lat' dir='ltr'>interire,</span> <span class='ocrx_word' id='word_1_31' title='bbox 1437 494 1502 522; x_wconf 93' lang='lat' dir='ltr'>aut</span> <span class='ocrx_word' id='word_1_32' title='bbox 1522 486 1676 537; x_wconf 91' lang='lat' dir='ltr'>aperiri,</span> <span class='ocrx_word' id='word_1_33' title='bbox 1708 486 1775 526; x_wconf 86' lang='lat' dir='ltr'>aut</span> 
     </span>
     <span class='ocr_line' id='line_1_5' title="bbox 387 550 1775 604; baseline 0.002 -16"><span class='ocrx_word' id='word_1_34' title='bbox 387 551 588 604; x_wconf 87' lang='lat' dir='ltr'>intercipi,</span> <span class='ocrx_word' id='word_1_35' title='bbox 619 551 774 604; x_wconf 85' lang='lat' dir='ltr'>poffint.</span> <span class='ocrx_word' id='word_1_36' title='bbox 827 551 1007 589; x_wconf 88' lang='lat' dir='ltr'>Primum</span> <span class='ocrx_word' id='word_1_37' title='bbox 1036 551 1158 603; x_wconf 87' lang='lat' dir='ltr'>igitur</span> <span class='ocrx_word' id='word_1_38' title='bbox 1179 550 1291 596; x_wconf 92' lang='lat' dir='ltr'>scito,</span> <span class='ocrx_word' id='word_1_39' title='bbox 1322 552 1498 604; x_wconf 89' lang='lat' dir='ltr'>primum</span> <span class='ocrx_word' id='word_1_40' title='bbox 1520 566 1582 590; x_wconf 89' lang='lat' dir='ltr'>me</span> <span class='ocrx_word' id='word_1_41' title='bbox 1603 566 1681 590; x_wconf 93' lang='lat' dir='ltr'>non</span> <span class='ocrx_word' id='word_1_42' title='bbox 1702 553 1775 591; x_wconf 84' lang='lat' dir='ltr'>effe</span> 
     </span>
     <span class='ocr_line' id='line_1_6' title="bbox 387 616 1774 669; baseline 0.001 -15"><span class='ocrx_word' id='word_1_43' title='bbox 387 626 568 668; x_wconf 89' lang='lat' dir='ltr'>rogatum</span> <span class='ocrx_word' id='word_1_44' title='bbox 600 617 846 662; x_wconf 87' lang='lat' dir='ltr'>sententiam,</span> <span class='ocrx_word' id='word_1_45' title='bbox 878 617 1207 669; x_wconf 83' lang='lat' dir='ltr'>praepofitumque</span> <span class='ocrx_word' id='word_1_46' title='bbox 1236 616 1308 655; x_wconf 83' lang='lat' dir='ltr'>effe</span> <span class='ocrx_word' id='word_1_47' title='bbox 1338 617 1452 655; x_wconf 88' lang='lat' dir='ltr'>nobis</span> <span class='ocrx_word' id='word_1_48' title='bbox 1485 618 1774 669; x_wconf 88' lang='lat' dir='ltr'>pacificatorem</span> 
     </span>
     <span class='ocr_line' id='line_1_7' title="bbox 386 681 1772 735; baseline 0.002 -16"><span class='ocrx_word' id='word_1_49' title='bbox 386 681 668 734; x_wconf 85' lang='lat' dir='ltr'>Allobrogum,</span> <span class='ocrx_word' id='word_1_50' title='bbox 700 682 819 735; x_wconf 90' lang='lat' dir='ltr'>idque</span> <span class='ocrx_word' id='word_1_51' title='bbox 850 682 1169 720; x_wconf 82' lang='lat' dir='ltr'>admurmurante</span> <span class='ocrx_word' id='word_1_52' title='bbox 1202 682 1357 727; x_wconf 87' lang='lat' dir='ltr'>Senatu,</span> <span class='ocrx_word' id='word_1_53' title='bbox 1390 696 1515 734; x_wconf 91' lang='lat' dir='ltr'>neque</span> <span class='ocrx_word' id='word_1_54' title='bbox 1540 696 1603 720; x_wconf 91' lang='lat' dir='ltr'>me</span> <span class='ocrx_word' id='word_1_55' title='bbox 1632 683 1772 729; x_wconf 89' lang='lat' dir='ltr'>invito,</span> 
     </span>
     <span class='ocr_line' id='line_1_8' title="bbox 386 747 1775 802; baseline 0.001 -16"><span class='ocrx_word' id='word_1_56' title='bbox 386 747 458 786; x_wconf 84' lang='lat' dir='ltr'>effe</span> <span class='ocrx_word' id='word_1_57' title='bbox 491 747 668 786; x_wconf 68' lang='lat' dir='ltr'>faetum:</span> <span class='ocrx_word' id='word_1_58' title='bbox 715 748 804 786; x_wconf 89' lang='lat' dir='ltr'>sum</span> <span class='ocrx_word' id='word_1_59' title='bbox 834 749 942 786; x_wconf 87' lang='lat' dir='ltr'>enim</span> <span class='ocrx_word' id='word_1_60' title='bbox 976 757 1015 786; x_wconf 91' lang='lat' dir='ltr'>et</span> <span class='ocrx_word' id='word_1_61' title='bbox 1049 748 1096 785; x_wconf 88' lang='lat' dir='ltr'>ab</span> <span class='ocrx_word' id='word_1_62' title='bbox 1131 748 1368 786; x_wconf 81' lang='lat' dir='ltr'>observando</span> <span class='ocrx_word' id='word_1_63' title='bbox 1401 748 1563 786; x_wconf 89' lang='lat' dir='ltr'>homine</span> <span class='ocrx_word' id='word_1_64' title='bbox 1598 750 1775 802; x_wconf 88' lang='lat' dir='ltr'>perverso</span> 
     </span>
     <span class='ocr_line' id='line_1_9' title="bbox 386 812 1774 866; baseline 0.001 -16"><span class='ocrx_word' id='word_1_65' title='bbox 386 812 500 858; x_wconf 92' lang='lat' dir='ltr'>liber,</span> <span class='ocrx_word' id='word_1_66' title='bbox 531 822 570 851; x_wconf 93' lang='lat' dir='ltr'>et</span> <span class='ocrx_word' id='word_1_67' title='bbox 599 814 645 851; x_wconf 90' lang='lat' dir='ltr'>ad</span> <span class='ocrx_word' id='word_1_68' title='bbox 675 813 909 866; x_wconf 89' lang='lat' dir='ltr'>dignitatem</span> <span class='ocrx_word' id='word_1_69' title='bbox 942 815 982 851; x_wconf 91' lang='lat' dir='ltr'>in</span> <span class='ocrx_word' id='word_1_70' title='bbox 1005 813 1227 866; x_wconf 92' lang='lat' dir='ltr'>Republica</span> <span class='ocrx_word' id='word_1_71' title='bbox 1247 814 1489 851; x_wconf 84' lang='lat' dir='ltr'>retinendam</span> <span class='ocrx_word' id='word_1_72' title='bbox 1511 824 1644 852; x_wconf 84' lang='lat' dir='ltr'>contra</span> <span class='ocrx_word' id='word_1_73' title='bbox 1666 815 1774 853; x_wconf 90' lang='lat' dir='ltr'>illius</span> 
     </span>
     <span class='ocr_line' id='line_1_10' title="bbox 386 879 1775 924; baseline 0.001 -8"><span class='ocrx_word' id='word_1_74' title='bbox 386 879 630 917; x_wconf 89' lang='lat' dir='ltr'>voluntatem</span> <span class='ocrx_word' id='word_1_75' title='bbox 652 879 829 924; x_wconf 66' lang='lat' dir='ltr'>solutus,</span> <span class='ocrx_word' id='word_1_76' title='bbox 862 889 900 917; x_wconf 92' lang='lat' dir='ltr'>et</span> <span class='ocrx_word' id='word_1_77' title='bbox 929 879 997 916; x_wconf 90' lang='lat' dir='ltr'>ille</span> <span class='ocrx_word' id='word_1_78' title='bbox 1024 879 1214 917; x_wconf 85' lang='lat' dir='ltr'>secundus</span> <span class='ocrx_word' id='word_1_79' title='bbox 1245 879 1286 916; x_wconf 87' lang='lat' dir='ltr'>in</span> <span class='ocrx_word' id='word_1_80' title='bbox 1320 879 1487 917; x_wconf 90' lang='lat' dir='ltr'>dicendo</span> <span class='ocrx_word' id='word_1_81' title='bbox 1516 880 1625 917; x_wconf 83' lang='lat' dir='ltr'>locus</span> <span class='ocrx_word' id='word_1_82' title='bbox 1657 879 1775 918; x_wconf 87' lang='lat' dir='ltr'>habet</span> 
     </span>
     <span class='ocr_line' id='line_1_11' title="bbox 385 945 1773 998; baseline 0.001 -17"><span class='ocrx_word' id='word_1_83' title='bbox 385 945 656 982; x_wconf 61' lang='lat' dir='ltr'>auctoritatem</span> <span class='ocrx_word' id='word_1_84' title='bbox 677 959 775 998; x_wconf 91' lang='lat' dir='ltr'>pene</span> <span class='ocrx_word' id='word_1_85' title='bbox 795 945 1001 997; x_wconf 87' lang='lat' dir='ltr'>principis,</span> <span class='ocrx_word' id='word_1_86' title='bbox 1033 954 1071 983; x_wconf 92' lang='lat' dir='ltr'>et</span> <span class='ocrx_word' id='word_1_87' title='bbox 1091 945 1337 983; x_wconf 86' lang='lat' dir='ltr'>voluntatem</span> <span class='ocrx_word' id='word_1_88' title='bbox 1358 959 1436 983; x_wconf 91' lang='lat' dir='ltr'>non</span> <span class='ocrx_word' id='word_1_89' title='bbox 1464 946 1584 983; x_wconf 85' lang='lat' dir='ltr'>nimis</span> <span class='ocrx_word' id='word_1_90' title='bbox 1611 946 1773 984; x_wconf 87' lang='lat' dir='ltr'>devinc-</span> 
     </span>
     <span class='ocr_line' id='line_1_12' title="bbox 385 1010 1775 1064; baseline 0.002 -17"><span class='ocrx_word' id='word_1_91' title='bbox 385 1019 467 1048; x_wconf 89' lang='lat' dir='ltr'>tam</span> <span class='ocrx_word' id='word_1_92' title='bbox 488 1010 680 1048; x_wconf 86' lang='lat' dir='ltr'>beneficio</span> <span class='ocrx_word' id='word_1_93' title='bbox 701 1011 900 1050; x_wconf 87' lang='lat' dir='ltr'>Consulis.</span> <span class='ocrx_word' id='word_1_94' title='bbox 934 1011 1095 1049; x_wconf 90' lang='lat' dir='ltr'>Tertius</span> <span class='ocrx_word' id='word_1_95' title='bbox 1117 1010 1169 1049; x_wconf 91' lang='lat' dir='ltr'>est</span> <span class='ocrx_word' id='word_1_96' title='bbox 1191 1011 1380 1049; x_wconf 85' lang='lat' dir='ltr'>Catulus:</span> <span class='ocrx_word' id='word_1_97' title='bbox 1404 1021 1564 1064; x_wconf 87' lang='lat' dir='ltr'>quartus</span> <span class='ocrx_word' id='word_1_98' title='bbox 1590 1013 1634 1064; x_wconf 85' lang='lat' dir='ltr'>(fi</span> <span class='ocrx_word' id='word_1_99' title='bbox 1655 1013 1775 1050; x_wconf 86' lang='lat' dir='ltr'>etiam</span> 
     </span>
     <span class='ocr_line' id='line_1_13' title="bbox 383 1074 1776 1128; baseline 0.002 -16"><span class='ocrx_word' id='word_1_100' title='bbox 383 1074 462 1113; x_wconf 89' lang='lat' dir='ltr'>hoc</span> <span class='ocrx_word' id='word_1_101' title='bbox 482 1075 641 1128; x_wconf 87' lang='lat' dir='ltr'>quaeris)</span> <span class='ocrx_word' id='word_1_102' title='bbox 669 1076 919 1114; x_wconf 86' lang='lat' dir='ltr'>Hortenfius.</span> <span class='ocrx_word' id='word_1_103' title='bbox 967 1076 1115 1114; x_wconf 92' lang='lat' dir='ltr'>Consul</span> <span class='ocrx_word' id='word_1_104' title='bbox 1148 1085 1281 1113; x_wconf 89' lang='lat' dir='ltr'>autem</span> <span class='ocrx_word' id='word_1_105' title='bbox 1311 1076 1391 1128; x_wconf 86' lang='lat' dir='ltr'>ipse</span> <span class='ocrx_word' id='word_1_106' title='bbox 1423 1090 1541 1128; x_wconf 86' lang='lat' dir='ltr'>parvo</span> <span class='ocrx_word' id='word_1_107' title='bbox 1572 1078 1705 1114; x_wconf 90' lang='lat' dir='ltr'>animo</span> <span class='ocrx_word' id='word_1_108' title='bbox 1735 1087 1776 1115; x_wconf 91' lang='lat' dir='ltr'>et</span> 
     </span>
     <span class='ocr_line' id='line_1_14' title="bbox 383 1141 1775 1193; baseline 0.001 -15"><span class='ocrx_word' id='word_1_109' title='bbox 383 1153 516 1192; x_wconf 90' lang='lat' dir='ltr'>pravo,</span> <span class='ocrx_word' id='word_1_110' title='bbox 548 1149 704 1178; x_wconf 89' lang='lat' dir='ltr'>tantum</span> <span class='ocrx_word' id='word_1_111' title='bbox 730 1141 932 1179; x_wconf 90' lang='lat' dir='ltr'>cavillator</span> <span class='ocrx_word' id='word_1_112' title='bbox 957 1154 1097 1192; x_wconf 87' lang='lat' dir='ltr'>genere</span> <span class='ocrx_word' id='word_1_113' title='bbox 1128 1141 1200 1178; x_wconf 92' lang='lat' dir='ltr'>illo</span> <span class='ocrx_word' id='word_1_114' title='bbox 1230 1141 1398 1185; x_wconf 89' lang='lat' dir='ltr'>moroso,</span> <span class='ocrx_word' id='word_1_115' title='bbox 1430 1141 1538 1193; x_wconf 91' lang='lat' dir='ltr'>quod</span> <span class='ocrx_word' id='word_1_116' title='bbox 1557 1143 1675 1180; x_wconf 87' lang='lat' dir='ltr'>etiam</span> <span class='ocrx_word' id='word_1_117' title='bbox 1697 1142 1775 1180; x_wconf 88' lang='lat' dir='ltr'>fine</span> 
     </span>
     <span class='ocr_line' id='line_1_15' title="bbox 383 1205 1776 1258; baseline 0.001 -15"><span class='ocrx_word' id='word_1_118' title='bbox 383 1205 588 1244; x_wconf 83' lang='lat' dir='ltr'>dicacitate</span> <span class='ocrx_word' id='word_1_119' title='bbox 620 1206 782 1252; x_wconf 91' lang='lat' dir='ltr'>ridetur,</span> <span class='ocrx_word' id='word_1_120' title='bbox 813 1206 917 1245; x_wconf 84' lang='lat' dir='ltr'>facie</span> <span class='ocrx_word' id='word_1_121' title='bbox 946 1207 1086 1258; x_wconf 88' lang='lat' dir='ltr'>magis,</span> <span class='ocrx_word' id='word_1_122' title='bbox 1118 1220 1237 1258; x_wconf 86' lang='lat' dir='ltr'>quarn</span> <span class='ocrx_word' id='word_1_123' title='bbox 1271 1205 1438 1251; x_wconf 71' lang='lat' dir='ltr'>facetiis,</span> <span class='ocrx_word' id='word_1_124' title='bbox 1470 1207 1676 1252; x_wconf 87' lang='lat' dir='ltr'>ridiculus,</span> <span class='ocrx_word' id='word_1_125' title='bbox 1709 1208 1776 1245; x_wconf 89' lang='lat' dir='ltr'>ni-</span> 
     </span>
     <span class='ocr_line' id='line_1_16' title="bbox 382 1270 1775 1326; baseline 0.001 -17"><span class='ocrx_word' id='word_1_126' title='bbox 382 1270 443 1310; x_wconf 89' lang='lat' dir='ltr'>hil</span> <span class='ocrx_word' id='word_1_127' title='bbox 473 1285 588 1324; x_wconf 86' lang='lat' dir='ltr'>agens</span> <span class='ocrx_word' id='word_1_128' title='bbox 619 1286 712 1311; x_wconf 90' lang='lat' dir='ltr'>cum</span> <span class='ocrx_word' id='word_1_129' title='bbox 744 1273 982 1326; x_wconf 91' lang='lat' dir='ltr'>Republica,</span> <span class='ocrx_word' id='word_1_130' title='bbox 1014 1272 1208 1324; x_wconf 65' lang='lat' dir='ltr'>sejunCtus</span> <span class='ocrx_word' id='word_1_131' title='bbox 1241 1272 1288 1310; x_wconf 85' lang='lat' dir='ltr'>ab</span> <span class='ocrx_word' id='word_1_132' title='bbox 1321 1273 1610 1325; x_wconf 87' lang='lat' dir='ltr'>optimatibus:</span> <span class='ocrx_word' id='word_1_133' title='bbox 1643 1286 1663 1310; x_wconf 89' lang='lat' dir='ltr'>a</span> <span class='ocrx_word' id='word_1_134' title='bbox 1694 1286 1775 1324; x_wconf 92' lang='lat' dir='ltr'>quo</span> 
     </span>
     <span class='ocr_line' id='line_1_17' title="bbox 384 1337 1773 1392; baseline 0.001 -16"><span class='ocrx_word' id='word_1_135' title='bbox 384 1337 486 1376; x_wconf 87' lang='lat' dir='ltr'>nihil</span> <span class='ocrx_word' id='word_1_136' title='bbox 519 1339 643 1392; x_wconf 84' lang='lat' dir='ltr'>speres</span> <span class='ocrx_word' id='word_1_137' title='bbox 677 1340 772 1378; x_wconf 92' lang='lat' dir='ltr'>boni</span> <span class='ocrx_word' id='word_1_138' title='bbox 804 1339 1067 1392; x_wconf 74' lang='lat' dir='ltr'>Reipublicae,</span> <span class='ocrx_word' id='word_1_139' title='bbox 1100 1340 1192 1392; x_wconf 85' lang='lat' dir='ltr'>quia</span> <span class='ocrx_word' id='word_1_140' title='bbox 1223 1353 1302 1377; x_wconf 91' lang='lat' dir='ltr'>non</span> <span class='ocrx_word' id='word_1_141' title='bbox 1335 1339 1448 1384; x_wconf 89' lang='lat' dir='ltr'>vult;</span> <span class='ocrx_word' id='word_1_142' title='bbox 1486 1338 1588 1377; x_wconf 90' lang='lat' dir='ltr'>nihil</span> <span class='ocrx_word' id='word_1_143' title='bbox 1623 1349 1773 1378; x_wconf 83' lang='lat' dir='ltr'>metuas</span> 
     </span>
     <span class='ocr_line' id='line_1_18' title="bbox 382 1405 1773 1458; baseline 0.001 -16"><span class='ocrx_word' id='word_1_144' title='bbox 382 1405 492 1450; x_wconf 89' lang='lat' dir='ltr'>mali,</span> <span class='ocrx_word' id='word_1_145' title='bbox 523 1406 616 1458; x_wconf 89' lang='lat' dir='ltr'>quia</span> <span class='ocrx_word' id='word_1_146' title='bbox 645 1420 724 1444; x_wconf 93' lang='lat' dir='ltr'>non</span> <span class='ocrx_word' id='word_1_147' title='bbox 754 1407 884 1445; x_wconf 88' lang='lat' dir='ltr'>audet.</span> <span class='ocrx_word' id='word_1_148' title='bbox 931 1407 1029 1458; x_wconf 88' lang='lat' dir='ltr'>Ejus</span> <span class='ocrx_word' id='word_1_149' title='bbox 1061 1414 1192 1443; x_wconf 86' lang='lat' dir='ltr'>autem</span> <span class='ocrx_word' id='word_1_150' title='bbox 1223 1406 1375 1457; x_wconf 86' lang='lat' dir='ltr'>collega</span> <span class='ocrx_word' id='word_1_151' title='bbox 1403 1415 1440 1443; x_wconf 93' lang='lat' dir='ltr'>et</span> <span class='ocrx_word' id='word_1_152' title='bbox 1471 1406 1512 1443; x_wconf 91' lang='lat' dir='ltr'>in</span> <span class='ocrx_word' id='word_1_153' title='bbox 1543 1419 1606 1444; x_wconf 91' lang='lat' dir='ltr'>me</span> <span class='ocrx_word' id='word_1_154' title='bbox 1627 1405 1773 1458; x_wconf 89' lang='lat' dir='ltr'>perho-</span> 
     </span>
     <span class='ocr_line' id='line_1_19' title="bbox 382 1471 1775 1526; baseline 0.001 -17"><span class='ocrx_word' id='word_1_155' title='bbox 382 1471 585 1517; x_wconf 86' lang='lat' dir='ltr'>norificus,</span> <span class='ocrx_word' id='word_1_156' title='bbox 616 1482 655 1511; x_wconf 92' lang='lat' dir='ltr'>et</span> <span class='ocrx_word' id='word_1_157' title='bbox 688 1473 863 1526; x_wconf 90' lang='lat' dir='ltr'>partium</span> <span class='ocrx_word' id='word_1_158' title='bbox 895 1472 1086 1510; x_wconf 90' lang='lat' dir='ltr'>studiosus</span> <span class='ocrx_word' id='word_1_159' title='bbox 1121 1485 1165 1510; x_wconf 90' lang='lat' dir='ltr'>ac</span> <span class='ocrx_word' id='word_1_160' title='bbox 1195 1471 1373 1510; x_wconf 90' lang='lat' dir='ltr'>defensor</span> <span class='ocrx_word' id='word_1_161' title='bbox 1408 1472 1615 1511; x_wconf 84' lang='lat' dir='ltr'>bonarum.</span> <span class='ocrx_word' id='word_1_162' title='bbox 1661 1473 1775 1524; x_wconf 84' lang='lat' dir='ltr'>Qin</span> 
     </span>
     <span class='ocr_line' id='line_1_20' title="bbox 382 1536 1772 1590; baseline 0.001 -15"><span class='ocrx_word' id='word_1_163' title='bbox 382 1536 508 1576; x_wconf 89' lang='lat' dir='ltr'>immo</span> <span class='ocrx_word' id='word_1_164' title='bbox 529 1539 666 1577; x_wconf 87' lang='lat' dir='ltr'>leviter</span> <span class='ocrx_word' id='word_1_165' title='bbox 685 1539 788 1577; x_wconf 91' lang='lat' dir='ltr'>inter</span> <span class='ocrx_word' id='word_1_166' title='bbox 809 1539 844 1577; x_wconf 92' lang='lat' dir='ltr'>se</span> <span class='ocrx_word' id='word_1_167' title='bbox 865 1539 1060 1577; x_wconf 88' lang='lat' dir='ltr'>diffident.</span> <span class='ocrx_word' id='word_1_168' title='bbox 1108 1538 1180 1576; x_wconf 91' lang='lat' dir='ltr'>Sed</span> <span class='ocrx_word' id='word_1_169' title='bbox 1210 1552 1342 1576; x_wconf 88' lang='lat' dir='ltr'>vereor</span> <span class='ocrx_word' id='word_1_170' title='bbox 1372 1551 1419 1576; x_wconf 90' lang='lat' dir='ltr'>ne</span> <span class='ocrx_word' id='word_1_171' title='bbox 1447 1538 1538 1583; x_wconf 90' lang='lat' dir='ltr'>hoc,</span> <span class='ocrx_word' id='word_1_172' title='bbox 1570 1538 1678 1590; x_wconf 90' lang='lat' dir='ltr'>quod</span> <span class='ocrx_word' id='word_1_173' title='bbox 1707 1539 1772 1576; x_wconf 91' lang='lat' dir='ltr'>in-</span> 
     </span>
     <span class='ocr_line' id='line_1_21' title="bbox 383 1602 1773 1657; baseline 0.001 -17"><span class='ocrx_word' id='word_1_174' title='bbox 383 1602 532 1641; x_wconf 60' lang='lat' dir='ltr'>festum</span> <span class='ocrx_word' id='word_1_175' title='bbox 552 1604 619 1648; x_wconf 90' lang='lat' dir='ltr'>est,</span> <span class='ocrx_word' id='word_1_176' title='bbox 651 1604 774 1657; x_wconf 88' lang='lat' dir='ltr'>serpat</span> <span class='ocrx_word' id='word_1_177' title='bbox 794 1605 967 1657; x_wconf 90' lang='lat' dir='ltr'>longius.</span> <span class='ocrx_word' id='word_1_178' title='bbox 1015 1604 1144 1643; x_wconf 91' lang='lat' dir='ltr'>Credo</span> <span class='ocrx_word' id='word_1_179' title='bbox 1174 1605 1281 1642; x_wconf 89' lang='lat' dir='ltr'>enim</span> <span class='ocrx_word' id='word_1_180' title='bbox 1311 1613 1348 1642; x_wconf 90' lang='lat' dir='ltr'>te</span> <span class='ocrx_word' id='word_1_181' title='bbox 1368 1604 1524 1649; x_wconf 87' lang='lat' dir='ltr'>audiffe,</span> <span class='ocrx_word' id='word_1_182' title='bbox 1557 1617 1649 1642; x_wconf 91' lang='lat' dir='ltr'>cum</span> <span class='ocrx_word' id='word_1_183' title='bbox 1670 1604 1773 1656; x_wconf 85' lang='lat' dir='ltr'>apud</span> 
     </span>
     <span class='ocr_line' id='line_1_22' title="bbox 383 1669 1770 1722; baseline 0.001 -16"><span class='ocrx_word' id='word_1_184' title='bbox 383 1669 571 1707; x_wconf 64' lang='lat' dir='ltr'>Caesarem</span> <span class='ocrx_word' id='word_1_185' title='bbox 602 1683 672 1721; x_wconf 92' lang='lat' dir='ltr'>pro</span> <span class='ocrx_word' id='word_1_186' title='bbox 695 1670 843 1722; x_wconf 90' lang='lat' dir='ltr'>populo</span> <span class='ocrx_word' id='word_1_187' title='bbox 864 1670 987 1715; x_wconf 90' lang='lat' dir='ltr'>fieret,</span> <span class='ocrx_word' id='word_1_188' title='bbox 1019 1670 1159 1708; x_wconf 79' lang='lat' dir='ltr'>venisse</span> <span class='ocrx_word' id='word_1_189' title='bbox 1179 1684 1224 1708; x_wconf 93' lang='lat' dir='ltr'>eo</span> <span class='ocrx_word' id='word_1_190' title='bbox 1245 1670 1431 1708; x_wconf 87' lang='lat' dir='ltr'>muliebri</span> <span class='ocrx_word' id='word_1_191' title='bbox 1452 1670 1590 1708; x_wconf 90' lang='lat' dir='ltr'>vestitu</span> <span class='ocrx_word' id='word_1_192' title='bbox 1611 1671 1740 1708; x_wconf 87' lang='lat' dir='ltr'>virum</span> <span class='ocrx_word' id='word_1_193' title='bbox 1758 1689 1770 1714; x_wconf 90' lang='lat'>;</span> 
     </span>
     <span class='ocr_line' id='line_1_23' title="bbox 382 1733 1773 1787; baseline 0.002 -17"><span class='ocrx_word' id='word_1_194' title='bbox 382 1733 501 1785; x_wconf 85' lang='lat' dir='ltr'>idque</span> <span class='ocrx_word' id='word_1_195' title='bbox 541 1734 774 1772; x_wconf 88' lang='lat' dir='ltr'>sacrificium</span> <span class='ocrx_word' id='word_1_196' title='bbox 814 1749 905 1773; x_wconf 89' lang='lat' dir='ltr'>cum</span> <span class='ocrx_word' id='word_1_197' title='bbox 941 1735 1110 1787; x_wconf 86' lang='lat' dir='ltr'>virgines</span> <span class='ocrx_word' id='word_1_198' title='bbox 1151 1734 1430 1780; x_wconf 83' lang='lat' dir='ltr'>instauraffent‚</span> <span class='ocrx_word' id='word_1_199' title='bbox 1472 1736 1718 1773; x_wconf 88' lang='lat' dir='ltr'>mentionem</span> <span class='ocrx_word' id='word_1_200' title='bbox 1752 1750 1773 1773; x_wconf 91' lang='lat' dir='ltr'>a</span> 
     </span>
     <span class='ocr_line' id='line_1_24' title="bbox 383 1800 1770 1853; baseline 0 -15"><span class='ocrx_word' id='word_1_201' title='bbox 383 1801 446 1851; x_wconf 72' lang='lat' dir='ltr'>Q</span> <span class='ocrx_word' id='word_1_202' title='bbox 463 1800 680 1839; x_wconf 89' lang='lat' dir='ltr'>Cornificio</span> <span class='ocrx_word' id='word_1_203' title='bbox 702 1801 742 1838; x_wconf 92' lang='lat' dir='ltr'>in</span> <span class='ocrx_word' id='word_1_204' title='bbox 766 1801 906 1838; x_wconf 88' lang='lat' dir='ltr'>Senatu</span> <span class='ocrx_word' id='word_1_205' title='bbox 927 1800 1069 1839; x_wconf 60' lang='lat' dir='ltr'>saetam</span> <span class='ocrx_word' id='word_1_206' title='bbox 1088 1816 1097 1839; x_wconf 73' lang='grc' dir='ltr'>ε</span> <span class='ocrx_word' id='word_1_207' title='bbox 1133 1802 1183 1853; x_wconf 88' lang='lat' dir='ltr'>(is</span> <span class='ocrx_word' id='word_1_208' title='bbox 1204 1801 1282 1838; x_wconf 89' lang='lat' dir='ltr'>fuit</span> <span class='ocrx_word' id='word_1_209' title='bbox 1304 1802 1484 1853; x_wconf 88' lang='lat' dir='ltr'>princeps</span> <span class='ocrx_word' id='word_1_210' title='bbox 1503 1821 1514 1846; x_wconf 73' lang='lat'><em>3</em></span> <span class='ocrx_word' id='word_1_211' title='bbox 1548 1816 1594 1839; x_wconf 90' lang='lat' dir='ltr'>ne</span> <span class='ocrx_word' id='word_1_212' title='bbox 1623 1812 1664 1839; x_wconf 90' lang='lat' dir='ltr'>tu</span> <span class='ocrx_word' id='word_1_213' title='bbox 1686 1801 1770 1838; x_wconf 89' lang='lat' dir='ltr'>for-</span> 
     </span>
     <span class='ocr_line' id='line_1_25' title="bbox 382 1865 1772 1919; baseline 0.001 -16"><span class='ocrx_word' id='word_1_214' title='bbox 382 1875 419 1903; x_wconf 90' lang='lat' dir='ltr'>te</span> <span class='ocrx_word' id='word_1_215' title='bbox 440 1865 614 1918; x_wconf 89' lang='lat' dir='ltr'>aliquem</span> <span class='ocrx_word' id='word_1_216' title='bbox 634 1866 808 1904; x_wconf 88' lang='lat' dir='ltr'>nostrum</span> <span class='ocrx_word' id='word_1_217' title='bbox 836 1866 968 1919; x_wconf 87' lang='lat' dir='ltr'>putes)</span> <span class='ocrx_word' id='word_1_218' title='bbox 993 1866 1121 1919; x_wconf 82' lang='lat' dir='ltr'>postea</span> <span class='ocrx_word' id='word_1_219' title='bbox 1148 1880 1230 1904; x_wconf 88' lang='lat' dir='ltr'>rem</span> <span class='ocrx_word' id='word_1_220' title='bbox 1257 1880 1303 1904; x_wconf 86' lang='lat' dir='ltr'>ex</span> <span class='ocrx_word' id='word_1_221' title='bbox 1336 1866 1695 1904; x_wconf 86' lang='lat' dir='ltr'>senatus-consulto</span> <span class='ocrx_word' id='word_1_222' title='bbox 1725 1866 1772 1904; x_wconf 89' lang='lat' dir='ltr'>ad</span> 
     </span>
     <span class='ocr_line' id='line_1_26' title="bbox 382 1932 1771 1985; baseline 0.001 -16"><span class='ocrx_word' id='word_1_223' title='bbox 382 1932 588 1984; x_wconf 89' lang='lat' dir='ltr'>pontifices</span> <span class='ocrx_word' id='word_1_224' title='bbox 622 1933 795 1977; x_wconf 86' lang='lat' dir='ltr'>relatam,</span> <span class='ocrx_word' id='word_1_225' title='bbox 829 1933 947 1985; x_wconf 91' lang='lat' dir='ltr'>idque</span> <span class='ocrx_word' id='word_1_226' title='bbox 977 1933 1024 1970; x_wconf 89' lang='lat' dir='ltr'>ab</span> <span class='ocrx_word' id='word_1_227' title='bbox 1057 1933 1104 1970; x_wconf 89' lang='lat' dir='ltr'>iis</span> <span class='ocrx_word' id='word_1_228' title='bbox 1136 1932 1242 1970; x_wconf 83' lang='lat' dir='ltr'>nefas</span> <span class='ocrx_word' id='word_1_229' title='bbox 1269 1932 1341 1970; x_wconf 81' lang='lat' dir='ltr'>effe</span> <span class='ocrx_word' id='word_1_230' title='bbox 1368 1932 1597 1971; x_wconf 88' lang='lat' dir='ltr'>decretum:</span> <span class='ocrx_word' id='word_1_231' title='bbox 1631 1933 1771 1970; x_wconf 83' lang='lat' dir='ltr'>deinde</span> 
     </span>
     <span class='ocr_line' id='line_1_27' title="bbox 381 1997 1770 2050; baseline 0.001 -16"><span class='ocrx_word' id='word_1_232' title='bbox 381 2011 429 2034; x_wconf 80' lang='lat' dir='ltr'>ex</span> <span class='ocrx_word' id='word_1_233' title='bbox 457 1997 815 2036; x_wconf 87' lang='lat' dir='ltr'>senatus-consulto</span> <span class='ocrx_word' id='word_1_234' title='bbox 846 1997 1036 2036; x_wconf 90' lang='lat' dir='ltr'>Consules</span> <span class='ocrx_word' id='word_1_235' title='bbox 1065 1998 1308 2049; x_wconf 89' lang='lat' dir='ltr'>rogationem</span> <span class='ocrx_word' id='word_1_236' title='bbox 1336 1998 1623 2050; x_wconf 70' lang='lat' dir='ltr'>promulgass&#39;e5</span> <span class='ocrx_word' id='word_1_237' title='bbox 1657 1998 1770 2035; x_wconf 84' lang='lat' dir='ltr'>uxori</span> 
     </span>
     <span class='ocr_line' id='line_1_28' title="bbox 383 2063 1766 2108; baseline 0.001 -8"><span class='ocrx_word' id='word_1_238' title='bbox 383 2063 572 2101; x_wconf 82' lang='lat' dir='ltr'>Caesarem</span> <span class='ocrx_word' id='word_1_239' title='bbox 605 2064 792 2102; x_wconf 89' lang='lat' dir='ltr'>nuntium</span> <span class='ocrx_word' id='word_1_240' title='bbox 825 2064 1018 2102; x_wconf 86' lang='lat' dir='ltr'>remififfe.</span> <span class='ocrx_word' id='word_1_241' title='bbox 1066 2065 1112 2102; x_wconf 91' lang='lat' dir='ltr'>In</span> <span class='ocrx_word' id='word_1_242' title='bbox 1146 2063 1218 2101; x_wconf 90' lang='lat' dir='ltr'>hac</span> <span class='ocrx_word' id='word_1_243' title='bbox 1246 2063 1356 2101; x_wconf 87' lang='lat' dir='ltr'>causa</span> <span class='ocrx_word' id='word_1_244' title='bbox 1387 2063 1489 2108; x_wconf 90' lang='lat' dir='ltr'>Piso,</span> <span class='ocrx_word' id='word_1_245' title='bbox 1521 2064 1695 2101; x_wconf 87' lang='lat' dir='ltr'>amicitia</span> <span class='ocrx_word' id='word_1_246' title='bbox 1722 2064 1766 2102; x_wconf 91' lang='lat' dir='ltr'>P.</span> 
     </span>
     <span class='ocr_line' id='line_1_29' title="bbox 382 2129 1770 2183; baseline 0.001 -17"><span class='ocrx_word' id='word_1_247' title='bbox 382 2129 517 2167; x_wconf 93' lang='lat' dir='ltr'>Clodii</span> <span class='ocrx_word' id='word_1_248' title='bbox 538 2130 692 2175; x_wconf 67' lang='lat' dir='ltr'>du&amp;us‚</span> <span class='ocrx_word' id='word_1_249' title='bbox 724 2144 881 2183; x_wconf 83' lang='lat' dir='ltr'>operam</span> <span class='ocrx_word' id='word_1_250' title='bbox 904 2131 982 2175; x_wconf 92' lang='lat' dir='ltr'>dat,</span> <span class='ocrx_word' id='word_1_251' title='bbox 1015 2140 1059 2168; x_wconf 86' lang='lat' dir='ltr'>ut</span> <span class='ocrx_word' id='word_1_252' title='bbox 1086 2144 1128 2168; x_wconf 87' lang='lat' dir='ltr'>ea</span> <span class='ocrx_word' id='word_1_253' title='bbox 1155 2131 1318 2182; x_wconf 86' lang='lat' dir='ltr'>rogatio,</span> <span class='ocrx_word' id='word_1_254' title='bbox 1351 2143 1470 2182; x_wconf 89' lang='lat' dir='ltr'>quam</span> <span class='ocrx_word' id='word_1_255' title='bbox 1501 2130 1581 2182; x_wconf 88' lang='lat' dir='ltr'>ipse</span> <span class='ocrx_word' id='word_1_256' title='bbox 1609 2129 1699 2175; x_wconf 89' lang='lat' dir='ltr'>fert,</span> <span class='ocrx_word' id='word_1_257' title='bbox 1731 2139 1770 2167; x_wconf 93' lang='lat' dir='ltr'>et</span> 
     </span>
     <span class='ocr_line' id='line_1_30' title="bbox 382 2194 1771 2248; baseline 0 -16"><span class='ocrx_word' id='word_1_258' title='bbox 382 2194 457 2232; x_wconf 89' lang='lat' dir='ltr'>fert</span> <span class='ocrx_word' id='word_1_259' title='bbox 484 2209 531 2233; x_wconf 85' lang='lat' dir='ltr'>ex</span> <span class='ocrx_word' id='word_1_260' title='bbox 560 2195 917 2234; x_wconf 84' lang='lat' dir='ltr'>senatus—consulto</span> <span class='ocrx_word' id='word_1_261' title='bbox 946 2205 984 2234; x_wconf 88' lang='lat' dir='ltr'>et</span> <span class='ocrx_word' id='word_1_262' title='bbox 1014 2195 1061 2233; x_wconf 90' lang='lat' dir='ltr'>de</span> <span class='ocrx_word' id='word_1_263' title='bbox 1087 2195 1290 2247; x_wconf 82' lang='lat' dir='ltr'>religione,</span> <span class='ocrx_word' id='word_1_264' title='bbox 1322 2196 1562 2248; x_wconf 87' lang='lat' dir='ltr'>antiquetur.</span> <span class='ocrx_word' id='word_1_265' title='bbox 1610 2195 1771 2232; x_wconf 75' lang='lat' dir='ltr'>Messala</span> 
     </span>
     <span class='ocr_line' id='line_1_31' title="bbox 381 2259 1766 2313; baseline 0.001 -16"><span class='ocrx_word' id='word_1_266' title='bbox 381 2259 632 2299; x_wconf 88' lang='lat' dir='ltr'>vehementer</span> <span class='ocrx_word' id='word_1_267' title='bbox 652 2261 780 2299; x_wconf 89' lang='lat' dir='ltr'>adhuc</span> <span class='ocrx_word' id='word_1_268' title='bbox 801 2262 881 2313; x_wconf 88' lang='lat' dir='ltr'>agit</span> <span class='ocrx_word' id='word_1_269' title='bbox 903 2261 1040 2299; x_wconf 89' lang='lat' dir='ltr'>severe.</span> <span class='ocrx_word' id='word_1_270' title='bbox 1088 2262 1188 2299; x_wconf 92' lang='lat' dir='ltr'>Boni</span> <span class='ocrx_word' id='word_1_271' title='bbox 1218 2261 1290 2299; x_wconf 87' lang='lat' dir='ltr'>viri</span> <span class='ocrx_word' id='word_1_272' title='bbox 1324 2261 1506 2313; x_wconf 81' lang='lat' dir='ltr'>precibus</span> <span class='ocrx_word' id='word_1_273' title='bbox 1540 2261 1674 2298; x_wconf 89' lang='lat' dir='ltr'>Clodii</span> <span class='ocrx_word' id='word_1_274' title='bbox 1706 2275 1766 2298; x_wconf 90' lang='lat' dir='ltr'>re-</span> 
     </span>
     <span class='ocr_line' id='line_1_32' title="bbox 381 2327 1766 2379; baseline 0.001 -16"><span class='ocrx_word' id='word_1_275' title='bbox 381 2336 589 2364; x_wconf 87' lang='lat' dir='ltr'>moventur</span> <span class='ocrx_word' id='word_1_276' title='bbox 609 2341 628 2364; x_wconf 86' lang='lat' dir='ltr'>a</span> <span class='ocrx_word' id='word_1_277' title='bbox 649 2327 785 2373; x_wconf 86' lang='lat' dir='ltr'>causa;</span> <span class='ocrx_word' id='word_1_278' title='bbox 818 2341 942 2379; x_wconf 84' lang='lat' dir='ltr'>operae</span> <span class='ocrx_word' id='word_1_279' title='bbox 974 2337 1276 2379; x_wconf 83' lang='lat' dir='ltr'>comparantur;</span> <span class='ocrx_word' id='word_1_280' title='bbox 1311 2327 1549 2378; x_wconf 80' lang='lat' dir='ltr'>nosmetipsi,</span> <span class='ocrx_word' id='word_1_281' title='bbox 1581 2327 1650 2379; x_wconf 92' lang='lat' dir='ltr'>qui</span> <span class='ocrx_word' id='word_1_282' title='bbox 1683 2327 1766 2378; x_wconf 91' lang='lat' dir='ltr'>Ly-</span> 
     </span>
     <span class='ocr_line' id='line_1_33' title="bbox 383 2391 1768 2445; baseline 0.001 -18"><span class='ocrx_word' id='word_1_283' title='bbox 383 2393 515 2442; x_wconf 88' lang='lat' dir='ltr'>curgei</span> <span class='ocrx_word' id='word_1_284' title='bbox 535 2405 555 2429; x_wconf 89' lang='lat' dir='ltr'>a</span> <span class='ocrx_word' id='word_1_285' title='bbox 576 2393 772 2445; x_wconf 87' lang='lat' dir='ltr'>principio</span> <span class='ocrx_word' id='word_1_286' title='bbox 793 2392 1011 2438; x_wconf 78' lang='lat' dir='ltr'>fuissemus,</span> <span class='ocrx_word' id='word_1_287' title='bbox 1043 2392 1222 2445; x_wconf 90' lang='lat' dir='ltr'>quotidie</span> <span class='ocrx_word' id='word_1_288' title='bbox 1242 2393 1534 2444; x_wconf 85' lang='lat' dir='ltr'>demitigamur.</span> <span class='ocrx_word' id='word_1_289' title='bbox 1579 2391 1698 2430; x_wconf 88' lang='lat' dir='ltr'>Instat</span> <span class='ocrx_word' id='word_1_290' title='bbox 1730 2402 1768 2429; x_wconf 87' lang='lat' dir='ltr'>et</span> 
     </span>
     <span class='ocr_line' id='line_1_34' title="bbox 382 2457 1764 2510; baseline 0.001 -17"><span class='ocrx_word' id='word_1_291' title='bbox 382 2465 494 2507; x_wconf 85' lang='lat' dir='ltr'>urget</span> <span class='ocrx_word' id='word_1_292' title='bbox 527 2457 639 2495; x_wconf 89' lang='lat' dir='ltr'>Cato.</span> <span class='ocrx_word' id='word_1_293' title='bbox 687 2459 796 2510; x_wconf 83' lang='lat' dir='ltr'>Qid</span> <span class='ocrx_word' id='word_1_294' title='bbox 824 2459 981 2497; x_wconf 80' lang='lat' dir='ltr'>multa?</span> <span class='ocrx_word' id='word_1_295' title='bbox 1013 2472 1159 2503; x_wconf 89' lang='lat' dir='ltr'>vereor,</span> <span class='ocrx_word' id='word_1_296' title='bbox 1192 2472 1239 2496; x_wconf 94' lang='lat' dir='ltr'>ne</span> <span class='ocrx_word' id='word_1_297' title='bbox 1271 2458 1368 2504; x_wconf 85' lang='lat' dir='ltr'>haec,</span> <span class='ocrx_word' id='word_1_298' title='bbox 1402 2458 1575 2510; x_wconf 63' lang='lat' dir='ltr'>negledhi</span> <span class='ocrx_word' id='word_1_299' title='bbox 1595 2471 1614 2495; x_wconf 89' lang='lat' dir='ltr'>a</span> <span class='ocrx_word' id='word_1_300' title='bbox 1637 2458 1764 2501; x_wconf 87' lang='lat' dir='ltr'>bonis,</span> 
     </span>
     <span class='ocr_line' id='line_1_35' title="bbox 380 2521 1767 2577; baseline 0 -18"><span class='ocrx_word' id='word_1_301' title='bbox 380 2521 533 2560; x_wconf 78' lang='lat' dir='ltr'>defensa</span> <span class='ocrx_word' id='word_1_302' title='bbox 564 2522 611 2560; x_wconf 93' lang='lat' dir='ltr'>ab</span> <span class='ocrx_word' id='word_1_303' title='bbox 644 2522 850 2575; x_wconf 86' lang='lat' dir='ltr'>improbis,</span> <span class='ocrx_word' id='word_1_304' title='bbox 882 2538 1117 2577; x_wconf 83' lang='lat' dir='ltr'>magnorum</span> <span class='ocrx_word' id='word_1_305' title='bbox 1151 2524 1397 2576; x_wconf 85' lang='lat' dir='ltr'>Reipublicae</span> <span class='ocrx_word' id='word_1_306' title='bbox 1429 2524 1623 2562; x_wconf 85' lang='lat' dir='ltr'>malorum</span> <span class='ocrx_word' id='word_1_307' title='bbox 1656 2522 1767 2560; x_wconf 85' lang='lat' dir='ltr'>causa</span> 
     </span>
    </p>
   </div>
  </div>
 </body>
</html>
