2243 3008
520 194 628 233 AD
685 194 1115 233 ATTICUM
1183 197 1492 242 LIB.V111.
1621 218 1696 260 215

312 293 409 347 quid
429 295 590 347 agenti?
620 291 717 345 quid
737 292 901 330 aetum?
933 292 1095 344 Qanto
1124 302 1256 332 autem
1286 295 1456 338 ferocius
1483 301 1551 340 ille
1577 302 1697 340 causae

312 359 387 398 suae
421 359 607 404 confidet,
647 371 741 396 cum
773 371 855 402 VOS,
887 371 980 395 cum
1012 357 1124 397 vestri
1159 359 1317 406 ssmiles,
1349 376 1427 401 non
1460 366 1581 405 modo
1615 367 1695 406 fre-

313 434 491 477 quentes,
522 423 585 462 sed
605 423 694 461 laeto
715 422 828 461 vultu
848 423 1102 475 gratulantes,
1124 424 1293 463 viderit?
1326 428 1439 466 Num
1460 431 1582 482 igitur
1602 447 1695 485 pec-

311 503 443 528 camus
463 491 476 527 ?
509 489 683 527 Minime
703 501 770 526 vos
791 488 952 541 quidem
972 504 980 527 :
1013 489 1076 528 sed
1107 499 1236 528 tamen
1266 491 1371 544 figna
1394 496 1695 543 conturbantur,

311 555 457 608 quibus
478 554 657 593 voluntas
678 567 700 591 a
719 554 965 592 fimulatione
985 554 1173 607 distingui
1201 556 1337 608 poffet.
1385 559 1484 610 Qae
1516 575 1606 599 vero
1637 563 1695 600 se-

310 620 627 658 natus-consulta
646 619 791 657 video?
823 619 896 658 Sed
917 620 1102 672 apertius,
1133 635 1252 673 quam
1271 624 1563 676 proposueram.
1610 628 1697 679 Ego

309 687 455 739 Arpini
486 686 577 724 volo
609 686 680 724 effe
714 686 839 739 pridie
877 686 963 724 Kal.
1001 686 1139 725 deinde
1174 689 1326 726 circum
1360 690 1515 729 villulas
1552 693 1694 732 nostras

309 766 447 797 errare,
479 765 572 804 quas
594 751 768 790 visurum
788 765 852 790 me
871 751 1001 805 postea
1029 753 1238 805 desperavi.
1285 751 1394 799 131}va
1425 766 1491 794 tua
1521 759 1694 805 consilia,

309 828 349 857 et
370 828 499 857 tamen
521 832 592 871 pro
622 818 866 871 temporibus
887 832 966 857 non
996 820 1166 864 incauta,
1197 820 1300 858 mihi
1326 822 1436 860 valde
1463 824 1693 876 probantur.

311 884 466 937 Lepido
486 884 648 936 quidem
671 886 780 937 (nam
800 884 881 923 fere
900 881 1160 935 πνῶημερεύομεν
1177 900 1186 924 :
1219 887 1326 938 quod
1351 889 1612 940 gratissimum
1632 891 1694 929 illi

309 950 380 1000 est)
413 963 617 1003 nunquam
647 951 798 1003 placuit
827 964 875 989 ex
907 950 1020 988 Italia
1049 951 1182 996 exire3
1215 953 1341 991 Tullo
1371 955 1501 993 multo
1531 957 1691 996 minus:

310 1016 447 1054 crebro
475 1015 583 1054 enim
613 1016 720 1054 illius
748 1016 869 1054 literae
895 1015 943 1053 ab
972 1015 1057 1054 aliis
1085 1016 1132 1054 ad
1160 1030 1230 1055 nos
1252 1030 1492 1059 commeant.
1537 1021 1610 1060 Sed
1630 1035 1695 1061 me

308 1082 471 1120 illorum
506 1081 704 1120 sententiae
739 1082 871 1119 minus
906 1082 1144 1121 movebant:
1188 1084 1320 1123 minus
1353 1086 1480 1124 multa
1510 1086 1693 1127 dederant

308 1146 370 1185 illi
397 1146 644 1199 Reipublicae
670 1133 854 1198 pignora.
900 1147 990 1184 Tua
1009 1145 1234 1186 mehercule
1254 1151 1459 1190 auctoritas
1480 1151 1692 1191 vehemen-

308 1220 368 1250 ter
385 1220 545 1250 movet:
578 1211 690 1249 affert
715 1211 823 1250 enim
849 1219 889 1249 et
917 1211 1061 1263 reliqui
1091 1215 1278 1265 temporis
1300 1217 1552 1268 recuperandi
1572 1219 1692 1257 ratio-

308 1291 416 1323 nem,
446 1286 485 1316 et
504 1277 701 1330 praesentis
723 1277 873 1316 tuendi.
908 1277 995 1322 Sed,
1026 1277 1186 1317 obsecro
1207 1290 1259 1325 te,
1285 1281 1382 1333 quid
1402 1281 1478 1321 hoc
1498 1284 1692 1330 miserius,

308 1356 428 1396 quam
462 1343 630 1381 alterum
661 1342 817 1395 plausus
849 1343 891 1380 in
923 1342 1131 1381 foediffima
1162 1345 1272 1382 causa
1305 1360 1489 1399 quaerere,
1526 1349 1692 1387 alterum

307 1408 537 1447 offenfiones
567 1409 609 1446 in
629 1408 810 1461 optima?
841 1408 1008 1447 alterum
1037 1409 1249 1448 existimari
1278 1411 1585 1451 conservatorem
1613 1415 1692 1452 ini-

309 1474 521 1520 micorum,
570 1474 739 1513 alterum
783 1474 1016 1513 desertorem
1061 1475 1279 1515 amicorum
1304 1478 1317 1514 ?
1372 1479 1426 1516 Et
1470 1479 1694 1518 mehercule

309 1540 487 1592 quamvis
519 1552 694 1578 amemus
717 1541 882 1578 Cnaeum
909 1539 1112 1586 nostrum;
1144 1550 1188 1579 ut
1219 1551 1258 1580 et
1289 1541 1472 1589 facimus,
1503 1554 1541 1582 et
1571 1545 1691 1583 debe-

308 1616 425 1649 mus,
466 1612 596 1642 tamen
630 1603 722 1648 hoc,
753 1604 861 1657 quod
894 1604 1038 1643 talibus
1071 1605 1164 1644 viris
1200 1619 1278 1644 non
1313 1607 1508 1653 subvenit,
1538 1609 1693 1648 laudare

309 1683 388 1708 non
409 1669 576 1722 poffum.
622 1670 730 1708 Nam
756 1670 830 1708 five
859 1670 1022 1715 timuit;
1055 1670 1152 1723 quid
1173 1671 1382 1723 ignavius?
1414 1674 1504 1718 five,
1535 1684 1578 1712 ut
1599 1676 1689 1727 qui-

309 1736 398 1774 dam
417 1745 573 1788 putant,
604 1736 808 1774 meliorem
838 1736 945 1774 suam
971 1736 1123 1775 causam
1153 1737 1314 1776 illorum
1343 1739 1445 1777 caede
1472 1739 1554 1778 fore
1574 1751 1690 1793 puta·

308 1802 392 1846 vit;
425 1801 521 1854 quid
541 1800 721 1853 injustius
740 1802 754 1838 ?
786 1801 859 1839 Sed
878 1800 961 1840 haec
982 1803 1212 1840 omittamus
1231 1819 1240 1841 ;
1273 1817 1459 1855 augemus
1480 1805 1586 1842 enirn
1617 1805 1689 1843 do-

309 1867 432 1906 lorem
453 1866 706 1905 retractando.
739 1867 856 1905 Sexto
877 1866 1043 1905 Kalend.
1067 1867 1212 1919 vesperi
1233 1869 1377 1906 Balbus
1398 1871 1529 1907 minor
1554 1870 1600 1907 ad
1627 1884 1692 1909 me

309 1933 430 1977 venit,
462 1932 618 1970 occulta
642 1932 704 1971 via
729 1946 888 1971 currens
915 1932 962 1970 ad
992 1933 1211 1971 Lentulum
1245 1934 1335 1972 Cos.
1370 1935 1483 1973 miffu
1516 1936 1689 1981 Caesaris,

309 2011 402 2036 cum
422 1997 561 2043 literis,
592 2011 685 2036 cum
712 1997 921 2043 mandatis,
951 2011 1044 2036 cum
1074 1998 1323 2051 promiffione
1349 2000 1573 2052 provinciae,
1604 2001 1690 2039 Ro-

309 2077 415 2101 mam
446 2072 490 2101 ut
521 2063 676 2102 redeat:
708 2065 774 2102 cui
805 2064 1022 2117 persuaderi
1051 2064 1155 2116 poffe
1189 2078 1267 2102 non
1302 2065 1482 2110 arbitror,
1515 2066 1583 2104 nifi
1618 2067 1691 2104 erit

310 2138 540 2167 conventus.
573 2128 683 2167 Idem
703 2130 844 2175 aiebat,
875 2129 977 2168 nihil
998 2130 1115 2168 malle
1137 2131 1340 2175 Caesarem,
1363 2144 1480 2182 quam
1502 2140 1545 2168 ut
1567 2131 1688 2168 Pom·

276 2243 283 2248 ι
310 2196 442 2247 peium
462 2193 714 2247 affi’queretur,
745 2196 785 2234 id
805 2196 949 2241 credo;
981 2205 1019 2234 et
1039 2195 1172 2234 rediret
1192 2196 1228 2235 in
1243 2197 1420 2248 gratiam,
1444 2196 1482 2233 id
1504 2190 1583 2234 non
1603 2210 1687 2234 cre-

311 2260 361 2296 do
380 2275 389 2298 :
421 2269 460 2298 et
480 2271 628 2306 metuo,
660 2275 708 2300 ne
728 2262 857 2300 omnis
878 2261 961 2300 haec
983 2262 1193 2300 clementia
1213 2262 1257 2299 ad
1280 2274 1396 2299 unam
1418 2261 1527 2299 illam
1548 2262 1688 2299 crude-

311 2325 463 2362 litatem
482 2325 704 2378 colligatur.
747 2327 892 2365 Balbus
918 2327 1080 2379 quidem
1108 2329 1231 2379 major
1251 2327 1296 2365 ad
1323 2341 1385 2365 me
1406 2327 1555 2372 scribit,
1588 2327 1689 2370 nihil

312 2389 428 2427 malle
449 2390 651 2437 Caesarem,
667 2406 787 2445 quam
806 2393 984 2446 principe
1006 2394 1194 2445 Pompeio
1215 2393 1292 2431 sme
1312 2403 1420 2431 metu
1443 2394 1582 2431 vivere.
1606 2395 1688 2438 Tu,

312 2464 423 2507 pum,
454 2453 536 2493 haec
563 2456 702 2497 credis.
745 2459 833 2506 Sed,
863 2473 956 2498 cum
976 2458 1058 2498 haec
1079 2459 1295 2498 scribebam
1319 2473 1340 2495 v
1364 2459 1453 2498 Kal.
1478 2459 1694 2510 Pompeius⁴
