2243 3008
553 231 659 270 AD
717 226 1148 267 ATTICUM
1217 226 1485 267 LIB.XI.
1636 242 1712 281 319

660 462 902 499 C1CERO
944 461 1198 499 Αττιεο
1241 460 1372 498 SAL.

325 588 480 628 XXIV.
588 590 678 627 UAE
701 588 853 626 dudum
874 587 919 625 ad
941 601 1018 633 me,
1036 596 1089 633 et,
1107 601 1193 640 quae
1213 588 1330 626 etiam
1352 596 1443 626 ante
1462 587 1521 626 bis
1542 588 1589 626 ad
1606 589 1712 627 Tul-

614 656 708 693 liam
729 655 776 692 de
795 668 873 699 me,
899 653 1092 706 scripsisti,
1113 667 1156 691 ea
1175 653 1300 692 sentio
1319 654 1392 692 effe
1413 668 1512 692 vera.
1545 655 1606 692 Eo
1628 655 1712 692 sum

324 722 514 767 miserior,
536 721 621 773 (etfi
642 720 745 759 nihil
765 720 970 758 videbatur
989 719 1078 757 addi
1099 719 1220 772 poffe)
1245 720 1352 771 quod
1372 719 1473 758 mihi
1495 734 1573 758 non
1594 721 1716 759 modo

325 787 436 825 irasci
456 786 673 839 gravissima
692 786 836 838 injuria
854 794 1026 837 accepta,
1058 784 1121 822 sed
1147 798 1196 822 ne
1217 784 1347 823 dolere
1367 785 1528 837 quidem
1550 786 1715 838 impune

326 853 456 890 liceat.
499 853 631 904 Qare
651 851 748 889 istuc
769 850 938 888 feramus
958 865 967 889 :
1000 850 1108 903 quod
1127 863 1220 888 cum
1242 850 1466 896 tulerimus,
1499 860 1626 889 tamen
1649 865 1714 888 ea-

325 917 416 955 dem
447 927 562 955 erunt
596 915 861 970 perpetienda,
901 929 986 967 quae
1022 925 1080 960 tu,
1123 929 1171 953 ne
1203 916 1395 961 accidant,
1436 926 1480 954 ut
1511 929 1714 954 caveamus

324 997 476 1021 mones.
510 984 568 1021 Ea
587 984 692 1021 enim
714 982 767 1020 est
787 982 902 1020 nobis
923 983 1120 1020 contr-aeta
1139 982 1271 1035 culpa,
1294 991 1337 1020 ut
1357 983 1467 1020 omni
1489 982 1601 1027 statu,
1624 996 1714 1020 om-

326 1049 447 1102 nique
467 1049 631 1102 populo,
650 1049 818 1086 eundem
838 1048 992 1086 exitum
1013 1046 1195 1085 habitura
1209 1048 1398 1086 videatur.
1432 1048 1504 1085 Sed
1525 1048 1570 1085 ad
1587 1061 1716 1086 meam

326 1128 491 1152 manum
510 1114 653 1152 redeo:
686 1114 775 1152 sunt
804 1114 911 1151 enim
932 1113 1016 1152 haec
1036 1113 1233 1151 occultius
1263 1114 1424 1165 agenda.
1457 1113 1559 1151 Vide
1588 1113 1721 1166 quaeso

324 1180 443 1217 etiam
464 1192 570 1217 nunc
592 1179 639 1216 de
662 1179 905 1223 testament0‚
925 1178 1031 1230 quod
1052 1188 1138 1216 tum
1159 1177 1321 1222 saetam,
1345 1192 1437 1216 cum
1459 1179 1526 1216 illa
1546 1191 1717 1231 quaerere

326 1253 509 1298 coeperat.
554 1245 650 1283 Non
681 1244 796 1282 credo
827 1253 865 1282 te
894 1244 1133 1290 commorit;
1166 1257 1294 1296 neque
1322 1244 1429 1281 enim
1462 1245 1635 1296 rogarit;
1669 1258 1716 1282 ne

325 1323 390 1348 me
411 1310 588 1363 quidem.
633 1310 705 1348 Sed
726 1301 830 1363 quafi
859 1311 912 1348 ita
933 1310 1006 1355 s1t3
1039 1310 1227 1362 quoniam
1249 1310 1289 1347 in
1312 1309 1528 1347 sermonem
1545 1311 1627 1361 jam
1649 1324 1715 1348 ve-

326 1375 431 1421 nisti,
462 1376 608 1428 poteris
641 1389 727 1414 eam
759 1389 934 1420 monere,
966 1385 1010 1413 ut
1042 1376 1160 1414 alicui
1193 1376 1434 1420 committat,
1466 1376 1578 1427 cujus
1610 1384 1718 1413 extra

326 1442 549 1494 periculum
582 1441 701 1494 hujus
735 1442 830 1480 belli
861 1441 1021 1480 fortuna
1052 1442 1112 1481 fit.
1159 1441 1358 1494 Equidem
1379 1441 1454 1479 tibi
1475 1441 1719 1493 potiffimum

327 1507 465 1551 velim,
496 1506 522 1544 fi
543 1506 649 1544 idem
670 1507 739 1544 illa
757 1507 876 1544 vellet
895 1521 903 1544 :
937 1520 1055 1558 quam
1078 1505 1239 1558 quidem
1261 1506 1346 1543 celo
1367 1506 1561 1551 miseram,
1593 1520 1657 1543 me
1677 1506 1721 1543 in.

327 1571 405 1610 hoc
428 1573 579 1610 timere.
627 1572 689 1609 De
719 1572 791 1609 illo
823 1571 959 1616 altero,
993 1571 1071 1609 scio
1102 1571 1286 1623 equidem
1315 1572 1446 1609 venire
1478 1585 1584 1609 nunc
1617 1570 1720 1609 nihil

326 1637 458 1690 poffe:
492 1636 554 1674 sed
586 1636 718 1688 seponi
750 1646 789 1674 et
820 1637 1011 1675 occultari
1043 1636 1214 1689 poffunt,
1247 1646 1290 1674 ut
1321 1646 1428 1674 extra
1460 1637 1613 1674 ruinam
1646 1637 1720 1675 fint

328 1716 429 1748 eam,
461 1716 547 1755 quae
579 1702 797 1755 impendet.
840 1703 946 1741 Nam
969 1703 1077 1755 quod
1105 1702 1256 1747 scribis,
1289 1701 1402 1740 nobis
1425 1702 1564 1746 nostra,
1595 1711 1634 1739 et
1654 1711 1724 1739 tua

330 1768 543 1813 Terentiae,
574 1767 658 1805 fore
689 1777 818 1820 parata
836 1783 844 1805 z
878 1778 944 1806 tua
976 1767 1120 1813 cred05
1153 1767 1279 1805 nostra
1299 1781 1387 1820 quae
1407 1776 1592 1820 poterunt
1613 1766 1684 1805 effe
1703 1768 1718 1804 ?

331 1835 394 1872 De
421 1834 609 1872 Terentia
639 1843 770 1871 autern
805 1835 942 1886 (mitto
975 1843 1124 1879 caetera,
1156 1847 1242 1886 quae
1275 1834 1364 1871 sunt
1396 1832 1718 1883 innumerabilia)

330 1899 427 1952 quid
448 1899 493 1937 ad
515 1898 590 1937 hoc
611 1899 702 1937 addi
722 1899 878 1952 potest?
911 1899 1137 1952 Scripseram,
1169 1909 1214 1936 ut
1244 1900 1336 1937 H-S
1360 1912 1428 1937 xn
1452 1907 1690 1951 permutaret
1705 1916 1719 1942 5

331 1975 486 2004 tantum
507 1965 579 2004 effe
599 1966 797 2018 reliquum
820 1967 867 2004 de
896 1975 1072 2018 argento.
1119 1965 1232 2004 Mifit
1264 1966 1333 2003 illa
1366 1966 1498 2004 celos
1533 1964 1650 2009 mihi,
1682 1973 1722 2001 et

331 2031 544 2084 adscripfit,
577 2041 733 2070 tantum
757 2032 829 2070 effe
859 2032 1074 2085 reliquum.
1121 2033 1228 2070 Cum
1258 2030 1335 2069 hoc
1367 2040 1449 2069 tam
1479 2043 1643 2083 parvum
1675 2029 1723 2066 de

332 2111 449 2150 parvo
469 2096 693 2143 detraxerit,
725 2097 911 2150 perspicis
941 2099 1038 2150 quid
1068 2099 1108 2136 in
1130 2098 1302 2136 maxima
1322 2111 1361 2134 re
1381 2095 1518 2134 fecerit
1536 2096 1548 2132 ?
1580 2094 1720 2132 Philo-

333 2163 455 2201 timus
478 2175 554 2200 non
577 2163 696 2201 modo
718 2163 852 2201 nullus
872 2164 998 2208 venit,
1028 2163 1091 2201 sed
1123 2177 1172 2201 ne
1202 2177 1270 2215 per
1296 2163 1425 2200 literas
1447 2160 1625 2212 quidem,
1655 2168 1725 2196 aut

333 2241 401 2279 per
422 2229 625 2274 nuntium,
655 2229 862 2267 certiorem
884 2228 980 2267 facit
1001 2243 1065 2267 me
1085 2229 1182 2281 quid
1201 2229 1338 2279 egerit.
1386 2225 1543 2278 Epheso
1562 2225 1633 2277 qui
1653 2238 1723 2262 ve-

336 2293 466 2338 niunt,
498 2294 554 2331 ibi
575 2294 610 2332 se
630 2308 721 2333 eum
742 2295 789 2333 de
810 2295 887 2333 suis
908 2294 1178 2333 controversiis
1199 2294 1239 2331 in
1257 2294 1322 2344 jus
1352 2291 1560 2329 adeuntem
1590 2290 1724 2329 vidisse

334 2358 545 2396 nuntiant:
578 2373 664 2411 quae
685 2360 846 2412 quidem
870 2361 947 2413 (itai
971 2361 1078 2398 enim
1099 2359 1305 2397 verifimile
1334 2357 1406 2407 est)
1438 2358 1478 2395 in
1511 2356 1722 2394 adventum

335 2422 494 2460 Caesaris
515 2422 668 2461 fortaffe
699 2426 947 2476 rejiciuntur.
994 2427 1053 2464 Ita
1083 2435 1152 2463 aut
1182 2424 1284 2462 nihil
1316 2432 1414 2475 puto
1444 2435 1537 2460 eum
1566 2421 1721 2466 habere,

334 2488 438 2540 quod
461 2497 572 2540 putet
594 2488 639 2526 ad
661 2502 724 2527 me
745 2489 910 2529 celerius
932 2490 1224 2543 perferendum,
1255 2499 1294 2528 et
1325 2502 1371 2526 eo
1402 2501 1466 2526 me
1497 2487 1620 2538 magis
1651 2485 1722 2523 effe
