2243 3008
461 274 540 313 260
807 267 1496 310 EPISTOLARUM

464 368 557 423 quod
569 366 826 421 abstnsfizcere
838 364 984 420 pffmt,
1013 373 1107 418 opto.
1153 363 1260 416 Qod
1267 363 1310 416 fi
1327 377 1400 403 una
1418 363 1525 417 estem,
1554 362 1694 418 aliquid
1692 363 1848 419 firtqffl

458 435 628 487 preficere
638 432 764 488 pqffi‘m
782 431 903 472 videri
913 447 927 471 .·
957 444 1052 470 nunc
1069 429 1306 485 expeaatione
1324 429 1478 469 crucior.

800 633 1042 672 C1crzno
1082 631 1340 669 A’r’rtco
1381 629 1513 669 SAL.

467 763 583 803 XIV.
607 759 979 836 MISERAM
1008 758 1055 797 ad
1084 766 1124 797 te
1152 771 1199 797 1x
1229 756 1397 797 Kalend.
1428 756 1657 810 exemplum
1684 758 1856 811 epistolae

730 827 843 866 Balbi
863 825 910 864 ad
929 838 1008 870 me,
1039 833 1078 862 et
1100 823 1258 862 Caesaris
1278 823 1326 861 ad
1345 836 1438 862 eum
1456 838 1465 862 :
1497 836 1589 862 ecce
1608 823 1684 862 tibi
1714 823 1854 863 eodem

466 893 530 932 die
560 895 695 946 Capua
722 893 853 931 literas
882 889 1014 942 accepi
1044 889 1092 927 ab
1122 888 1337 940 QPedio‚
1369 888 1558 927 Caesarem
1588 888 1635 927 ad
1661 889 1698 927 se
1727 890 1853 942 pridie

468 959 562 998 Idus
582 959 706 997 Mart.
730 957 868 996 mififfe
887 955 964 994 hoc
985 954 1168 1006 exemplo
1185 968 1195 992 ε
1227 953 1415 1007 Pompeius
1419 955 1465 1007 fi
1482 953 1602 1007 oppido
1621 964 1732 994 tenet.
1776 956 1855 994 Nos

465 1023 655 1076 adportas
673 1022 789 1075 castra
807 1020 972 1059 habemus
989 1035 1002 1057 :
1023 1033 1192 1058 conamur
1211 1028 1296 1072 opus
1315 1032 1496 1072 magnum,
1516 1028 1552 1058 et
1570 1020 1761 1059 multorum
1779 1020 1854 1059 die-

465 1104 561 1134 rum,
575 1097 730 1142 propter
746 1085 970 1126 altitudinem
987 1085 1112 1123 maris.
1145 1083 1217 1123 Sed
1231 1094 1349 1123 tamen
1365 1084 1460 1123 nihil
1473 1084 1531 1137 est,
1552 1085 1646 1138 quod
1653 1086 1775 1138 potius
1777 1086 1854 1138 fh-

466 1155 613 1194 ciamus.
658 1153 721 1192 Ab
741 1163 892 1206 utroque
902 1160 1035 1205 portus
1052 1165 1163 1190 cornu
1180 1151 1280 1189 moles
1288 1150 1457 1204 jacimus,
1488 1160 1531 1190 ut
1548 1160 1615 1189 aut
1634 1151 1731 1190 illum
1749 1164 1856 1205 quam

459 1221 621 1274 primum
639 1219 808 1270 trajicere
826 1217 919 1272 quod
932 1216 1038 1256 habet
1057 1215 1257 1267 Brundtfii
1271 1216 1452 1269 copiarum
1471 1230 1646 1269 cogamus,
1670 1226 1738 1256 aut
1756 1218 1854 1257 exitu

459 1285 722 1339 prohibeamus.
754 1284 838 1322 Ubi
858 1283 911 1321 est
931 1282 999 1320 illa
1018 1295 1109 1335 pax,
1139 1281 1186 1320 de
1206 1295 1285 1334 qua
1304 1281 1449 1331 Balbus
1471 1281 1670 1335 scripserat
1690 1292 1852 1336 torque-

468 1354 502 1391 ri
523 1352 559 1391 se
582 1354 595 1390 ?
626 1351 770 1404 ecquid
798 1349 975 1389 acerbius
995 1350 1008 1386 ?
1038 1347 1182 1401 ecquid
1211 1347 1409 1386 crudelius
1429 1349 1442 1385 ?
1474 1349 1609 1401 Atque
1629 1362 1720 1387 eum
1742 1349 1853 1402 loqui

466 1417 628 1471 quidam
659 1411 839 1458 αὑθενῖικῶς
865 1414 1097 1459 narrabant5
1131 1414 1208 1452 Cn.
1233 1413 1441 1458 Carbonis,
1473 1414 1537 1451 M.
1562 1415 1674 1452 Bruti
1703 1414 1739 1453 se
1765 1428 1853 1467 poe-

467 1497 534 1523 nas
555 1481 748 1536 persequi,
777 1481 1038 1532 omniumque
1057 1492 1210 1523 eorum,
1241 1479 1282 1516 in
1314 1491 1412 1530 quos
1442 1477 1546 1529 Sylla
1576 1479 1746 1517 crudelis
1778 1479 1855 1519 hoc

468 1550 574 1588 socio
593 1547 751 1586 fuiffet:
783 1545 885 1584 nihil
919 1546 1135 1583 Curionem
1168 1543 1204 1581 se
1235 1543 1334 1581 duce
1365 1543 1505 1589 facere,
1538 1543 1645 1596 quod
1677 1558 1756 1583 non
1788 1544 1856 1584 hic

468 1614 574 1666 Sylla
593 1613 692 1651 duce
711 1610 886 1650 fecisset:
918 1610 965 1648 ad
985 1609 1260 1653 ambitionem,
1291 1609 1436 1661 quibus
1457 1609 1567 1647 exilii
1599 1623 1714 1662 poena
1741 1610 1855 1664 supe-

467 1679 637 1719 rioribus
658 1676 811 1729 legibus
833 1688 912 1713 non
933 1674 1086 1720 fuiffet;
1118 1673 1166 1711 ab
1186 1673 1258 1711 illo
1277 1673 1410 1726 patriae
1430 1673 1647 1726 proditores
1669 1674 1715 1713 de
1735 1675 1856 1714 exilio

468 1744 646 1784 reductos
667 1742 761 1780 effe:
794 1741 906 1794 queri
927 1740 973 1778 de
994 1739 1151 1778 Milone
1171 1752 1239 1793 per
1259 1739 1340 1777 vim
1360 1739 1547 1791 expulso:
1571 1740 1772 1778 neminem
1795 1750 1854 1778 ta-

469 1823 562 1849 men
595 1809 630 1846 se
659 1807 913 1852 violaturum,
947 1805 1015 1843 nifi
1046 1805 1115 1857 qui
1145 1817 1264 1842 arma.
1311 1804 1410 1842 Haec
1431 1813 1566 1842 contra
1588 1805 1742 1843 Baebius
1763 1806 1854 1858 qui·

469 1876 576 1920 dam,
606 1887 626 1911 a
648 1873 820 1911 Curione
844 1885 898 1910 111
926 1871 983 1909 Id.
1009 1869 1220 1923 profectu&
1251 1869 1373 1907 homo
1395 1883 1471 1907 non
1495 1868 1638 1915 infans,
1666 1870 1727 1908 sed
1749 1872 1853 1923 quis,

471 1940 544 1978 ulli
585 1951 663 1977 non
703 1937 820 1974 dicat.
874 1936 992 1974 Plane
1032 1935 1160 1973 nescio
1198 1934 1294 1987 quid
1334 1948 1460 1987 agam.
1514 1935 1630 1973 Illinc
1671 1937 1856 1988 equidem

472 2007 638 2044 Cnaeum
660 2001 880 2055 profectum
903 2010 1014 2053 puto.
1058 1999 1267 2052 Qidquid
1298 1999 1351 2037 est
1384 2000 1505 2038 biduo
1535 2000 1715 2039 sciemus.
1762 2004 1857 2042 Ate

473 2070 590 2115 nihil,
622 2082 670 2106 ne
690 2069 859 2106 Anteros
881 2065 1058 2118 quidem,
1089 2065 1158 2118 qui
1187 2079 1207 2102 a
1239 2074 1289 2109 tc,
1322 2065 1551 2102 literarum:
1587 2079 1657 2104 nec
1679 2067 1853 2107 mirum:

470 2135 568 2190 quid
588 2135 694 2173 enim
714 2132 768 2172 est
787 2132 894 2186 quod
915 2131 1128 2170 scribamus
1147 2132 1160 2168 ?
1191 2144 1264 2183 ego
1285 2139 1414 2168 tamen
1444 2131 1599 2169 nullum
1630 2131 1734 2170 diem
1757 2147 1855 2185 pra:-

473 2203 665 2240 termitto.
712 2199 863 2251 Scripta
895 2197 1070 2250 epistola,
1101 2197 1222 2235 literae
1254 2195 1354 2234 mihi
1389 2206 1477 2235 ante
1512 2196 1642 2234 lucem
1677 2211 1697 2235 a
1732 2198 1857 2251 Lepta

474 2269 607 2319 Capua
629 2264 786 2303 redditae
807 2263 896 2302 sunt
917 2263 1021 2302 Idib.
1046 2262 1168 2300 Mart.
1193 2261 1427 2314 Pompeium
1461 2275 1480 2299 a
1515 2262 1730 2301 Brundusio
1756 2277 1854 2302 con-

474 2331 669 2376 scendisse,
701 2341 739 2369 at
760 2331 948 2370 Caesarem
968 2343 1002 2368 a.
1026 2328 1065 2368 d.
1090 2341 1153 2368 v11
1180 2327 1268 2366 Kal.
1294 2329 1392 2381 Apr.
1426 2329 1569 2380 Capuae
1591 2327 1687 2367 fore.
