2243 3008
420 196 498 257 438
770 201 1457 241 EPISTOLARUM

423 301 621 353 nostrique
650 300 970 339 amantissimum.
1014 302 1158 351 Qaero
1179 310 1324 346 autem,
1355 301 1452 354 quid
1473 301 1629 341 tandem
1653 303 1806 342 Sextius

422 368 462 404 in
484 366 555 404 hac
578 380 617 404 re
637 365 762 404 facere
782 366 910 418 possit,
942 366 1048 418 quod
1071 380 1148 404 non
1169 367 1298 418 quivis
1320 367 1494 405 nostrum
1515 369 1527 406 ?
1560 368 1622 406 sed
1653 369 1678 407 fi
1709 368 1808 421 quid

423 442 561 484 praeter
581 432 686 484 spem
707 433 795 477 erit,
827 431 943 469 facies
967 441 1009 468 ut
1034 432 1179 469 sciam:
1212 431 1266 468 fin
1296 431 1364 476 est,
1396 442 1442 471 ut
1469 434 1649 478 arbitror,
1683 448 1805 486 nego-

423 498 524 534 tium
559 497 773 549 perditum‚
812 497 953 534 scribes
990 506 1134 540 tamen,
1167 509 1294 548 neque
1327 496 1395 534 ista
1429 512 1486 536 res
1520 501 1804 538 commovebit.

421 562 509 600 Nos
532 562 597 600 hic
619 558 873 609 φιλοσσφὲμεθαι
891 576 899 599 :
933 561 1030 613 quid
1050 562 1157 599 enim
1178 560 1283 598 aliud
1303 561 1316 597 ?
1347 570 1386 598 et
1409 559 1454 596 ro}
1472 561 1540 611 περ)
1560 560 1602 597 ra}
1619 560 1809 609 καθήκοντος

422 626 632 678 magnifice
666 626 925 679 explicamus,
966 621 1286 676 πρατφωνὲμὲνςυε
1322 625 1505 663 Ciceroni
1524 640 1533 663 :
1579 639 1656 678 qua
1689 627 1736 664 de
1770 641 1810 666 re

421 693 529 729 enirn
551 693 681 744 potius
709 700 817 743 pater
848 691 964 728 filio?
997 689 1152 727 Deinde
1183 690 1270 727 alia.
1317 689 1426 741 Qid
1455 690 1627 741 quaeris?
1659 691 1811 730 extabit

420 770 537 809 opera
556 756 880 809 peregrinationis
901 755 1035 807 hujus.
1081 755 1297 792 Varronem
1328 754 1446 793 hodie
1475 764 1542 792 aut
1562 768 1643 793 cras
1665 765 1808 793 ventu-

421 835 510 859 rum
532 821 736 873 putabant.
782 821 871 872 Ego
891 830 1022 858 autem
1042 820 1084 858 in
1106 820 1393 872 Pompeianum
1413 820 1696 872 properabam;
1730 834 1829 875 non.

422 900 502 940 quo
537 885 613 924 hoc
647 886 737 924 loco
771 885 990 939 quidquam
1021 885 1256 938 pulchrius;
1289 885 1352 923 sed
1383 885 1693 938 interpellatores
1725 886 1811 925 illic

421 952 554 990 minus
576 950 743 988 molesti.
791 951 863 988 Sed
884 950 1078 1003 perscribe
1099 950 1242 1002 quaeso,
1274 965 1360 1003 quae
1380 950 1491 988 causa
1511 950 1556 988 fit
1577 951 1618 988 in
1640 951 1811 1002 Myrtilo

424 1017 577 1068 (peenas
599 1015 761 1067 quidem
781 1016 898 1054 illum
918 1015 1140 1068 pependiffe
1160 1016 1309 1065 audivi)
1332 1025 1371 1054 et
1398 1015 1534 1054 satisne
1554 1025 1675 1068 patet,
1707 1016 1811 1055 unde

421 1089 644 1133 corruptus.
678 1080 778 1118 Haec
798 1094 892 1119 cum
913 1081 1138 1126 scriberem,
1170 1090 1324 1120 tantum
1346 1081 1453 1133 quod
1473 1081 1743 1120 existimabam
1763 1082 1810 1119 ad

420 1156 459 1184 te
479 1145 695 1183 orationem
716 1145 788 1184 effe
808 1146 1013 1198 perlatam.
1046 1146 1149 1191 Hui,
1180 1159 1299 1199 quam
1320 1147 1457 1191 timeo,
1479 1146 1576 1199 quid
1596 1146 1808 1186 existimes.

422 1212 504 1250 Ets1
537 1210 634 1263 quid
666 1211 712 1249 ad
743 1225 822 1257 me,
853 1226 940 1265 quae
962 1226 1041 1251 non
1061 1212 1107 1250 fit
1127 1211 1228 1250 foras
1249 1212 1465 1265 proditura,
1496 1212 1567 1250 nisi
1589 1213 1811 1266 Republica

422 1284 646 1329 recuperata
664 1277 678 1314 ?
710 1275 757 1314 de
777 1290 857 1330 quo
878 1278 975 1330 quid
996 1277 1161 1330 sperem,
1192 1291 1273 1316 non
1293 1278 1416 1317 audeo
1436 1277 1616 1316 scribere.

761 1477 1004 1516 Crctxo
1044 1479 1300 1516 Αττιςο
1342 1479 1472 1516 SAL.

421 1604 536 1643 X1V.
563 1603 656 1676 SE
670 1603 805 1642 XTO
838 1604 928 1642 Kal.
951 1605 1084 1658 accepi
1105 1618 1125 1642 a
1146 1605 1355 1643 Dolabella
1374 1605 1520 1651 literas,
1551 1618 1717 1658 quarum
1737 1619 1808 1645 ex-

637 1668 817 1721 emplum
845 1669 919 1707 tibi
949 1669 1063 1714 mifi;
1096 1670 1136 1707 in
1157 1669 1302 1721 quibus
1323 1679 1418 1715 erat,
1449 1671 1582 1708 omnia
1608 1670 1643 1708 se
1664 1670 1808 1717 fecisse,

420 1749 506 1787 quae
529 1744 569 1773 tu
591 1734 726 1773 velles.
765 1734 906 1772 Statim
926 1734 962 1772 ei
983 1734 1169 1787 rescripfi,
1199 1744 1239 1773 et
1259 1735 1397 1773 multis
1419 1736 1546 1774 verbis
1567 1737 1706 1788 gratias
1728 1737 1806 1788 egi.

423 1800 495 1838 Sed
518 1810 662 1846 tamen,
694 1813 742 1838 ne
763 1801 984 1845 miraretur,
1005 1814 1076 1838 cur
1096 1800 1201 1838 idem
1222 1801 1365 1839 iterum
1386 1801 1570 1847 facerem,
1592 1801 1668 1840 hoc
1689 1802 1809 1840 causoe

421 1865 580 1919 sumpsi,
611 1865 718 1919 quod
747 1879 796 1904 ex
826 1874 863 1903 te
892 1865 976 1918 ipso
1006 1879 1138 1904 coram
1158 1876 1269 1905 antea
1290 1866 1390 1905 nihil
1413 1867 1620 1920 potuissem
1641 1867 1807 1921 cognos-

420 1943 521 1970 cere.
554 1931 626 1970 Sed
648 1931 746 1984 quid
766 1931 923 1970 multa?
955 1931 1085 1970 literas
1106 1931 1182 1970 hoc
1203 1933 1386 1984 exemplo
1407 1933 1511 1971 dedi.

613 2131 841 2169 Cxceno
887 2129 1273 2170 DOLABELLAE
1320 2134 1445 2172 Cos.
1495 2146 1613 2173 suo.

423 2257 544 2332 AN
559 2259 598 2297 T
613 2259 646 2297 E
662 2259 698 2296 A
728 2271 820 2297 cum
852 2271 920 2310 per
939 2258 1069 2298 literas
1090 2260 1218 2298 Attici
1240 2261 1356 2299 nostri
1379 2261 1425 2300 de
1447 2271 1513 2300 tua
1534 2261 1684 2299 summa
1704 2262 1806 2301 libe-

533 2324 696 2369 ralitate,
715 2323 949 2377 summoque
968 2338 1058 2377 erga
1077 2325 1113 2364 se
1134 2325 1341 2372 beneficio,
1359 2328 1502 2365 certior
1522 2325 1645 2365 fastus
1666 2327 1805 2372 effcm;

420 2401 594 2442 cumque
616 2399 657 2427 tu
680 2388 758 2441 ipse
778 2389 896 2426 etiam
917 2389 964 2427 ad
986 2403 1048 2429 me
1070 2390 1286 2444 scripsisses,
1318 2400 1354 2430 te
1383 2390 1512 2430 fecisse
1538 2406 1594 2436 ea,
1625 2405 1710 2444 quae.
1738 2406 1807 2431 nos

418 2454 693 2500 voluifl‘emus;
710 2455 773 2507 egi
792 2455 865 2493 tibi
881 2455 1022 2508 gratias
1038 2469 1107 2509 per
1123 2456 1252 2497 literas
1270 2458 1317 2497 iis
1333 2458 1476 2503 verbis,
1492 2466 1535 2497 ut
1551 2457 1806 2511 intelligeres.
