2243 3008
538 222 644 262 AD
703 221 1131 260 ATTICUM
1200 222 1341 262 LIB.
1393 225 1466 264 IV.
1622 239 1690 265 111

649 457 893 494 CICERO
933 456 1188 493 ATT1co
1230 456 1359 494 SAL.

311 585 425 623 XVI.
451 583 662 657 OCCU
676 585 815 623 ΡΑΤΙ
829 583 1027 622 ONUM
1057 596 1232 621 mearum
1253 584 1313 621 vel
1334 583 1411 622 hoc
1433 584 1585 637 fignum
1605 586 1692 631 erit,

546 651 653 703 quod
673 650 834 703 epistola
853 649 1002 687 librarii
1022 662 1141 686 manu
1162 649 1229 687 est.
1262 650 1324 687 De
1344 650 1593 702 epistolarum
1613 650 1693 689 fse-

312 717 473 769 quentia
494 725 530 754 te
551 715 654 754 nihil
674 715 813 754 accuso
831 731 840 754 :
873 715 936 753 sed
956 715 1151 768 pleraeque
1172 716 1448 754 tantummodo
1468 715 1568 754 mihi
1590 731 1695 755 nun-

311 783 460 820 tiabant
481 782 550 820 ubi
569 782 676 826 effes,
708 781 814 835 quod
841 790 949 819 erant
978 781 1044 819 abs
1075 790 1140 825 te;
1172 781 1233 819 vel
1265 782 1382 820 etiam
1411 782 1694 834 significabant,

312 850 413 886 recte
433 849 505 887 effe
522 863 531 887 ε
564 862 644 901 quo
673 848 712 885 in
741 861 881 900 genere
901 847 1072 885 maxime
1092 847 1332 885 delectarunt
1353 847 1437 886 duae
1457 847 1537 886 fere
1557 849 1693 887 eodem

311 922 486 966 tempore
506 913 573 951 abs
594 923 632 951 te
653 914 776 951 Bruto
795 913 891 951 datae
910 927 918 950 :
952 912 1047 950 scire
1078 912 1185 950 enim
1212 912 1392 951 volebam
1423 923 1460 951 te
1485 914 1695 952 commode

309 977 511 1031 navigaffe.
558 978 632 1016 Sed
661 977 745 1016 haec
776 977 1025 1030 epistolarum
1055 976 1275 1030 frequentia
1305 991 1383 1016 non
1406 988 1484 1016 tam
1518 979 1696 1017 ubertate

310 1044 388 1089 sua,
420 1057 540 1097 quarn
559 1043 773 1089 celeritate,
803 1043 1021 1081 delectavit.
1068 1043 1143 1080 Illa
1168 1041 1246 1080 fuit
1266 1044 1407 1096 gravis,
1438 1053 1476 1082 et
1496 1045 1611 1097 plena
1630 1058 1693 1082 re-

309 1123 413 1154 rum,
445 1122 564 1161 quam
588 1108 690 1146 mihi
711 1109 774 1147 M.
799 1109 977 1154 Paccius,
1009 1107 1147 1161 hospes
1169 1117 1275 1154 tuus,
1306 1109 1502 1148 reddidit:
1534 1110 1581 1148 ad
1607 1124 1693 1149 eam

308 1174 516 1212 rescribam
536 1174 674 1226 igitur,
706 1183 744 1212 et
764 1173 841 1212 hoc
861 1173 1022 1227 quidem
1043 1174 1234 1226 primum.
1281 1174 1422 1213 Paccio
1447 1189 1486 1213 re
1505 1185 1544 1213 et
1564 1177 1692 1214 verbis

307 1239 470 1284 ostendi,
493 1239 591 1292 quid
611 1248 678 1277 tua
697 1239 990 1277 commendatio
1008 1239 1190 1291 ponderis
1211 1237 1390 1278 haberet:
1414 1241 1545 1293 itaque
1565 1241 1606 1278 in
1627 1241 1692 1279 in-

307 1306 417 1343 timis
438 1305 491 1343 est
511 1305 624 1350 mels,
656 1319 749 1343 cum
770 1314 880 1344 antea
899 1314 1016 1343 notus
1038 1318 1116 1342 non
1138 1304 1282 1343 fuiffet.
1324 1306 1446 1344 Nunc
1467 1320 1625 1359 pergam
1645 1307 1694 1344 ad

306 1381 456 1410 caetera.
502 1372 641 1417 Varro,
673 1371 720 1410 de
751 1385 832 1425 quo
862 1371 910 1410 ad
942 1384 1005 1409 me
1030 1371 1182 1417 scribis,
1212 1371 1438 1410 includetur
1458 1373 1498 1410 in
1519 1373 1693 1426 aliquem

307 1438 457 1484 locum,
489 1438 515 1476 fi
547 1438 667 1476 modo
699 1439 772 1476 erit
792 1438 902 1477 locus
921 1454 931 1477 :
964 1437 1027 1476 sed
1048 1438 1147 1476 nosti
1167 1451 1290 1490 genus
1312 1438 1557 1491 dialogorum
1579 1452 1691 1477 meo-

308 1517 425 1549 rum,
457 1513 501 1541 ut
522 1504 562 1541 in
583 1504 776 1548 oratoriis,
808 1517 906 1556 quos
928 1512 971 1542 tu
992 1504 1033 1541 in
1053 1504 1194 1542 caelum
1214 1502 1307 1549 fem,
1339 1517 1417 1542 non
1439 1505 1589 1542 mentio
1615 1519 1691 1558 po-

307 1570 385 1607 tuit
406 1569 489 1607 fieri
509 1569 741 1622 cujusquam
762 1570 810 1607 ab
842 1570 904 1615 iis,
936 1570 1006 1622 qui
1036 1569 1249 1622 disputant,
1282 1570 1351 1607 nifi
1379 1571 1477 1622 ejus,
1509 1571 1578 1624 qui
1610 1571 1692 1609 illis

307 1645 438 1680 notus,
460 1643 528 1672 aut
546 1635 702 1673 auditus
722 1634 826 1674 esset.
860 1636 977 1673 Hanc
997 1649 1071 1687 ego
1090 1635 1137 1673 de
1158 1635 1381 1688 Republica
1400 1650 1519 1688 quam
1539 1636 1693 1675 institui

306 1700 612 1752 disputationem
646 1700 687 1737 in
724 1699 903 1738 Africani
936 1700 1153 1753 personam,
1193 1710 1232 1738 et
1266 1700 1389 1746 Phili,
1419 1710 1459 1739 et
1493 1702 1621 1747 Laelii,
1651 1711 1691 1740 et

306 1765 483 1809 Manilii,
505 1764 657 1803 contuli
675 1780 683 1803 :
707 1765 868 1817 adjunxi
889 1765 1147 1804 adolescentes
1169 1767 1512 1818 QTuberonem,
1536 1768 1581 1806 P.
1600 1768 1689 1806 Ru-

304 1832 454 1877 tilium,
487 1831 583 1869 duos
617 1831 731 1869 Laelii
760 1845 937 1884 generos,
971 1832 1196 1877 Scaevolam,
1227 1842 1265 1870 et
1293 1834 1505 1872 Fannium.
1553 1835 1691 1887 Itaque

305 1897 543 1950 cogitabam,
561 1897 749 1949 quoniam
771 1899 811 1935 in
833 1896 995 1950 singulis
1015 1897 1126 1935 libris
1149 1907 1236 1935 utor
1256 1899 1472 1950 prooemiis,
1492 1908 1535 1936 ut
1557 1895 1690 1944 'Affec-

303 1959 398 2003 τέλης
430 1963 470 2000 in
503 1962 568 2008 iis,
609 1975 708 2014 quos
741 1958 934 2010 ὲξωτεςμκὲς
967 1971 1094 2007 vocat,
1137 1963 1287 2015 aliquid
1321 1963 1487 2009 efficere,
1532 1972 1574 2002 ut
1609 1977 1690 2002 non

303 2027 382 2065 fine
412 2028 523 2066 causa
551 2028 669 2066 istum
698 2028 961 2082 appellarem3
994 2028 1035 2066 id
1069 2029 1175 2082 quod
1205 2029 1387 2082 intelligo
1417 2031 1491 2068 tibi
1519 2030 1686 2083 placere.

305 2094 469 2132 Utinam
491 2094 609 2132 modo
630 2103 768 2132 conata
786 2094 937 2132 efficere
958 2095 1095 2147 poffim
1113 2109 1122 2133 :
1156 2109 1236 2133 rem
1257 2097 1378 2141 enim,
1411 2096 1516 2148 quod
1545 2105 1582 2133 te
1608 2109 1691 2133 non

304 2157 424 2212 fugit,
445 2173 628 2213 magnam
649 2160 882 2213 complexus
904 2160 988 2198 sum
1009 2169 1047 2198 et
1066 2174 1238 2214 gravem,
1261 2171 1298 2199 et
1319 2162 1483 2215 plurimi
1503 2162 1589 2206 otii,
1607 2175 1689 2213 quo

303 2238 376 2276 ego
396 2227 567 2264 maxime
587 2240 696 2279 egeo.
743 2226 863 2278 Qod
894 2227 934 2264 in
960 2226 1008 2265 iis
1029 2227 1157 2273 libris,
1187 2241 1286 2280 quos
1308 2227 1453 2272 laudas,
1484 2227 1689 2278 personam

304 2290 488 2329 desideras
524 2291 715 2337 Scaevolae,
747 2305 826 2330 non
860 2305 945 2330 eam
975 2301 1119 2331 temere
1149 2293 1324 2330 dimovi:
1367 2291 1429 2330 sed
1459 2291 1535 2329 feci
1565 2292 1684 2337 idem,

305 2355 411 2407 quod
433 2356 472 2393 in
492 2353 641 2406 woasseiqo
661 2358 755 2396 deus
776 2358 844 2396 ille
865 2357 990 2396 noster
1012 2359 1137 2396 Plato.
1185 2360 1290 2396 Cum
1322 2359 1361 2396 in
1395 2359 1585 2396 Piraeeum
1614 2359 1685 2396 So-

304 2429 426 2458 crates
456 2422 615 2460 veniffet
645 2424 691 2461 ad
725 2422 962 2476 Cephalum,
994 2423 1233 2476 locupletem
1253 2433 1291 2461 et
1323 2422 1504 2462 festivum
1526 2423 1682 2468 senem;

304 2485 431 2537 quoad
452 2486 603 2538 primus
624 2487 690 2525 ille
712 2488 835 2527 sermo
856 2488 1077 2535 haberetur,
1108 2489 1210 2527 adest
1230 2490 1270 2527 in
1291 2488 1524 2541 disputando
1546 2488 1682 2525 senex:
