2243 3008
511 258 561 299 72
858 242 1542 282 EPISTOLARUM

513 347 618 386 Esset
652 344 752 384 mihi
792 344 859 382 ista
894 342 1077 388 solitudo,
1122 342 1333 395 praesertim
1369 353 1448 380 tam
1483 341 1666 381 familiari
1704 342 1745 381 in
1783 341 1888 388 loco,

511 425 591 450 non
612 423 764 449 amara:
797 409 859 447 sed
880 409 1030 446 itineris
1051 408 1175 452 causa,
1207 417 1249 445 ut
1270 407 1525 452 devorterem,
1551 408 1727 460 primum
1748 407 1801 445 est
1821 407 1891 445 de-

511 478 620 515 vium
639 495 649 521 ;
682 475 835 519 deinde,
867 474 914 512 ab
935 474 1132 512 Autronio
1151 483 1189 511 et
1208 473 1356 511 caeteris
1377 473 1576 525 quatridui
1592 492 1605 518 ς
1636 473 1791 518 deinde,
1814 473 1892 511 fine

510 551 562 580 te.
610 542 717 580 Nam
745 539 946 578 castellum
974 539 1175 576 munitum
1196 536 1390 576 habitanti
1411 537 1512 576 mihi
1533 538 1749 590 prodeffet;
1782 547 1890 576 tran-

510 607 637 645 seunti
657 619 736 644 non
757 603 810 642 est
830 603 1095 642 necessarium⁶
1139 602 1261 654 Qod
1291 603 1317 641 fi
1346 602 1543 648 auderem,
1574 602 1750 642 Athenas
1778 612 1891 655 pete·

510 686 620 711 rem:
654 672 739 709 sane
768 671 824 708 ita
842 670 1003 708 cadebat
1031 678 1075 708 ut
1105 669 1263 708 vellem.
1309 669 1350 707 N
1356 682 1432 706 unc
1459 679 1500 707 et
1529 669 1647 707 nostri
1676 667 1803 707 hostes
1833 667 1892 705 ibi

510 738 598 776 sunt
614 756 627 783 5
657 746 697 775 et
717 745 754 774 te
775 749 852 773 non
872 734 1062 774 habemus
1080 753 1092 780 3
1123 744 1163 772 et
1193 747 1385 778 veremur,
1418 747 1466 772 ne
1485 734 1806 786 interpretentur,
1835 733 1891 772 il-

510 803 578 841 lud
599 815 756 855 quoque
785 801 978 854 oppidum
1006 800 1054 839 ab
1087 800 1200 838 Italia
1229 813 1310 838 non
1342 799 1431 837 satis
1462 798 1584 837 abesse
1600 817 1612 844 ς
1644 811 1716 837 nec
1737 797 1891 843 scribis,

508 881 628 920 quam
647 866 693 904 ad
713 865 820 904 diem
839 875 878 903 te
897 867 1160 917 expectemus.
1190 863 1312 916 Qod
1332 877 1396 902 me
1415 863 1461 901 ad
1477 864 1599 902 vitam
1618 875 1748 908 vocas,
1764 875 1892 901 unum

508 933 645 976 efficis,
677 940 722 970 ut
748 944 770 968 a
790 944 853 969 me
874 943 1011 968 manus
1032 929 1271 974 abstineam;
1301 929 1468 967 alterum
1488 941 1570 966 non
1596 937 1722 981 potes,
1753 937 1801 968 ut
1827 941 1891 966 me

506 1011 586 1035 non
609 995 727 1034 nostri
746 995 898 1033 consilii
917 996 1085 1046 vitaeque
1103 994 1306 1046 poeniteat.
1352 993 1463 1044 Qid
1483 993 1591 1031 em'm
1618 992 1674 1031 est
1698 992 1808 1045 quod
1826 1005 1893 1031 me

505 1063 684 1105 retineat,
716 1060 929 1112 praesertim
950 1059 976 1097 fi
1007 1059 1090 1111 spes
1120 1072 1163 1097 ea
1183 1071 1262 1097 non
1281 1057 1349 1102 est,
1380 1071 1467 1110 quae
1498 1071 1569 1096 nos
1599 1057 1890 1110 proficiscentes

505 1126 810 1181 prosequebatur
829 1126 842 1162 ?
865 1126 961 1164 Non
981 1123 1138 1170 faciam,
1161 1133 1205 1162 ut
1225 1137 1452 1162 enumerem
1473 1123 1643 1162 miserias
1664 1137 1817 1169 omnes,
1847 1124 1890 1162 in

504 1206 599 1245 quas
621 1191 744 1230 incidi
763 1204 832 1242 per
853 1189 1046 1228 summam
1066 1189 1266 1241 injuriam,
1297 1198 1336 1227 et
1357 1188 1479 1226 scelus
1501 1202 1579 1227 non
1601 1198 1681 1226 tam
1702 1189 1889 1227 inimico·

506 1272 594 1297 rum
615 1269 808 1301 meorum,
840 1269 960 1308 quam
978 1255 1220 1300 invidorum,
1242 1267 1291 1294 ne
1310 1264 1350 1293 et
1368 1268 1504 1294 meum
1524 1268 1734 1294 moerorem
1753 1255 1889 1307 exagi-

505 1333 602 1369 tem,
633 1332 671 1361 et
693 1332 730 1360 te
750 1322 790 1359 in
811 1321 980 1359 eundem
1000 1321 1154 1359 luCtum
1173 1333 1326 1359 vocem.
1372 1320 1463 1358 Hoc
1490 1320 1657 1366 affirmo,
1689 1321 1890 1359 neminem

506 1401 681 1442 unquam
700 1396 808 1425 tanta
825 1387 1046 1425 calamitate
1065 1386 1138 1425 effe
1155 1385 1340 1425 affeaum
1355 1402 1368 1429 ι
1403 1386 1555 1424 nemini
1575 1395 1745 1425 mortem
1764 1386 1890 1439 magis

504 1454 716 1508 optandam
736 1452 848 1492 fuiss‘e
864 1471 876 1498 ;
898 1454 1012 1505 cujus
1031 1452 1261 1506 oppetendae
1278 1461 1436 1504 tempus
1455 1451 1768 1491 honestissimum
1788 1466 1888 1505 prae-

505 1519 724 1559 termiffum
742 1517 811 1557 est.
857 1518 1028 1571 Reliqua
1056 1526 1234 1570 tempora
1257 1530 1339 1556 non
1357 1516 1448 1555 sunt
1461 1517 1547 1568 jam
1565 1517 1613 1555 ad
1632 1517 1890 1563 medicinam.

505 1587 568 1625 sed
585 1585 634 1624 ad
655 1584 790 1629 finem,
806 1580 968 1622 dolorisss
1001 1584 1063 1623 De
1082 1583 1321 1636 Republica,
1341 1582 1457 1620 video
1476 1592 1514 1622 te
1533 1582 1720 1635 colligere
1737 1583 1889 1628 omnia,

504 1666 590 1705 quae
620 1661 733 1704 putes
761 1650 934 1702 aliquam
964 1649 1071 1702 spem
1097 1647 1204 1687 mihi
1232 1647 1336 1701 pofi‘e
1362 1647 1500 1686 afferre
1525 1648 1806 1688 mutandarum
1825 1662 1890 1688 re-

505 1731 621 1756 rum:
652 1729 739 1768 quae
767 1728 995 1768 quanquam
1021 1714 1166 1766 exigua
1198 1713 1287 1752 sunt
1303 1732 1315 1759 5
1347 1722 1495 1758 tamen,
1522 1715 1714 1766 quoniam
1742 1714 1888 1766 placet,

503 1784 767 1835 expediemus.
806 1781 873 1818 Tu
895 1779 1024 1818 nihilo
1038 1781 1191 1824 minus,
1222 1779 1249 1817 fi
1269 1779 1500 1831 properaris,
1530 1791 1602 1818 nos
1622 1779 1886 1831 consequere:

504 1862 596 1887 nam
616 1857 681 1886 aut
701 1846 929 1885 accedemus
951 1846 991 1882 in
1014 1845 1181 1898 Epirum
1200 1863 1211 1889 ς
1243 1853 1310 1882 aut
1331 1843 1436 1882 tarde
1456 1857 1524 1897 per
1548 1844 1786 1882 Candaviam
1808 1845 1887 1883 ibi-

503 1927 606 1953 mus.
654 1911 956 1951 Dubitationem
988 1920 1118 1948 autem
1148 1910 1195 1948 de
1226 1910 1349 1962 Epiro
1379 1923 1457 1948 non
1485 1910 1742 1948 inconstantia
1764 1911 1889 1949 nostra

503 1978 701 2023 afferebat,
734 1976 794 2015 scd
824 1977 931 2029 quod
959 1977 1006 2014 de
1025 1975 1159 2020 fratrc,
1190 1976 1260 2014 ubi
1280 1990 1371 2014 eum
1393 1975 1509 2014 visuri
1529 1975 1707 2020 essemus,
1740 1977 1886 2015 nescie-

504 2040 642 2078 bamus
662 2054 670 2076 :
703 2051 821 2091 quem
843 2037 1002 2089 quidem
1024 2051 1096 2090 ego
1119 2050 1188 2074 nec
1209 2050 1289 2089 quo
1310 2036 1429 2074 modo
1449 2036 1614 2081 visurus,
1642 2050 1711 2074 nec
1734 2037 1802 2074 ubi
1823 2037 1886 2075 di-

504 2105 684 2146 missurus
706 2103 791 2147 fim,
822 2103 929 2144 scio:
962 2103 1001 2142 id
1030 2103 1083 2141 est
1111 2102 1332 2142 maximum
1359 2112 1399 2140 et
1428 2101 1690 2140 miserrimum
1713 2116 1888 2141 mearum

503 2170 686 2211 omnium
713 2169 970 2208 miseriarum.
1017 2169 1104 2220 Ego
1124 2176 1163 2206 et
1190 2167 1325 2220 saepius
1345 2166 1392 2206 ad
1416 2177 1451 2206 te
1472 2176 1510 2206 et
1532 2167 1642 2220 plura
1664 2167 1885 2212 scriberem,

504 2237 572 2276 nisi
592 2234 695 2274 mihi
716 2231 828 2273 dolor
848 2248 957 2273 meus
977 2247 1070 2273 cmn
1097 2246 1232 2272 omnes
1265 2243 1389 2286 partes
1418 2233 1578 2277 mentis,
1611 2242 1696 2271 tum
1718 2234 1888 2282 maxime

503 2302 621 2354 hujus
642 2301 793 2353 generis
814 2299 1059 2345 facultatem,
1086 2298 1298 2338 ademifl‘et.
1334 2299 1474 2338 videre
1497 2308 1533 2338 te
1552 2299 1685 2352 cupio.
1720 2302 1822 2337 Cura
1845 2286 1888 2337 ut

504 2367 644 2408 valeas.
675 2367 769 2406 Dat.
793 2365 895 2419 prid.
921 2366 1008 2406 Kal.
1033 2365 1132 2405 Mai.
1167 2364 1388 2404 Brundulii.
