<?xml version="1.0" encoding="UTF-8"?>
<!DOCTYPE html PUBLIC "-//W3C//DTD XHTML 1.0 Transitional//EN"
    "http://www.w3.org/TR/xhtml1/DTD/xhtml1-transitional.dtd">
<html xmlns="http://www.w3.org/1999/xhtml" xml:lang="en" lang="en">
 <head>
  <title>
</title>
<meta http-equiv="Content-Type" content="text/html;charset=utf-8" />
  <meta name='ocr-system' content='tesseract 3.04.00' />
  <meta name='ocr-capabilities' content='ocr_page ocr_carea ocr_par ocr_line ocrx_word'/>
</head>
<body>
  <div class='ocr_page' id='page_1' title='image "./operacumindicibu08ciceuoft_0238.png"; bbox 0 0 2243 3008; ppageno 0'>
   <div class='ocr_carea' id='block_1_1' title="bbox 499 213 1543 270">
    <p class='ocr_par' dir='ltr' id='par_1_1' title="bbox 499 213 1543 270">
     <span class='ocr_line' id='line_1_1' title="bbox 499 213 1543 270; baseline -0.004 -14"><span class='ocrx_word' id='word_1_1' title='bbox 499 230 577 270; x_wconf 82' lang='lat'>230</span> <span class='ocrx_word' id='word_1_2' title='bbox 855 213 1543 253; x_wconf 82' lang='lat' dir='ltr'>EPISTOLARUM</span> 
     </span>
    </p>
   </div>
   <div class='ocr_carea' id='block_1_2' title="bbox 835 449 1546 488">
    <p class='ocr_par' dir='ltr' id='par_1_2' title="bbox 835 449 1546 488">
     <span class='ocr_line' id='line_1_2' title="bbox 835 449 1546 488; baseline -0.001 0"><span class='ocrx_word' id='word_1_3' title='bbox 835 449 1375 488; x_wconf 70' lang='lat' dir='ltr'>C1-cERoAT1-1co</span> <span class='ocrx_word' id='word_1_4' title='bbox 1416 449 1546 487; x_wconf 75' lang='lat' dir='ltr'>S&#39;AL.</span> 
     </span>
    </p>
   </div>
   <div class='ocr_carea' id='block_1_3' title="bbox 500 575 1904 2532">
    <p class='ocr_par' dir='ltr' id='par_1_3' title="bbox 502 575 1893 651">
     <span class='ocr_line' id='line_1_3' title="bbox 502 575 1893 651; baseline -0.001 -34"><span class='ocrx_word' id='word_1_5' title='bbox 502 578 595 617; x_wconf 89' lang='lat' dir='ltr'>XV.</span> <span class='ocrx_word' id='word_1_6' title='bbox 620 576 864 651; x_wconf 86' lang='lat' dir='ltr'>ANTE</span> <span class='ocrx_word' id='word_1_7' title='bbox 908 577 1014 616; x_wconf 89' lang='lat' dir='ltr'>diem</span> <span class='ocrx_word' id='word_1_8' title='bbox 1050 591 1090 615; x_wconf 91' lang='lat' dir='ltr'>v.</span> <span class='ocrx_word' id='word_1_9' title='bbox 1132 576 1242 614; x_wconf 87' lang='lat' dir='ltr'>Non.</span> <span class='ocrx_word' id='word_1_10' title='bbox 1281 575 1404 614; x_wconf 67' lang='lat' dir='ltr'>Mare.</span> <span class='ocrx_word' id='word_1_11' title='bbox 1446 575 1625 627; x_wconf 83' lang='lat' dir='ltr'>epistolas</span> <span class='ocrx_word' id='word_1_12' title='bbox 1665 575 1767 615; x_wconf 88' lang='lat' dir='ltr'>mihi</span> <span class='ocrx_word' id='word_1_13' title='bbox 1806 585 1893 615; x_wconf 81' lang='lat' dir='ltr'>tuas·</span> 
     </span>
    </p>

    <p class='ocr_par' dir='ltr' id='par_1_4' title="bbox 500 639 1904 2532">
     <span class='ocr_line' id='line_1_4' title="bbox 731 639 1897 696; baseline -0.002 -14"><span class='ocrx_word' id='word_1_14' title='bbox 731 645 904 696; x_wconf 87' lang='lat' dir='ltr'>AEgypta</span> <span class='ocrx_word' id='word_1_15' title='bbox 924 641 1108 686; x_wconf 86' lang='lat' dir='ltr'>reddidit,</span> <span class='ocrx_word' id='word_1_16' title='bbox 1140 653 1260 679; x_wconf 88' lang='lat' dir='ltr'>unam</span> <span class='ocrx_word' id='word_1_17' title='bbox 1288 650 1460 678; x_wconf 81' lang='lat' dir='ltr'>veterem</span> <span class='ocrx_word' id='word_1_18' title='bbox 1489 653 1549 679; x_wconf 92' lang='lat' dir='ltr'>1v.</span> <span class='ocrx_word' id='word_1_19' title='bbox 1583 639 1673 679; x_wconf 86' lang='lat' dir='ltr'>Kal.</span> <span class='ocrx_word' id='word_1_20' title='bbox 1705 653 1824 694; x_wconf 86' lang='lat' dir='ltr'>quam</span> <span class='ocrx_word' id='word_1_21' title='bbox 1855 650 1897 680; x_wconf 72' lang='lat' dir='ltr'>te</span> 
     </span>
     <span class='ocr_line' id='line_1_5' title="bbox 503 705 1892 758; baseline -0.001 -12"><span class='ocrx_word' id='word_1_22' title='bbox 503 708 638 747; x_wconf 89' lang='lat' dir='ltr'>scribis</span> <span class='ocrx_word' id='word_1_23' title='bbox 660 708 802 747; x_wconf 85' lang='lat' dir='ltr'>dediffe</span> <span class='ocrx_word' id='word_1_24' title='bbox 823 708 994 751; x_wconf 87' lang='lat' dir='ltr'>Pinario,</span> <span class='ocrx_word' id='word_1_25' title='bbox 1026 719 1147 758; x_wconf 86' lang='lat' dir='ltr'>quem</span> <span class='ocrx_word' id='word_1_26' title='bbox 1175 718 1255 743; x_wconf 92' lang='lat' dir='ltr'>non</span> <span class='ocrx_word' id='word_1_27' title='bbox 1286 705 1488 749; x_wconf 66' lang='lat' dir='ltr'>vidimus3</span> <span class='ocrx_word' id='word_1_28' title='bbox 1521 705 1561 742; x_wconf 88' lang='lat' dir='ltr'>in</span> <span class='ocrx_word' id='word_1_29' title='bbox 1594 717 1671 757; x_wconf 87' lang='lat' dir='ltr'>qua</span> <span class='ocrx_word' id='word_1_30' title='bbox 1699 708 1892 758; x_wconf 63' lang='lat' dir='ltr'>expeditas.</span> 
     </span>
     <span class='ocr_line' id='line_1_6' title="bbox 500 770 1897 826; baseline -0.002 -14"><span class='ocrx_word' id='word_1_31' title='bbox 500 774 692 826; x_wconf 85' lang='lat' dir='ltr'>quidnam</span> <span class='ocrx_word' id='word_1_32' title='bbox 713 772 927 826; x_wconf 70' lang='lat' dir='ltr'>praemissus</span> <span class='ocrx_word' id='word_1_33' title='bbox 947 781 1034 824; x_wconf 87' lang='lat' dir='ltr'>agat</span> <span class='ocrx_word' id='word_1_34' title='bbox 1056 770 1260 809; x_wconf 86' lang='lat' dir='ltr'>Vibullius</span> <span class='ocrx_word' id='word_1_35' title='bbox 1278 789 1289 815; x_wconf 68' lang='grc' dir='ltr'><strong><em>ς</em></strong></span> <span class='ocrx_word' id='word_1_36' title='bbox 1322 770 1391 822; x_wconf 93' lang='lat' dir='ltr'>qui</span> <span class='ocrx_word' id='word_1_37' title='bbox 1413 770 1578 808; x_wconf 90' lang='lat' dir='ltr'>omnino</span> <span class='ocrx_word' id='word_1_38' title='bbox 1608 783 1688 808; x_wconf 86' lang='lat' dir='ltr'>non</span> <span class='ocrx_word' id='word_1_39' title='bbox 1717 770 1771 808; x_wconf 86' lang='lat' dir='ltr'>est</span> <span class='ocrx_word' id='word_1_40' title='bbox 1789 770 1897 809; x_wconf 74' lang='lat' dir='ltr'>visus</span> 
     </span>
     <span class='ocr_line' id='line_1_7' title="bbox 501 835 1896 891; baseline -0.003 -13"><span class='ocrx_word' id='word_1_41' title='bbox 501 852 524 877; x_wconf 87' lang='lat' dir='ltr'>a</span> <span class='ocrx_word' id='word_1_42' title='bbox 544 840 690 878; x_wconf 84' lang='lat' dir='ltr'>Caesare</span> <span class='ocrx_word' id='word_1_43' title='bbox 703 858 725 885; x_wconf 50' lang='grc' dir='ltr'>ς,</span> <span class='ocrx_word' id='word_1_44' title='bbox 751 840 811 891; x_wconf 92' lang='lat' dir='ltr'>(in</span> <span class='ocrx_word' id='word_1_45' title='bbox 831 839 951 877; x_wconf 87' lang='lat' dir='ltr'>altera</span> <span class='ocrx_word' id='word_1_46' title='bbox 969 837 1130 890; x_wconf 88' lang='lat' dir='ltr'>epistola</span> <span class='ocrx_word' id='word_1_47' title='bbox 1149 837 1263 874; x_wconf 83' lang='lat' dir='ltr'>video</span> <span class='ocrx_word' id='word_1_48' title='bbox 1284 846 1321 874; x_wconf 91' lang='lat' dir='ltr'>te</span> <span class='ocrx_word' id='word_1_49' title='bbox 1342 835 1621 886; x_wconf 74' lang='lat' dir='ltr'>scireita-effe)</span> <span class='ocrx_word' id='word_1_50' title='bbox 1644 845 1683 874; x_wconf 90' lang='lat' dir='ltr'>et</span> <span class='ocrx_word' id='word_1_51' title='bbox 1703 835 1896 889; x_wconf 81' lang='lat' dir='ltr'>quemad-</span> 
     </span>
     <span class='ocr_line' id='line_1_8' title="bbox 502 901 1898 955; baseline -0.003 -12"><span class='ocrx_word' id='word_1_52' title='bbox 502 905 678 942; x_wconf 82' lang='lat' dir='ltr'>modum</span> <span class='ocrx_word' id='word_1_53' title='bbox 701 904 930 942; x_wconf 84' lang='lat' dir='ltr'>redeuntem</span> <span class='ocrx_word' id='word_1_54' title='bbox 961 902 1158 955; x_wconf 85' lang='lat' dir='ltr'>excipiam</span> <span class='ocrx_word' id='word_1_55' title='bbox 1190 901 1406 945; x_wconf 83' lang='lat' dir='ltr'>Caesarem;</span> <span class='ocrx_word' id='word_1_56' title='bbox 1439 913 1559 954; x_wconf 85' lang='lat' dir='ltr'>quern</span> <span class='ocrx_word' id='word_1_57' title='bbox 1585 902 1760 940; x_wconf 35' lang='lat' dir='ltr'>omnino,</span> <span class='ocrx_word' id='word_1_58' title='bbox 1775 901 1898 940; x_wconf 79' lang='lat' dir='ltr'>vitare</span> 
     </span>
     <span class='ocr_line' id='line_1_9' title="bbox 502 967 1900 1022; baseline -0.002 -14"><span class='ocrx_word' id='word_1_59' title='bbox 502 970 661 1022; x_wconf 83' lang='lat' dir='ltr'>cogito:</span> <span class='ocrx_word' id='word_1_60' title='bbox 700 979 739 1007; x_wconf 86' lang='lat' dir='ltr'>et</span> <span class='ocrx_word' id='word_1_61' title='bbox 770 978 836 1007; x_wconf 90' lang='lat' dir='ltr'>aut</span> <span class='ocrx_word' id='word_1_62' title='bbox 869 968 1076 1007; x_wconf 81' lang='lat' dir='ltr'>Haemonis</span> <span class='ocrx_word' id='word_1_63' title='bbox 1109 967 1246 1020; x_wconf 86' lang='lat' dir='ltr'>fugam</span> <span class='ocrx_word' id='word_1_64' title='bbox 1279 967 1422 1012; x_wconf 89' lang='lat' dir='ltr'>tendis,</span> <span class='ocrx_word' id='word_1_65' title='bbox 1460 968 1900 1020; x_wconf 73' lang='lat' dir='ltr'>commutationemque</span> 
     </span>
     <span class='ocr_line' id='line_1_10' title="bbox 501 1031 1897 1087; baseline -0.001 -14"><span class='ocrx_word' id='word_1_66' title='bbox 501 1035 593 1073; x_wconf 85' lang='lat' dir='ltr'>vitae</span> <span class='ocrx_word' id='word_1_67' title='bbox 613 1043 689 1073; x_wconf 85' lang='lat' dir='ltr'>tuae</span> <span class='ocrx_word' id='word_1_68' title='bbox 705 1053 717 1080; x_wconf 78' lang='lat'>3</span> <span class='ocrx_word' id='word_1_69' title='bbox 749 1033 857 1087; x_wconf 91' lang='lat' dir='ltr'>quod</span> <span class='ocrx_word' id='word_1_70' title='bbox 878 1033 953 1071; x_wconf 92' lang='lat' dir='ltr'>tibi</span> <span class='ocrx_word' id='word_1_71' title='bbox 972 1042 1072 1085; x_wconf 90' lang='lat' dir='ltr'>puto</span> <span class='ocrx_word' id='word_1_72' title='bbox 1091 1032 1165 1071; x_wconf 86' lang='lat' dir='ltr'>effe</span> <span class='ocrx_word' id='word_1_73' title='bbox 1183 1031 1436 1071; x_wconf 83' lang='lat' dir='ltr'>faciendum:</span> <span class='ocrx_word' id='word_1_74' title='bbox 1467 1042 1521 1078; x_wconf 87' lang='lat' dir='ltr'>et,</span> <span class='ocrx_word' id='word_1_75' title='bbox 1552 1033 1732 1085; x_wconf 63' lang='lat' dir='ltr'>ignoras,</span> <span class='ocrx_word' id='word_1_76' title='bbox 1746 1033 1897 1071; x_wconf 83' lang='lat' dir='ltr'>Domi-</span> 
     </span>
     <span class='ocr_line' id='line_1_11' title="bbox 502 1097 1900 1151; baseline -0.001 -13"><span class='ocrx_word' id='word_1_77' title='bbox 502 1101 582 1138; x_wconf 86' lang='lat' dir='ltr'>tius</span> <span class='ocrx_word' id='word_1_78' title='bbox 604 1113 698 1138; x_wconf 87' lang='lat' dir='ltr'>cum</span> <span class='ocrx_word' id='word_1_79' title='bbox 726 1099 947 1138; x_wconf 89' lang='lat' dir='ltr'>fascibusne</span> <span class='ocrx_word' id='word_1_80' title='bbox 971 1099 1044 1144; x_wconf 70' lang='lat' dir='ltr'>sit-5</span> <span class='ocrx_word' id='word_1_81' title='bbox 1077 1098 1185 1151; x_wconf 88' lang='lat' dir='ltr'>quod</span> <span class='ocrx_word' id='word_1_82' title='bbox 1216 1111 1310 1136; x_wconf 83' lang='lat' dir='ltr'>cum</span> <span class='ocrx_word' id='word_1_83' title='bbox 1342 1097 1452 1143; x_wconf 85' lang='lat' dir='ltr'>scies,</span> <span class='ocrx_word' id='word_1_84' title='bbox 1484 1097 1603 1137; x_wconf 74' lang='lat' dir='ltr'>facies</span> <span class='ocrx_word' id='word_1_85' title='bbox 1635 1107 1680 1137; x_wconf 90' lang='lat' dir='ltr'>ut</span> <span class='ocrx_word' id='word_1_86' title='bbox 1711 1098 1900 1137; x_wconf 74' lang='lat' dir='ltr'>sciamus.-</span> 
     </span>
     <span class='ocr_line' id='line_1_12' title="bbox 503 1162 1895 1218; baseline -0.001 -14"><span class='ocrx_word' id='word_1_87' title='bbox 503 1165 639 1204; x_wconf 88' lang='lat' dir='ltr'>Habes</span> <span class='ocrx_word' id='word_1_88' title='bbox 670 1165 719 1203; x_wconf 82' lang='lat' dir='ltr'>ad</span> <span class='ocrx_word' id='word_1_89' title='bbox 749 1165 919 1218; x_wconf 82' lang='lat' dir='ltr'>primam</span> <span class='ocrx_word' id='word_1_90' title='bbox 951 1163 1170 1217; x_wconf 84' lang='lat' dir='ltr'>epistolam.</span> <span class='ocrx_word' id='word_1_91' title='bbox 1217 1164 1366 1202; x_wconf 76' lang='lat' dir='ltr'>Secutae</span> <span class='ocrx_word' id='word_1_92' title='bbox 1393 1162 1484 1201; x_wconf 87' lang='lat' dir='ltr'>sunt</span> <span class='ocrx_word' id='word_1_93' title='bbox 1514 1162 1614 1208; x_wconf 78' lang='lat' dir='ltr'>duae,</span> <span class='ocrx_word' id='word_1_94' title='bbox 1645 1163 1777 1216; x_wconf 81' lang='lat' dir='ltr'>pridie</span> <span class='ocrx_word' id='word_1_95' title='bbox 1803 1163 1895 1203; x_wconf 71' lang='lat' dir='ltr'>Kar.</span> 
     </span>
     <span class='ocr_line' id='line_1_13' title="bbox 502 1228 1899 1284; baseline -0.001 -14"><span class='ocrx_word' id='word_1_96' title='bbox 502 1233 627 1270; x_wconf 81' lang='lat' dir='ltr'>ambae</span> <span class='ocrx_word' id='word_1_97' title='bbox 654 1233 767 1276; x_wconf 84' lang='lat' dir='ltr'>datae‚</span> <span class='ocrx_word' id='word_1_98' title='bbox 797 1244 886 1284; x_wconf 82' lang='lat' dir='ltr'>quae</span> <span class='ocrx_word' id='word_1_99' title='bbox 915 1243 980 1269; x_wconf 88' lang='lat' dir='ltr'>me</span> <span class='ocrx_word' id='word_1_100' title='bbox 1011 1229 1285 1268; x_wconf 88' lang='lat' dir='ltr'>convellerunt</span> <span class='ocrx_word' id='word_1_101' title='bbox 1315 1229 1363 1267; x_wconf 91' lang='lat' dir='ltr'>de</span> <span class='ocrx_word' id='word_1_102' title='bbox 1394 1228 1558 1282; x_wconf 84' lang='lat' dir='ltr'>pristino</span> <span class='ocrx_word' id='word_1_103' title='bbox 1585 1229 1699 1275; x_wconf 78' lang='lat' dir='ltr'>statu,</span> <span class='ocrx_word' id='word_1_104' title='bbox 1724 1231 1808 1282; x_wconf 82' lang='lat' dir='ltr'>jam</span> <span class='ocrx_word' id='word_1_105' title='bbox 1835 1239 1899 1268; x_wconf 87' lang='lat' dir='ltr'>ta-</span> 
     </span>
     <span class='ocr_line' id='line_1_14' title="bbox 502 1295 1899 1350; baseline -0.001 -14"><span class='ocrx_word' id='word_1_106' title='bbox 502 1311 611 1343; x_wconf 86' lang='lat' dir='ltr'>men,</span> <span class='ocrx_word' id='word_1_107' title='bbox 643 1307 688 1336; x_wconf 90' lang='lat' dir='ltr'>ut</span> <span class='ocrx_word' id='word_1_108' title='bbox 714 1305 803 1335; x_wconf 88' lang='lat' dir='ltr'>ante</span> <span class='ocrx_word' id='word_1_109' title='bbox 831 1297 879 1335; x_wconf 86' lang='lat' dir='ltr'>ad</span> <span class='ocrx_word' id='word_1_110' title='bbox 909 1306 959 1335; x_wconf 53' lang='lat' dir='ltr'>te&lt;</span> <span class='ocrx_word' id='word_1_111' title='bbox 977 1295 1123 1350; x_wconf 87' lang='lat' dir='ltr'>scripfi,</span> <span class='ocrx_word' id='word_1_112' title='bbox 1154 1295 1369 1334; x_wconf 84' lang='lat' dir='ltr'>labantem.</span> <span class='ocrx_word' id='word_1_113' title='bbox 1415 1295 1504 1334; x_wconf 87' lang='lat' dir='ltr'>Nec</span> <span class='ocrx_word' id='word_1_114' title='bbox 1525 1307 1590 1334; x_wconf 89' lang='lat' dir='ltr'>me</span> <span class='ocrx_word' id='word_1_115' title='bbox 1610 1305 1757 1341; x_wconf 87' lang='lat' dir='ltr'>movet,</span> <span class='ocrx_word' id='word_1_116' title='bbox 1789 1296 1899 1349; x_wconf 89' lang='lat' dir='ltr'>quod</span> 
     </span>
     <span class='ocr_line' id='line_1_15' title="bbox 503 1360 1900 1415; baseline -0.001 -14"><span class='ocrx_word' id='word_1_117' title='bbox 503 1363 658 1408; x_wconf 86' lang='lat' dir='ltr'>scribis,</span> <span class='ocrx_word' id='word_1_118' title='bbox 678 1361 781 1415; x_wconf 84' lang='lat' dir='ltr'>Jovi</span> <span class='ocrx_word' id='word_1_119' title='bbox 795 1361 861 1415; x_wconf 79' lang='lat' dir='ltr'>ipfi</span> <span class='ocrx_word' id='word_1_120' title='bbox 875 1361 1035 1414; x_wconf 79' lang='lat' dir='ltr'>iniquum</span> <span class='ocrx_word' id='word_1_121' title='bbox 1051 1375 1065 1398; x_wconf 89' lang='grc'>.·</span> <span class='ocrx_word' id='word_1_122' title='bbox 1096 1373 1188 1399; x_wconf 86' lang='lat' dir='ltr'>nam</span> <span class='ocrx_word' id='word_1_123' title='bbox 1208 1360 1433 1413; x_wconf 88' lang='lat' dir='ltr'>periculum</span> <span class='ocrx_word' id='word_1_124' title='bbox 1454 1360 1495 1399; x_wconf 89' lang='lat' dir='ltr'>in</span> <span class='ocrx_word' id='word_1_125' title='bbox 1516 1361 1720 1413; x_wconf 82' lang='lat' dir='ltr'>utriusque</span> <span class='ocrx_word' id='word_1_126' title='bbox 1739 1361 1900 1399; x_wconf 84' lang='lat' dir='ltr'>iracun-</span> 
     </span>
     <span class='ocr_line' id='line_1_16' title="bbox 503 1427 1901 1481; baseline -0.001 -14"><span class='ocrx_word' id='word_1_127' title='bbox 503 1429 568 1467; x_wconf 87' lang='lat' dir='ltr'>dia</span> <span class='ocrx_word' id='word_1_128' title='bbox 596 1429 768 1481; x_wconf 85' lang='lat' dir='ltr'>pofitum</span> <span class='ocrx_word' id='word_1_129' title='bbox 793 1427 847 1466; x_wconf 88' lang='lat' dir='ltr'>est</span> <span class='ocrx_word' id='word_1_130' title='bbox 863 1446 874 1473; x_wconf 72' lang='grc' dir='ltr'><strong><em>ς</em></strong></span> <span class='ocrx_word' id='word_1_131' title='bbox 906 1427 1069 1465; x_wconf 67' lang='lat' dir='ltr'>victoria</span> <span class='ocrx_word' id='word_1_132' title='bbox 1093 1435 1226 1465; x_wconf 86' lang='lat' dir='ltr'>autem</span> <span class='ocrx_word' id='word_1_133' title='bbox 1254 1428 1309 1464; x_wconf 85' lang='lat' dir='ltr'>ita</span> <span class='ocrx_word' id='word_1_134' title='bbox 1334 1427 1496 1472; x_wconf 84' lang='lat' dir='ltr'>incerta,</span> <span class='ocrx_word' id='word_1_135' title='bbox 1528 1436 1572 1465; x_wconf 87' lang='lat' dir='ltr'>ut</span> <span class='ocrx_word' id='word_1_136' title='bbox 1601 1427 1770 1466; x_wconf 77' lang='lat' dir='ltr'>deterior</span> <span class='ocrx_word' id='word_1_137' title='bbox 1789 1427 1901 1465; x_wconf 85' lang='lat' dir='ltr'>causa</span> 
     </span>
     <span class='ocr_line' id='line_1_17' title="bbox 503 1491 1900 1547; baseline -0.002 -15"><span class='ocrx_word' id='word_1_138' title='bbox 503 1494 673 1547; x_wconf 89' lang='lat' dir='ltr'>paratior</span> <span class='ocrx_word' id='word_1_139' title='bbox 692 1491 794 1531; x_wconf 85' lang='lat' dir='ltr'>mihi</span> <span class='ocrx_word' id='word_1_140' title='bbox 814 1492 886 1530; x_wconf 82' lang='lat' dir='ltr'>effe</span> <span class='ocrx_word' id='word_1_141' title='bbox 906 1492 1096 1530; x_wconf 79' lang='lat' dir='ltr'>videatur.</span> <span class='ocrx_word' id='word_1_142' title='bbox 1130 1492 1219 1530; x_wconf 84' lang='lat' dir='ltr'>Nec</span> <span class='ocrx_word' id='word_1_143' title='bbox 1240 1505 1305 1530; x_wconf 90' lang='lat' dir='ltr'>me</span> <span class='ocrx_word' id='word_1_144' title='bbox 1326 1491 1518 1530; x_wconf 86' lang='lat' dir='ltr'>Consules</span> <span class='ocrx_word' id='word_1_145' title='bbox 1539 1501 1716 1536; x_wconf 87' lang='lat' dir='ltr'>movent,</span> <span class='ocrx_word' id='word_1_146' title='bbox 1737 1493 1807 1544; x_wconf 85' lang='lat' dir='ltr'>qui</span> <span class='ocrx_word' id='word_1_147' title='bbox 1829 1492 1900 1545; x_wconf 88' lang='lat' dir='ltr'>ipfi</span> 
     </span>
     <span class='ocr_line' id='line_1_18' title="bbox 504 1556 1901 1613; baseline -0.002 -16"><span class='ocrx_word' id='word_1_148' title='bbox 504 1560 644 1613; x_wconf 84' lang='lat' dir='ltr'>pluma</span> <span class='ocrx_word' id='word_1_149' title='bbox 662 1568 728 1597; x_wconf 90' lang='lat' dir='ltr'>aut</span> <span class='ocrx_word' id='word_1_150' title='bbox 747 1557 847 1596; x_wconf 89' lang='lat' dir='ltr'>folio</span> <span class='ocrx_word' id='word_1_151' title='bbox 867 1557 1023 1596; x_wconf 88' lang='lat' dir='ltr'>facilius</span> <span class='ocrx_word' id='word_1_152' title='bbox 1044 1565 1255 1596; x_wconf 88' lang='lat' dir='ltr'>moventur</span> <span class='ocrx_word' id='word_1_153' title='bbox 1273 1572 1281 1595; x_wconf 94' lang='lat'>:</span> <span class='ocrx_word' id='word_1_154' title='bbox 1314 1557 1438 1595; x_wconf 85' lang='lat' dir='ltr'>officii</span> <span class='ocrx_word' id='word_1_155' title='bbox 1465 1569 1528 1595; x_wconf 90' lang='lat' dir='ltr'>me</span> <span class='ocrx_word' id='word_1_156' title='bbox 1554 1556 1786 1595; x_wconf 86' lang='lat' dir='ltr'>deliberatio</span> <span class='ocrx_word' id='word_1_157' title='bbox 1806 1569 1901 1595; x_wconf 87' lang='lat' dir='ltr'>cru-</span> 
     </span>
     <span class='ocr_line' id='line_1_19' title="bbox 503 1621 1902 1677; baseline -0.002 -13"><span class='ocrx_word' id='word_1_158' title='bbox 503 1626 598 1669; x_wconf 81' lang='lat' dir='ltr'>ciat,</span> <span class='ocrx_word' id='word_1_159' title='bbox 629 1624 899 1677; x_wconf 84' lang='lat' dir='ltr'>cruciavitque</span> <span class='ocrx_word' id='word_1_160' title='bbox 919 1623 1063 1663; x_wconf 88' lang='lat' dir='ltr'>adhuc.</span> <span class='ocrx_word' id='word_1_161' title='bbox 1110 1623 1276 1661; x_wconf 85' lang='lat' dir='ltr'>Cautior</span> <span class='ocrx_word' id='word_1_162' title='bbox 1295 1631 1402 1660; x_wconf 79' lang='lat' dir='ltr'>certe</span> <span class='ocrx_word' id='word_1_163' title='bbox 1420 1621 1474 1660; x_wconf 87' lang='lat' dir='ltr'>est</span> <span class='ocrx_word' id='word_1_164' title='bbox 1494 1623 1669 1661; x_wconf 20' lang='lat' dir='ltr'>manfior:</span> <span class='ocrx_word' id='word_1_165' title='bbox 1701 1621 1902 1662; x_wconf 83' lang='lat' dir='ltr'>honestior</span> 
     </span>
     <span class='ocr_line' id='line_1_20' title="bbox 505 1687 1897 1741; baseline -0.001 -13"><span class='ocrx_word' id='word_1_166' title='bbox 505 1689 750 1729; x_wconf 85' lang='lat' dir='ltr'>existimatur</span> <span class='ocrx_word' id='word_1_167' title='bbox 780 1689 970 1741; x_wconf 64' lang='lat' dir='ltr'>trajectio.</span> <span class='ocrx_word' id='word_1_168' title='bbox 1016 1688 1130 1726; x_wconf 87' lang='lat' dir='ltr'>Malo</span> <span class='ocrx_word' id='word_1_169' title='bbox 1164 1687 1381 1733; x_wconf 88' lang='lat' dir='ltr'>interdum,</span> <span class='ocrx_word' id='word_1_170' title='bbox 1412 1687 1533 1726; x_wconf 88' lang='lat' dir='ltr'>multi</span> <span class='ocrx_word' id='word_1_171' title='bbox 1562 1700 1625 1726; x_wconf 89' lang='lat' dir='ltr'>me</span> <span class='ocrx_word' id='word_1_172' title='bbox 1660 1701 1739 1726; x_wconf 92' lang='lat' dir='ltr'>non</span> <span class='ocrx_word' id='word_1_173' title='bbox 1770 1698 1897 1734; x_wconf 82' lang='lat' dir='ltr'>caute,</span> 
     </span>
     <span class='ocr_line' id='line_1_21' title="bbox 503 1753 1903 1809; baseline -0.002 -15"><span class='ocrx_word' id='word_1_174' title='bbox 503 1769 624 1809; x_wconf 87' lang='lat' dir='ltr'>quam</span> <span class='ocrx_word' id='word_1_175' title='bbox 658 1756 773 1808; x_wconf 82' lang='lat' dir='ltr'>pauci</span> <span class='ocrx_word' id='word_1_176' title='bbox 809 1768 887 1793; x_wconf 92' lang='lat' dir='ltr'>non</span> <span class='ocrx_word' id='word_1_177' title='bbox 922 1754 1096 1800; x_wconf 88' lang='lat' dir='ltr'>honeste,</span> <span class='ocrx_word' id='word_1_178' title='bbox 1127 1753 1260 1793; x_wconf 79' lang='lat' dir='ltr'>fecifl‘e</span> <span class='ocrx_word' id='word_1_179' title='bbox 1288 1753 1528 1792; x_wconf 82' lang='lat' dir='ltr'>existiment.</span> <span class='ocrx_word' id='word_1_180' title='bbox 1576 1754 1638 1791; x_wconf 90' lang='lat' dir='ltr'>De</span> <span class='ocrx_word' id='word_1_181' title='bbox 1674 1753 1828 1806; x_wconf 90' lang='lat' dir='ltr'>Lepido</span> <span class='ocrx_word' id='word_1_182' title='bbox 1859 1763 1903 1792; x_wconf 86' lang='lat' dir='ltr'>et</span> 
     </span>
     <span class='ocr_line' id='line_1_22' title="bbox 505 1819 1902 1873; baseline -0.001 -13"><span class='ocrx_word' id='word_1_183' title='bbox 505 1821 632 1861; x_wconf 87' lang='lat' dir='ltr'>Tullo</span> <span class='ocrx_word' id='word_1_184' title='bbox 652 1820 761 1873; x_wconf 90' lang='lat' dir='ltr'>quod</span> <span class='ocrx_word' id='word_1_185' title='bbox 779 1821 920 1873; x_wconf 87' lang='lat' dir='ltr'>quaeris</span> <span class='ocrx_word' id='word_1_186' title='bbox 935 1839 946 1866; x_wconf 69' lang='grc' dir='ltr'><strong><em>ς</em></strong></span> <span class='ocrx_word' id='word_1_187' title='bbox 970 1820 1031 1858; x_wconf 91' lang='lat' dir='ltr'>illi</span> <span class='ocrx_word' id='word_1_188' title='bbox 1050 1833 1142 1859; x_wconf 90' lang='lat' dir='ltr'>vero</span> <span class='ocrx_word' id='word_1_189' title='bbox 1163 1833 1242 1859; x_wconf 92' lang='lat' dir='ltr'>non</span> <span class='ocrx_word' id='word_1_190' title='bbox 1263 1819 1462 1864; x_wconf 89' lang='lat' dir='ltr'>dubitant,</span> <span class='ocrx_word' id='word_1_191' title='bbox 1483 1819 1581 1871; x_wconf 89' lang='lat' dir='ltr'>quin</span> <span class='ocrx_word' id='word_1_192' title='bbox 1604 1819 1743 1857; x_wconf 75' lang='lat' dir='ltr'>Caesari</span> <span class='ocrx_word' id='word_1_193' title='bbox 1756 1819 1902 1872; x_wconf 80' lang='lat' dir='ltr'>-praesto</span> 
     </span>
     <span class='ocr_line' id='line_1_23' title="bbox 505 1884 1902 1938; baseline -0.001 -13"><span class='ocrx_word' id='word_1_194' title='bbox 505 1886 648 1930; x_wconf 78' lang='lat' dir='ltr'>futuri,</span> <span class='ocrx_word' id='word_1_195' title='bbox 679 1887 719 1923; x_wconf 90' lang='lat' dir='ltr'>in</span> <span class='ocrx_word' id='word_1_196' title='bbox 742 1886 1007 1937; x_wconf 81' lang='lat' dir='ltr'>Senatumque</span> <span class='ocrx_word' id='word_1_197' title='bbox 1026 1886 1181 1924; x_wconf 87' lang='lat' dir='ltr'>venturi</span> <span class='ocrx_word' id='word_1_198' title='bbox 1203 1885 1292 1924; x_wconf 87' lang='lat' dir='ltr'>fint.</span> <span class='ocrx_word' id='word_1_199' title='bbox 1338 1884 1618 1923; x_wconf 77' lang='lat' dir='ltr'>Recentiffima</span> <span class='ocrx_word' id='word_1_200' title='bbox 1637 1893 1704 1922; x_wconf 84' lang='lat' dir='ltr'>tua</span> <span class='ocrx_word' id='word_1_201' title='bbox 1722 1884 1776 1923; x_wconf 83' lang='lat' dir='ltr'>est</span> <span class='ocrx_word' id='word_1_202' title='bbox 1795 1885 1902 1938; x_wconf 84' lang='lat' dir='ltr'>epis·-</span> 
     </span>
     <span class='ocr_line' id='line_1_24' title="bbox 507 1951 1900 2004; baseline -0.002 -12"><span class='ocrx_word' id='word_1_203' title='bbox 507 1953 588 1992; x_wconf 87' lang='lat' dir='ltr'>tola</span> <span class='ocrx_word' id='word_1_204' title='bbox 609 1951 697 1990; x_wconf 79' lang='lat' dir='ltr'>Kal.</span> <span class='ocrx_word' id='word_1_205' title='bbox 722 1951 808 1989; x_wconf 84' lang='lat' dir='ltr'>data</span> <span class='ocrx_word' id='word_1_206' title='bbox 824 1969 836 1996; x_wconf 69' lang='grc' dir='ltr'>ς</span> <span class='ocrx_word' id='word_1_207' title='bbox 869 1952 908 1989; x_wconf 89' lang='lat' dir='ltr'>in</span> <span class='ocrx_word' id='word_1_208' title='bbox 936 1964 1014 2003; x_wconf 83' lang='lat' dir='ltr'>qua</span> <span class='ocrx_word' id='word_1_209' title='bbox 1041 1961 1152 2004; x_wconf 81' lang='lat' dir='ltr'>optas</span> <span class='ocrx_word' id='word_1_210' title='bbox 1182 1951 1444 2004; x_wconf 77' lang='lat' dir='ltr'>congressum,</span> <span class='ocrx_word' id='word_1_211' title='bbox 1475 1963 1692 2004; x_wconf 84' lang='lat' dir='ltr'>pacemque</span> <span class='ocrx_word' id='word_1_212' title='bbox 1720 1952 1900 1990; x_wconf 84' lang='lat' dir='ltr'>non-de-</span> 
     </span>
     <span class='ocr_line' id='line_1_25' title="bbox 507 2015 1898 2071; baseline -0.001 -15"><span class='ocrx_word' id='word_1_213' title='bbox 507 2017 659 2071; x_wconf 78' lang='lat' dir='ltr'>speras:</span> <span class='ocrx_word' id='word_1_214' title='bbox 694 2015 758 2054; x_wconf 81' lang='lat' dir='ltr'>sed</span> <span class='ocrx_word' id='word_1_215' title='bbox 777 2030 864 2069; x_wconf 88' lang='lat' dir='ltr'>ego,</span> <span class='ocrx_word' id='word_1_216' title='bbox 896 2029 989 2054; x_wconf 87' lang='lat' dir='ltr'>cum</span> <span class='ocrx_word' id='word_1_217' title='bbox 1010 2015 1097 2054; x_wconf 81' lang='lat' dir='ltr'>haeo</span> <span class='ocrx_word' id='word_1_218' title='bbox 1125 2016 1357 2061; x_wconf 86' lang='lat' dir='ltr'>scribebam,</span> <span class='ocrx_word' id='word_1_219' title='bbox 1390 2028 1461 2054; x_wconf 88' lang='lat' dir='ltr'>nec</span> <span class='ocrx_word' id='word_1_220' title='bbox 1494 2015 1583 2054; x_wconf 81' lang='lat' dir='ltr'>illos</span> <span class='ocrx_word' id='word_1_221' title='bbox 1614 2015 1898 2069; x_wconf 72' lang='lat' dir='ltr'>congressuros,</span> 
     </span>
     <span class='ocr_line' id='line_1_26' title="bbox 506 2080 1900 2135; baseline 0 -14"><span class='ocrx_word' id='word_1_222' title='bbox 506 2096 595 2129; x_wconf 85' lang='lat' dir='ltr'>nec,</span> <span class='ocrx_word' id='word_1_223' title='bbox 627 2082 652 2120; x_wconf 80' lang='lat' dir='ltr'>si</span> <span class='ocrx_word' id='word_1_224' title='bbox 674 2080 862 2135; x_wconf 83' lang='lat' dir='ltr'>congreffi</span> <span class='ocrx_word' id='word_1_225' title='bbox 883 2081 1018 2126; x_wconf 78' lang='lat' dir='ltr'>effent,</span> <span class='ocrx_word' id='word_1_226' title='bbox 1050 2081 1287 2134; x_wconf 87' lang='lat' dir='ltr'>Pompeium</span> <span class='ocrx_word' id='word_1_227' title='bbox 1319 2081 1366 2119; x_wconf 87' lang='lat' dir='ltr'>ad</span> <span class='ocrx_word' id='word_1_228' title='bbox 1396 2081 1518 2119; x_wconf 85' lang='lat' dir='ltr'>ullam</span> <span class='ocrx_word' id='word_1_229' title='bbox 1539 2081 1811 2120; x_wconf 85' lang='lat' dir='ltr'>conditionem</span> <span class='ocrx_word' id='word_1_230' title='bbox 1833 2095 1900 2121; x_wconf 85' lang='lat' dir='ltr'>ac-</span> 
     </span>
     <span class='ocr_line' id='line_1_27' title="bbox 507 2147 1901 2201; baseline -0.001 -13"><span class='ocrx_word' id='word_1_231' title='bbox 507 2149 701 2188; x_wconf 81' lang='lat' dir='ltr'>ccss‘urum</span> <span class='ocrx_word' id='word_1_232' title='bbox 732 2148 935 2201; x_wconf 86' lang='lat' dir='ltr'>putabam.</span> <span class='ocrx_word' id='word_1_233' title='bbox 981 2148 1103 2200; x_wconf 82' lang='lat' dir='ltr'>Qod</span> <span class='ocrx_word' id='word_1_234' title='bbox 1137 2148 1280 2187; x_wconf 86' lang='lat' dir='ltr'>videris</span> <span class='ocrx_word' id='word_1_235' title='bbox 1311 2161 1390 2186; x_wconf 90' lang='lat' dir='ltr'>non</span> <span class='ocrx_word' id='word_1_236' title='bbox 1425 2147 1619 2193; x_wconf 82' lang='lat' dir='ltr'>dubitare,</span> <span class='ocrx_word' id='word_1_237' title='bbox 1651 2148 1676 2186; x_wconf 84' lang='lat' dir='ltr'>fi</span> <span class='ocrx_word' id='word_1_238' title='bbox 1709 2149 1901 2187; x_wconf 83' lang='lat' dir='ltr'>Consules</span> 
     </span>
     <span class='ocr_line' id='line_1_28' title="bbox 509 2213 1902 2267; baseline 0 -14"><span class='ocrx_word' id='word_1_239' title='bbox 509 2215 716 2259; x_wconf 82' lang='lat' dir='ltr'>transeant,</span> <span class='ocrx_word' id='word_1_240' title='bbox 739 2214 836 2267; x_wconf 89' lang='lat' dir='ltr'>quid</span> <span class='ocrx_word' id='word_1_241' title='bbox 857 2227 927 2253; x_wconf 87' lang='lat' dir='ltr'>nos</span> <span class='ocrx_word' id='word_1_242' title='bbox 948 2213 1074 2253; x_wconf 79' lang='lat' dir='ltr'>facere</span> <span class='ocrx_word' id='word_1_243' title='bbox 1093 2223 1298 2267; x_wconf 83' lang='lat' dir='ltr'>oporteat;</span> <span class='ocrx_word' id='word_1_244' title='bbox 1331 2222 1437 2252; x_wconf 78' lang='lat' dir='ltr'>certe</span> <span class='ocrx_word' id='word_1_245' title='bbox 1456 2213 1655 2252; x_wconf 84' lang='lat' dir='ltr'>transeunt</span> <span class='ocrx_word' id='word_1_246' title='bbox 1673 2229 1682 2252; x_wconf 80' lang='lat' dir='ltr'>z</span> <span class='ocrx_word' id='word_1_247' title='bbox 1716 2214 1792 2258; x_wconf 89' lang='lat' dir='ltr'>vel,</span> <span class='ocrx_word' id='word_1_248' title='bbox 1820 2228 1902 2267; x_wconf 86' lang='lat' dir='ltr'>quo</span> 
     </span>
     <span class='ocr_line' id='line_1_29' title="bbox 509 2280 1900 2333; baseline -0.001 -13"><span class='ocrx_word' id='word_1_249' title='bbox 509 2281 629 2320; x_wconf 86' lang='lat' dir='ltr'>modo</span> <span class='ocrx_word' id='word_1_250' title='bbox 660 2294 766 2320; x_wconf 89' lang='lat' dir='ltr'>nunc</span> <span class='ocrx_word' id='word_1_251' title='bbox 796 2280 863 2326; x_wconf 86' lang='lat' dir='ltr'>est,</span> <span class='ocrx_word' id='word_1_252' title='bbox 896 2281 1143 2320; x_wconf 71' lang='lat' dir='ltr'>transierunt.</span> <span class='ocrx_word' id='word_1_253' title='bbox 1187 2280 1259 2319; x_wconf 83' lang='lat' dir='ltr'>Sed</span> <span class='ocrx_word' id='word_1_254' title='bbox 1289 2290 1504 2324; x_wconf 89' lang='lat' dir='ltr'>memento,</span> <span class='ocrx_word' id='word_1_255' title='bbox 1536 2289 1676 2333; x_wconf 78' lang='lat' dir='ltr'>praeter</span> <span class='ocrx_word' id='word_1_256' title='bbox 1704 2281 1900 2333; x_wconf 85' lang='lat' dir='ltr'>Appium,</span> 
     </span>
     <span class='ocr_line' id='line_1_30' title="bbox 509 2345 1904 2399; baseline 0.001 -15"><span class='ocrx_word' id='word_1_257' title='bbox 509 2347 711 2385; x_wconf 86' lang='lat' dir='ltr'>neminem</span> <span class='ocrx_word' id='word_1_258' title='bbox 731 2346 802 2384; x_wconf 82' lang='lat' dir='ltr'>esse</span> <span class='ocrx_word' id='word_1_259' title='bbox 832 2346 927 2393; x_wconf 86' lang='lat' dir='ltr'>fere,</span> <span class='ocrx_word' id='word_1_260' title='bbox 958 2347 1138 2399; x_wconf 72' lang='lat' dir='ltr'>quinon</span> <span class='ocrx_word' id='word_1_261' title='bbox 1163 2347 1229 2399; x_wconf 85' lang='lat' dir='ltr'>jus</span> <span class='ocrx_word' id='word_1_262' title='bbox 1259 2345 1399 2386; x_wconf 84' lang='lat' dir='ltr'>habeat</span> <span class='ocrx_word' id='word_1_263' title='bbox 1426 2345 1661 2385; x_wconf 79' lang='lat' dir='ltr'>transeundi.</span> <span class='ocrx_word' id='word_1_264' title='bbox 1709 2345 1816 2384; x_wconf 78' lang='lat' dir='ltr'>Num</span> <span class='ocrx_word' id='word_1_265' title='bbox 1836 2355 1904 2385; x_wconf 80' lang='lat' dir='ltr'>aut</span> 
     </span>
     <span class='ocr_line' id='line_1_31' title="bbox 509 2412 1899 2465; baseline 0 -15"><span class='ocrx_word' id='word_1_266' title='bbox 509 2426 602 2451; x_wconf 86' lang='lat' dir='ltr'>cum</span> <span class='ocrx_word' id='word_1_267' title='bbox 625 2412 792 2465; x_wconf 89' lang='lat' dir='ltr'>imperio</span> <span class='ocrx_word' id='word_1_268' title='bbox 814 2412 916 2457; x_wconf 84' lang='lat' dir='ltr'>sunt,</span> <span class='ocrx_word' id='word_1_269' title='bbox 949 2423 992 2451; x_wconf 92' lang='lat' dir='ltr'>ut</span> <span class='ocrx_word' id='word_1_270' title='bbox 1016 2413 1243 2465; x_wconf 76' lang='lat' dir='ltr'>Pompeius,</span> <span class='ocrx_word' id='word_1_271' title='bbox 1275 2421 1319 2452; x_wconf 75' lang='lat' dir='ltr'>ut</span> <span class='ocrx_word' id='word_1_272' title='bbox 1340 2413 1487 2465; x_wconf 80' lang='lat' dir='ltr'>Scipio,</span> <span class='ocrx_word' id='word_1_273' title='bbox 1511 2414 1682 2457; x_wconf 80' lang='lat' dir='ltr'>Setcnas,</span> <span class='ocrx_word' id='word_1_274' title='bbox 1710 2413 1899 2458; x_wconf 80' lang='lat' dir='ltr'>Fannius,</span> 
     </span>
     <span class='ocr_line' id='line_1_32' title="bbox 510 2478 1901 2532; baseline 0.001 -16"><span class='ocrx_word' id='word_1_275' title='bbox 510 2478 730 2524; x_wconf 86' lang='lat' dir='ltr'>Voconius,</span> <span class='ocrx_word' id='word_1_276' title='bbox 781 2479 952 2525; x_wconf 77' lang='lat' dir='ltr'>Sextius,</span> <span class='ocrx_word' id='word_1_277' title='bbox 997 2478 1067 2532; x_wconf 73' lang='lat' dir='ltr'>ipsi</span> <span class='ocrx_word' id='word_1_278' title='bbox 1107 2478 1328 2524; x_wconf 54' lang='lat' dir='ltr'>Consulem</span> <span class='ocrx_word' id='word_1_279' title='bbox 1375 2478 1520 2531; x_wconf 80' lang='lat' dir='ltr'>quibus</span> <span class='ocrx_word' id='word_1_280' title='bbox 1560 2491 1669 2518; x_wconf 88' lang='lat' dir='ltr'>more</span> <span class='ocrx_word' id='word_1_281' title='bbox 1707 2479 1901 2531; x_wconf 83' lang='lat' dir='ltr'>majorum</span> 
     </span>
    </p>
   </div>
  </div>
 </body>
</html>
