2243 3008
492 320 566 359 154
831 301 1517 343 EPISTOLARUM

486 405 692 457 navigante
712 404 751 442 in
774 404 948 442 Siciliam
969 403 1164 455 dejestum
1190 402 1263 441 effe
1283 403 1323 441 in
1354 403 1490 441 mare?
1523 400 1740 455 Redarguit
1771 402 1873 441 Era-

487 469 681 508 tosthenes
698 489 710 515 ;
742 469 853 508 affert
873 470 979 507 enim
1000 481 1095 521 quas
1116 468 1184 506 ille
1204 467 1288 521 post
1309 467 1351 506 id.
1369 478 1524 521 tempus
1546 466 1696 506 fabulas
1723 467 1870 506 docue-

487 535 565 572 rit:
599 549 694 573 num
729 534 878 572 idcirco
909 534 1031 572 Duris
1063 533 1231 578 Samius,
1271 531 1394 571 homo
1425 534 1466 570 in
1497 532 1656 571 historia
1685 533 1874 586 diligens,

488 599 595 651 quod
629 613 721 638 curn
756 599 894 637 multis
927 599 1082 643 erravit,
1119 597 1302 636 irridetur
1320 599 1333 635 ?
1377 598 1479 649 Qis
1515 598 1733 636 Zaleucum
1767 599 1872 651 leges

489 664 627 702 Locris
650 663 831 716 scripfiss‘e
852 677 930 701 non
952 663 1054 701 dixit
1074 663 1086 700 ?
1117 677 1214 701 num
1235 663 1357 715 igitur
1380 663 1483 714 jacet
1505 661 1815 715 Theophrastus,
1847 665 1873 701 fi

488 729 528 766 id
558 743 578 766 a
605 730 760 768 Timaeo
792 739 862 766 tuo
892 727 1077 766 familiari
1109 727 1385 781 reprehensum
1405 727 1489 765 est?
1521 727 1596 765 Sed
1614 727 1760 766 nescire
1779 742 1871 781 pro—

488 807 604 832 avum
637 794 749 832 suum
783 793 994 832 Censorem
1027 806 1104 831 non
1136 792 1262 838 fuiffe,
1295 803 1408 846 turpe
1437 792 1518 837 est3
1549 791 1761 845 praesertim
1781 807 1875 832 cum

488 859 572 911 post
592 873 682 896 eum
706 858 934 903 Consulem,
966 871 1082 895 nemo
1104 858 1329 903 Cornelius,
1351 858 1421 895 illo
1441 858 1545 901 vivo,
1569 856 1716 895 Censor
1736 856 1870 896 fuerit.

490 924 609 975 Qiod
630 924 677 961 de
699 923 933 968 Philotimo,
964 933 1003 960 et
1023 923 1070 960 de
1090 922 1283 961 solutione
1306 924 1397 961 H-S
1421 934 1559 966 xxnc,
1591 921 1743 966 scribis,
1775 923 1872 961 Phi-

489 990 676 1027 lotimum
698 989 854 1026 circiter
885 988 1051 1026 Kalend.
1075 989 1233 1039 Januar.
1266 989 1307 1026 in
1340 987 1627 1026 Chersonesum
1658 987 1775 1026 audio
1806 1003 1873 1027 ve-

489 1054 611 1099 niffe;
642 1053 807 1102 aomihi
828 1054 875 1090 ab
895 1066 942 1091 eo
963 1053 1064 1091 nihil
1085 1052 1228 1092 adhuc.
1265 1054 1435 1106 Reliqua
1455 1066 1541 1091 mea
1561 1053 1756 1092 Camillus
1778 1053 1873 1092 scri-

490 1119 549 1156 bit
571 1118 605 1156 se
626 1118 810 1170 accepisse
828 1133 836 1156 :
869 1131 912 1155 ea
931 1131 1017 1170 quae
1038 1118 1111 1156 sint
1133 1117 1280 1164 nescio,
1308 1129 1346 1157 et
1366 1131 1458 1156 aveo
1479 1117 1588 1156 scire.
1621 1118 1770 1156 Verum
1791 1118 1874 1158 haec

488 1184 692 1237 posteriuS,
723 1193 762 1221 et
782 1197 913 1221 coram
935 1183 1087 1221 fortaffe
1106 1184 1371 1222 commodius.
1409 1183 1514 1222 Illud
1535 1197 1613 1228 me,
1644 1184 1700 1222 mi
1722 1185 1872 1230 Attice,

489 1251 530 1287 in
563 1260 735 1288 extrema
764 1247 844 1286 fere
875 1258 982 1301 parte
1012 1248 1183 1301 epistolae
1214 1249 1462 1288 commovit:
1496 1248 1633 1287 scribis
1667 1250 1773 1287 enim
1807 1250 1873 1293 fic,

487 1312 520 1347 τί
547 1315 668 1349 λοιπόν
687 1315 700 1351 ?
731 1313 870 1352 deinde
895 1327 957 1352 me
977 1313 1152 1352 obsecras
1173 1315 1447 1360 amantiffime,
1474 1327 1524 1352 ne
1543 1313 1749 1352 obliviscar
1768 1316 1874 1366 vigi-

489 1379 581 1424 lare,
612 1387 650 1416 et
671 1388 714 1416 ut
734 1379 1038 1418 animadvertam
1058 1393 1145 1432 quae
1167 1379 1276 1419 fiant.
1322 1381 1437 1419 Num
1453 1375 1561 1432 ‘quid
1591 1379 1638 1418 de
1659 1393 1738 1433 quo
1760 1381 1876 1418 inau-

488 1444 577 1483 disti
596 1446 609 1481 ?
632 1445 714 1483 Etfi
735 1445 838 1483 nihil
857 1445 1048 1497 ejusmodi
1069 1445 1142 1483 est:
1165 1442 1324 1492 xmo-37⁶
1344 1441 1398 1486 καὶ
1415 1439 1459 1480 δεῖ
1476 1461 1485 1484 :
1509 1459 1580 1484 nec
1600 1446 1706 1484 enirn
1728 1460 1791 1484 me
1811 1445 1872 1485 fe-

488 1509 660 1555 felliffet,
678 1524 748 1549 nec
770 1511 894 1549 fallet.
927 1511 1000 1549 Sed
1020 1512 1088 1549 ista
1107 1511 1326 1549 admonitio
1348 1520 1413 1547 tua
1433 1520 1513 1549 tam
1533 1521 1723 1557 accurata,
1746 1513 1876 1551 nescio

488 1576 585 1628 quid
606 1576 707 1613 mihi
729 1576 941 1628 significare
962 1576 1039 1613 'visa
1058 1576 1127 1614 est.
1173 1577 1234 1614 De
1262 1576 1324 1613 M.
1350 1576 1514 1614 octavio
1535 1577 1679 1614 iterum
1694 1578 1777 1629 jam
1799 1578 1877 1616 tibi-

489 1642 671 1682 rescribo.
718 1652 754 1679 te
790 1642 849 1679 illi
889 1643 1010 1694 probe
1043 1641 1274 1694 respondisse
1293 1656 1302 1678 ε
1343 1641 1460 1693 paulo
1494 1642 1636 1680 vellem
1670 1643 1870 1683 fidentius,

488 1707 594 1745 Nam
616 1707 760 1744 Caelius
783 1707 969 1744 libertum
992 1707 1038 1744 ad
1060 1722 1121 1744 me
1142 1707 1260 1750 misit,
1278 1715 1316 1744 et
1337 1706 1467 1745 literas
1487 1717 1664 1746 accurate
1685 1708 1843 1761 scriptas
1861 1725 1870 1748 ε

490 1771 550 1809 sed
571 1771 617 1809 de
640 1772 836 1823 pantheris
859 1772 977 1816 foede,
1004 1786 1046 1810 ac
1067 1773 1113 1810 de
1134 1772 1376 1810 civitatibus.
1409 1772 1599 1825 Rescripsi
1621 1773 1786 1812 alterum
1810 1788 1874 1813 me

488 1837 645 1876 moleste
667 1837 781 1882 ferre,
812 1839 836 1877 fi
858 1852 930 1890 ego
952 1839 993 1876 in
1015 1839 1184 1876 tenebris
1206 1838 1383 1882 laterem,
1408 1851 1477 1876 nec
1498 1838 1696 1877 audiretur
1718 1840 1870 1886 Romae,

490 1903 644 1940 nullum
667 1903 706 1940 in
729 1917 812 1940 mea
834 1903 1033 1955 provincia
1057 1917 1281 1948 nummum,
1314 1903 1382 1940 nisi
1416 1904 1455 1941 in
1485 1917 1533 1942 aes
1564 1903 1752 1950 alienum,
1783 1920 1873 1944 ero-

489 1969 597 2019 gari;
630 1967 826 2021 docuique
857 1982 926 2007 nec
958 1968 1057 2007 mihi
1086 1970 1295 2007 conciliare
1328 1970 1534 2022 pecuniam
1556 1970 1689 2015 licere,
1720 1972 1872 2010 necilli

488 2045 651 2085 capere;
685 2034 900 2085 monuique
920 2048 1026 2077 eum,
1058 2048 1176 2085 quem
1200 2034 1312 2086 plane
1333 2035 1472 2086 diligo,
1495 2044 1553 2079 ut,
1575 2049 1666 2073 cum
1689 2036 1784 2074 alios
1805 2050 1873 2075 ac-

488 2098 661 2143 cusasset,
692 2099 843 2137 cautius
875 2100 1046 2137 viveret:
1088 2099 1187 2137 illud
1221 2109 1350 2138 autem
1379 2099 1562 2144 alterum,
1593 2101 1766 2139 alienum
1800 2103 1873 2141 effe

488 2163 772 2202 existimatione
811 2178 910 2210 mea,
957 2165 1159 2217 Cybiratas
1201 2165 1366 2217 imperio
1400 2177 1489 2203 meo
1529 2165 1687 2217 publice
1725 2169 1868 2206 venari.

488 2230 611 2281 Lepta
633 2239 698 2267 tua
717 2229 876 2282 epistola
896 2231 1038 2283 gaudio
1057 2231 1227 2269 exultat:
1251 2231 1396 2268 etenim
1421 2230 1560 2283 scripta
1581 2231 1682 2269 belle
1699 2232 1765 2277 cst,
1784 2247 1868 2271 mc-

489 2308 564 2346 que
585 2295 686 2346 apud
706 2309 796 2333 eum
818 2309 957 2348 magna
978 2297 1016 2334 in
1040 2297 1160 2348 gratia
1183 2295 1324 2348 posuit.
1360 2296 1501 2334 Filiola
1519 2306 1582 2334 tua
1597 2306 1752 2349 gratum
1770 2298 1871 2337 mihi

489 2360 597 2405 fecit,
620 2361 725 2413 quod
748 2361 820 2399 tibi
843 2362 1050 2414 diligenter
1072 2361 1283 2406 mandavit,
1307 2362 1349 2399 u't
1371 2361 1470 2400 mihi
1492 2361 1653 2400 salutem
1675 2363 1870 2403 adscribe-

490 2438 546 2463 res
565 2443 574 2469 3
606 2436 761 2477 gratum
782 2427 899 2464 etiam
924 2427 1046 2464 Pilia:
1072 2426 1133 2464 scd
1155 2427 1221 2465 illa
1241 2426 1463 2471 officiosius,
1486 2427 1591 2479 quod
1615 2427 1728 2473 mihi,
1751 2443 1871 2482 quem

489 2490 648 2542 quidem
685 2504 886 2543 nunquam
921 2491 1019 2530 vidit
1038 2508 1046 2529 ε
1089 2492 1210 2544 igitur
1246 2501 1286 2530 tu
1322 2505 1480 2545 quoquc
1517 2492 1676 2531 salutem
1713 2495 1872 2547 utrique

488 2554 707 2593 adscribito.
743 2556 891 2594 Literas
914 2556 1072 2619 daturus
1096 2557 1217 2610 pridie
1237 2557 1323 2596 Kal.
1344 2558 1501 2609 januar.
1525 2557 1679 2597 suavem
1700 2557 1870 2598 habuisti
