2243 3008
508 197 585 264 2'42
705 189 707 191 ’
853 212 1539 255 EPISTOLARUM

848 449 1090 489 Cicssno
1130 449 1385 487 Ara-teo
1427 449 1557 487 SAL.

513 578 608 618 VII.
634 577 1078 650 SCRIPSERAM
1105 575 1151 614 ad
1174 584 1210 615 te
1230 575 1449 629 epistolam,
1471 588 1589 628 quam
1610 576 1741 616 darem
1764 591 1808 616 1v
1832 576 1892 616 Id.

712 642 776 681 sed
805 656 852 681 eo
883 642 945 680 die
978 642 1025 687 is,
1057 642 1124 680 eui
1154 641 1242 679 dare
1262 640 1478 685 volueram,
1508 654 1586 679 non
1607 641 1662 680 est
1680 642 1894 695 profestuS.

513 710 636 750 Venit
655 718 786 749 autem
806 721 853 747 eo
872 707 956 761 ipso
977 707 1039 748 die
1068 707 1136 746 ille
1156 707 1358 759 celeripes,
1389 719 1510 759 quem
1540 706 1692 746 Salvius
1719 707 1867 747 dixerat
1885 723 1895 747 :

512 776 649 815 attulit
677 775 892 814 uberrimas
919 783 1003 812 tuas
1033 773 1179 819 literas,
1210 786 1296 825 quae
1325 771 1428 811 mihi
1459 771 1648 824 quiddam
1677 773 1785 825 quasi
1811 774 1899 811 ani—

511 842 631 881 mulae
652 840 902 880 restillarunt.
948 839 1185 877 Recreatum
1214 839 1321 876 enim
1342 851 1406 876 me
1426 851 1505 876 non
1526 851 1629 890 queo
1648 837 1776 877 dicere
1793 852 1803 876 :
1835 837 1902 881 sed.

514 906 628 959 plane
648 900 679 941 πὶ
695 902 817 949 συνέχον
835 904 1011 943 effecisti.
1044 905 1132 956 Ego
1152 903 1259 942 enim
1281 916 1360 941 non
1375 904 1459 955 jam
1478 903 1520 941 id
1540 916 1627 956 ago,
1649 902 1752 942 mihi
1771 903 1900 949 crede,

514 980 559 1009 ut
579 971 780 1024 prosperos
800 971 929 1009 exitus
949 968 1162 1022 consequar
1180 983 1189 1006 ε
1222 968 1273 1006 fic
1293 968 1401 1007 enim
1420 968 1548 1014 video,
1570 982 1642 1008 nec
1662 968 1816 1008 duobus
1837 967 1905 1007 his

514 1036 628 1081 vivis,
656 1048 729 1074 nec
748 1033 826 1072 hoc
847 1047 942 1079 uno,
964 1047 1034 1072 nos
1057 1046 1235 1086 unquam,
1251 1033 1561 1086 Rempublicam
1581 1032 1801 1072 habituros.
1842 1034 1905 1072 Ita

515 1114 642 1154 neque
661 1100 709 1138 de
727 1100 811 1139 otio
832 1099 961 1138 nostro
981 1099 1091 1152 spero
1105 1101 1206 1152 jam,
1238 1112 1308 1137 nec
1331 1099 1455 1138 ullam
1478 1099 1731 1141 acerbitatem
1752 1098 1901 1138 recuso.

516 1168 656 1206 Unum
676 1165 777 1204 illud
796 1165 1114 1210 extimescebam,
1145 1177 1193 1202 ne
1214 1163 1310 1216 quid
1331 1164 1498 1217 turpiter
1518 1163 1702 1209 facerem,
1733 1164 1808 1209 vel,
1840 1163 1904 1204 di-

516 1247 617 1278 cam,
634 1233 719 1285 jam
737 1230 961 1270 effeciffem.
1005 1231 1068 1269 Sic
1089 1243 1181 1283 ergo
1200 1228 1360 1275 habeto,
1391 1229 1571 1269 salutares
1592 1239 1630 1268 te
1650 1229 1752 1268 mihi
1772 1230 1903 1268 literas

516 1298 675 1337 misisse:
699 1311 826 1350 neque
846 1296 973 1335 solum
994 1295 1061 1334 has
1082 1295 1293 1348 longiores,
1311 1295 1457 1348 quibus
1479 1294 1579 1333 nihil
1601 1295 1724 1348 potest
1744 1294 1815 1332 effe
1831 1308 1901 1333 ex-

517 1364 717 1417 plicatiuS,
739 1361 841 1401 nihil
862 1361 1100 1415 perfeEtiu35
1133 1360 1196 1399 sed
1216 1361 1334 1398 etiam
1356 1360 1441 1398 illas
1464 1360 1672 1405 breviores,
1695 1361 1735 1398 in
1757 1360 1902 1413 quibus

516 1430 594 1468 hoc
620 1428 721 1468 mihi
740 1427 1069 1480 jucundiffimum
1090 1425 1183 1471 fuit,
1214 1426 1422 1464 confilium
1443 1425 1670 1478 factumque
1691 1425 1864 1464 nostrum
1885 1439 1906 1462 a

518 1497 635 1533 Sexto
655 1493 811 1547 probari
829 1507 838 1531 t
871 1501 1175 1545 pergratumque
1196 1490 1297 1529 mihi
1319 1500 1361 1529 tu
1382 1490 1522 1535 fecisti,
1549 1488 1568 1527 a
1589 1503 1668 1542 quo
1689 1491 1803 1543 diligi
1825 1504 1903 1536 me,

517 1571 571 1606 et,
601 1559 699 1613 quid
720 1560 868 1597 testum
890 1558 949 1602 fit,
972 1557 1168 1609 intelligi,
1199 1555 1292 1594 scio.
1340 1555 1517 1608 Longior
1537 1568 1628 1593 vero
1655 1564 1721 1593 tua
1745 1555 1908 1608 epistola

516 1641 596 1666 non
617 1639 682 1665 me
709 1625 850 1670 solum,
882 1623 945 1662 sed
977 1636 1085 1661 meos
1117 1634 1269 1667 omnes,
1301 1621 1534 1674 aegritudine
1566 1621 1721 1661 levavit.
1768 1623 1906 1675 ltaque

518 1702 604 1731 utar
637 1700 708 1730 tuo
740 1689 918 1734 confilio,
963 1698 1000 1726 et
1035 1701 1100 1726 ero
1133 1688 1174 1726 in
1211 1687 1452 1731 Formiano;
1498 1699 1546 1725 ne
1581 1695 1647 1725 aut
1685 1686 1733 1724 ad
1767 1687 1907 1726 urbem

518 1751 692 1799 ἀπάντησις
711 1769 798 1794 mea
816 1754 1144 1793 animadvertatur
1160 1771 1172 1798 ς
1204 1762 1285 1798 aut,
1309 1752 1334 1791 si
1356 1765 1427 1790 nec
1447 1751 1514 1798 hic
1534 1764 1606 1790 nec
1627 1752 1711 1789 illic
1731 1765 1823 1790 eum
1845 1753 1905 1790 vi-

520 1822 627 1867 dero,
657 1821 874 1859 devitatum
897 1819 932 1858 se
961 1834 982 1857 a
1011 1833 1073 1857 me
1104 1828 1230 1871 putet.
1277 1817 1398 1870 Qod
1423 1826 1554 1856 autem
1576 1816 1707 1855 suades
1730 1826 1772 1855 ut
1793 1818 1840 1856 ab
1860 1831 1907 1856 eo

520 1896 664 1941 petam,
687 1896 731 1925 ut
750 1885 852 1924 mihi
873 1885 1075 1929 concedat,
1100 1894 1142 1922 ut
1163 1884 1268 1923 idem
1290 1883 1461 1923 tribuam
1484 1883 1689 1935 Pompeio,
1711 1884 1818 1936 quod
1839 1884 1909 1937 ipsi

521 1952 727 1991 tribuerim
745 1970 756 1995 ;
789 1950 829 1988 id
856 1965 918 1989 me
942 1951 1026 2002 jam
1057 1949 1208 2002 pridem
1230 1964 1340 2002 agere
1362 1949 1559 2001 intelliges
1580 1962 1627 1987 ex
1648 1949 1772 1988 literis
1795 1950 1918 1999 Balbi

520 2027 560 2057 et
582 2017 722 2069 Oppii,
739 2029 906 2068 quarum
926 2015 1106 2067 exempla
1128 2014 1201 2052 tibi
1222 2015 1327 2053 misi:
1351 2014 1434 2053 misi
1456 2014 1574 2052 etiam
1597 2014 1755 2052 Caesaris
1776 2015 1822 2053 ad
1843 2029 1908 2054 eos

523 2084 609 2122 sana
628 2091 760 2121 mente
782 2082 956 2134 scriptas,
986 2094 1067 2134 quo
1088 2080 1207 2118 modo
1229 2081 1266 2118 in
1291 2089 1394 2118 tanta
1417 2079 1574 2118 insania.
1608 2080 1672 2116 Sin
1697 2079 1796 2120 mihi
1820 2083 1908 2120 Cae-

526 2150 580 2187 sar
599 2148 675 2187 hoc
704 2161 782 2186 non
809 2147 1026 2192 concedat,
1059 2146 1171 2184 video
1202 2147 1273 2184 tibi
1307 2146 1455 2198 placere
1486 2144 1600 2188 illud,
1633 2159 1694 2183 me
1723 2153 1910 2192 πολιηυμα,

524 2215 570 2253 de
605 2227 697 2266 pace
733 2212 947 2266 suscipere:
986 2213 1025 2250 in
1059 2226 1138 2264 quo
1173 2225 1250 2249 non
1286 2210 1498 2250 extimesco
1534 2210 1753 2262 periculum
1775 2225 1782 2248 :
1816 2225 1909 2249 cum

524 2281 630 2318 enim
653 2289 710 2316 tot
732 2279 996 2331 impendeant,
1027 2292 1097 2316 cur
1129 2291 1205 2315 non
1239 2276 1502 2315 honestiffimo
1534 2276 1724 2329 depacisci
1757 2277 1907 2315 velim?

525 2345 596 2383 Sed
618 2358 749 2381 vercor
771 2358 816 2382 ne
840 2344 1028 2396 Pompeio
1048 2343 1144 2396 quid
1165 2343 1292 2381 oneris
1314 2344 1513 2394 imponam
1533 2361 1543 2385 ;

661 2418 710 2447 Mn
729 2423 783 2456 μοι
812 2403 961 2454 ycpyeilm
988 2405 1138 2454 κεφιλῗςν
1166 2402 1265 2443 dania
1293 2415 1419 2461 πῐλωςκ

527 2479 762 2529 intorqueat.
810 2473 1040 2512 Mirandum
1068 2474 1174 2511 enim
1207 2473 1245 2512 in
1269 2471 1431 2511 modum
1455 2475 1594 2512 Cnirus
1618 2471 1742 2512 noster
1764 2472 1910 2525 Syllani
