2243 3008
549 244 629 321 262
900 273 1588 317 EPISTOLARUM

552 376 760 428 Rebillum
780 375 957 428 quidem,
980 384 1024 413 ut
1044 373 1335 417 constitueram,
1357 373 1496 425 poflim
1517 372 1660 411 videre.
1695 371 1844 410 Omnia
1864 385 1938 411 no-

551 441 613 480 bis
646 442 844 494 imparatis
876 440 1048 493 agenda:
1083 439 1144 477 sed
1178 447 1323 481 tamen,
1354 435 1445 472 ἄλλα,
1468 431 1528 484 μὶν
1554 435 1662 477 adi-35,
1693 447 1737 476 ut
1768 439 1821 476 ait
1852 438 1936 483 ille,

545 501 695 557 Ἀλλαῇ
724 520 750 560 ’.5
779 500 904 552 ὃωίμων
931 501 1157 546 ὼεὲήσεπᾳ.
1201 501 1412 554 Qidquid
1442 515 1572 554 egero,
1603 503 1795 542 continuo
1827 503 1937 542 scies.

551 571 743 610 Mandata
775 569 933 609 Caesaris
965 569 1012 606 ad
1045 567 1235 606 Consules
1267 576 1306 605 et
1337 566 1384 604 ad
1416 566 1666 619 Pompeium,
1698 582 1784 620 quae
1811 582 1937 622 rogas,

551 637 663 676 nulla
682 635 835 680 bahem
868 648 955 687 quae
975 635 1148 685 AEgypta
1166 632 1316 676 attulit,
1348 630 1416 668 illa
1442 644 1464 669 e
1493 632 1555 669 via
1579 633 1665 671 mifi
1686 632 1733 671 ad
1763 643 1802 671 te
1821 643 1937 678 ante;

550 717 573 743 e
592 702 738 755 quibus
759 699 939 739 mandata
957 707 1055 751 puto
1075 697 1248 750 intelligi
1268 696 1386 749 poffe.
1433 694 1644 749 Philippus
1673 698 1843 752 Neapoli
1871 699 1938 745 est,

552 767 748 810 Lentulus
776 764 967 803 Puteolis.
1015 764 1077 802 De
1110 763 1309 807 Domitio,
1340 770 1385 800 ut
1417 760 1529 807 facis,
1560 761 1752 801 sciscitare
1783 764 1853 802 ubi
1879 765 1940 810 fit.

549 832 648 885 quid
670 830 832 882 cogitet.
879 828 1000 881 Qod
1020 827 1172 872 scribis,
1203 827 1373 880 asperius
1394 840 1472 872 me,
1504 840 1623 880 quam
1644 828 1723 866 mei
1743 829 1942 881 patiantur

550 910 694 941 mores,
723 895 773 934 de
793 894 985 946 Dionysio
1005 892 1202 946 scripfiffe,
1233 893 1322 932 vide
1341 906 1462 946 quam
1489 893 1559 931 fim
1588 893 1844 946 antiquorum
1864 893 1940 933 ho-

549 963 723 1001 minum.
769 961 831 999 Te
860 959 1015 998 medius
1048 958 1164 997 fidius
1196 957 1298 997 hanc
1330 971 1413 997 rem
1433 959 1589 1010 gravius
1609 959 1744 1012 putavi
1768 959 1942 999 laturum

551 1027 638 1071 effe,
676 1039 797 1079 quam
828 1039 906 1065 me.
953 1025 1060 1064 Nam
1093 1033 1352 1077 praeterquam
1383 1023 1491 1077 quod
1523 1033 1561 1063 te
1591 1025 1742 1064 moveri
1775 1025 1942 1064 arbitror

547 1101 730 1145 oportere
750 1092 908 1144 injuria,
939 1105 1026 1143 quae
1047 1089 1149 1129 mihi
1170 1103 1190 1128 a
1209 1103 1412 1143 quoquam
1441 1089 1542 1128 facta
1572 1090 1646 1135 fit;
1677 1099 1872 1144 praeterea,
1905 1101 1943 1130 te

549 1157 681 1210 ipsum
701 1156 874 1208 quodam
900 1155 1020 1194 modo
1049 1153 1116 1193 hic
1137 1154 1313 1199 violavit,
1344 1167 1438 1193 cum
1464 1155 1505 1192 in
1535 1167 1599 1192 me
1625 1164 1706 1193 tam
1735 1156 1941 1208 improbus

550 1222 644 1262 fuit.
679 1222 751 1260 Sed
773 1231 816 1260 tu
837 1221 877 1259 id
897 1221 1036 1272 quanti
1055 1219 1233 1264 aestimes,
1256 1228 1371 1258 tuum
1386 1219 1586 1271 judicium
1606 1220 1686 1258 est:
1720 1234 1791 1259 nec
1814 1231 1942 1260 tamen

551 1289 593 1326 in
615 1287 691 1326 hoc
713 1287 788 1326 tibi
809 1286 1028 1339 quidquam
1049 1286 1176 1325 oneris
1198 1286 1378 1338 impono.
1425 1286 1512 1337 Ego
1541 1295 1673 1324 autem
1701 1286 1820 1325 illum
1840 1288 1943 1326 male

551 1354 689 1393 sanum
723 1352 874 1404 semper
907 1352 1070 1404 putavi;
1108 1364 1215 1390 nunc
1249 1351 1368 1390 etiam
1402 1351 1607 1403 impurum
1640 1362 1679 1390 et
1712 1351 1943 1391 sceleratum

550 1428 677 1473 puto:
711 1432 782 1458 nec
816 1427 946 1457 tamen
978 1416 1080 1457 mihi
1111 1417 1394 1462 inimiciorem,
1426 1430 1546 1469 quam
1577 1417 1663 1456 fibi.
1710 1417 1943 1471 Philargyro

552 1486 651 1524 bene
668 1500 678 1523 z
709 1484 864 1523 causam
884 1493 988 1522 certe
1008 1482 1178 1522 habuisti
1197 1492 1236 1521 et
1257 1496 1386 1521 veram
1406 1492 1445 1520 et
1467 1483 1610 1521 bonam
1626 1502 1637 1527 ς
1670 1483 1851 1522 relietum
1869 1485 1943 1523 effe

552 1563 617 1590 me
637 1551 784 1602 potius,
816 1562 935 1602 quam
956 1547 1166 1601 reliquisse.
1213 1548 1320 1586 Cum
1352 1546 1537 1586 dediffem
1563 1549 1647 1599 jam
1678 1548 1810 1587 literas
1836 1562 1871 1588 a.
1900 1549 1940 1588 d.

553 1629 639 1655 νιιι
674 1615 841 1654 Kalend.
875 1627 974 1666 quos
1005 1627 1101 1652 cum
1132 1613 1264 1651 Matio
1295 1613 1422 1666 pueri.
1453 1623 1492 1652 et
1524 1613 1716 1664 Trebatio
1745 1615 1941 1661 miseram,

550 1681 753 1735 epistolam
773 1679 878 1720 mihi
896 1679 1114 1719 attulerunt
1133 1677 1211 1718 hoc
1231 1679 1429 1732 exemplo.

681 1883 880 1921 Manus
926 1893 984 1919 ετ
1027 1883 1309 1920 ΤιιεΒΑτιυε
1354 1881 1583 1919 Cret-:nom
1630 1880 1733 1919 Im.
1777 1882 1816 1919 S.

642 2011 682 2049 U
692 2011 745 2048 M
770 2010 898 2062 Capua
923 2008 1110 2062 exfffimus,
1141 2008 1178 2046 in
1206 2009 1335 2047 itinere
1368 2008 1543 2047 audiimus
1577 2009 1782 2061 Pompeium
1812 2009 1942 2048 Brun-

641 2075 734 2128 dusto
751 2089 789 2114 a.
812 2074 848 2113 d.
877 2090 946 2113 xm
972 2073 1127 2113 Kalend.
1157 2074 1285 2126 April.
1317 2087 1396 2112 cum
1424 2074 1579 2112 omnibus
1609 2075 1726 2126 copiis,
1757 2089 1844 2127 quas
1872 2075 1942 2113 lm-

551 2143 686 2187 buerit,
710 2141 911 2194 profetiam
939 2139 998 2194 ‘ff’
1013 2156 1026 2180 .-
1058 2141 1235 2193 Cet-finem
1258 2139 1391 2193 pessero
1419 2139 1472 2178 die
1500 2141 1536 2178 in
1566 2140 1726 2193 oppidum
1761 2141 1941 2194 introisse&

553 2209 794 2249 concionatum
812 2207 898 2261 effi}
929 2205 1008 2245 inde
1035 2207 1184 2245 Romam
1207 2205 1437 2259 cont2·ndqffc²;
1469 2207 1556 2244 velle
1586 2216 1672 2244 ante
1701 2206 1852 2245 Kalend.
1887 2206 1946 2258 effi‘

551 2275 606 2314 ad
627 2274 762 2317 urbem,
792 2282 828 2311 et
851 2281 985 2326 paucos
1008 2271 1080 2310 dics
1097 2271 1150 2311 ibi
1164 2272 1386 2316 commorari,
1418 2271 1538 2310 deinde
1567 2272 1604 2309 in
1636 2272 1830 2324 Hypanim
1853 2282 1944 2325 pro-

540 2341 670 2394 ficfii.
721 2338 834 2378 Nobis
861 2353 929 2377 non
957 2338 1108 2377 alienum
1137 2338 1252 2389 vjfiaem
1279 2337 1337 2390 est,
1368 2338 1529 2391 quoniam
1558 2337 1599 2376 dc
1630 2337 1790 2375 adventu
1821 2340 1943 2386 Casa-

554 2407 606 2445 ris
628 2416 698 2459 pro
727 2414 823 2443 certo
851 2404 1075 2448 habebamus,
1100 2413 1230 2456 pueros
1256 2403 1307 2442 ad
1331 2413 1367 2442 tc
1394 2404 1588 2447 remitte-rc,
1619 2413 1660 2441 ut
1686 2402 1727 2441 id
1756 2412 1798 2442 tu
1818 2418 1944 2457 quam·

548 2473 708 2526 primum
723 2470 852 2523 stires.
900 2470 1085 2508 Mandata
1118 2478 1184 2507 tua
1213 2469 1308 2507 nobis
1337 2483 1435 2507 cura
1450 2471 1559 2521 simt.
1590 2483 1709 2522 caque,
1740 2480 1781 2508 ut
1810 2478 1945 2521 tempus

547 2537 752 2593 pcssularit,
780 2550 937 2590 agemus.
978 2533 1168 2577 Trebatius
1189 2536 1458 2588 Scaevolasacit
1478 2546 1520 2575 ut
1539 2534 1740 2575 antcccdat.
1789 2534 1944 2587 Epfflola
