2243 3008
445 265 520 304 140
789 239 1480 286 EPISTOLARUM

445 351 648 405 provincia
680 348 839 388 nullum
871 345 972 385 fore.
1017 346 1187 384 Brutum
1220 343 1434 395 abjectum,
1475 350 1669 393 quantum
1704 341 1835 394 potui,

446 417 643 456 excitavi:
674 428 794 468 quem
815 427 895 452 non
915 412 1047 450 minus
1068 423 1171 455 amo,
1202 422 1322 461 quam
1352 417 1424 453 tu;
1456 421 1555 460 pene
1585 407 1684 453 dixi,
1715 420 1836 460 quam

448 493 503 522 te.
536 482 670 521 Habes
691 481 838 520 omnia.
879 479 1002 518 Nunc
1023 476 1184 530 publice
1203 475 1334 513 literas
1356 474 1528 512 Romam
1548 474 1706 513 mittere
1724 486 1835 527 para-

453 549 570 587 bam:
602 547 800 586 uberiores
829 553 960 590 erunt‚
990 555 1111 596 quam
1145 541 1171 579 fi
1203 553 1252 578 ex
1283 541 1440 578 Amano
1470 539 1667 578 mifissem.
1712 540 1769 577 At
1800 547 1841 576 te

451 615 591 653 Rornae
613 627 692 651 non
713 611 824 650 fore?
848 610 910 648 sed
931 609 985 647 est
1005 617 1150 652 totum,
1168 605 1276 659 quod
1297 604 1387 644 Kal.
1411 605 1535 644 Mart.
1556 604 1739 644 futurum
1759 603 1813 642 est
1827 618 1839 642 τ

450 692 585 717 vereor
605 679 728 722 enim,
760 690 823 721 ne,
854 688 948 714 cum
980 673 1027 712 de
1059 671 1261 726 provincia
1290 679 1440 722 agetur,
1471 669 1498 708 fi
1531 669 1656 708 Caesar
1683 668 1842 713 refistet,

453 757 525 782 nos
555 743 818 781 retineamur:
851 739 912 778 his
946 749 988 777 tu
1019 738 1045 776 fi
1071 736 1227 781 adesses,
1258 734 1361 773 nihil
1392 734 1588 773 timerem.
1635 733 1770 772 Redeo
1795 732 1843 771 ad

455 809 630 848 urbana:
662 821 748 860 quae
768 819 841 859 ego
861 805 937 854 diu*
951 805 1151 856 ignorans,
1180 815 1228 840 ex
1250 801 1328 838 tuis
1343 798 1636 852 jucundissimis
1657 798 1780 836 literis
1805 811 1840 836 a.

454 875 495 913 d.
521 888 560 913 v.
586 873 674 911 Kal.
698 873 787 923 Jan.
810 871 979 923 denique
999 867 1183 920 cognovi.
1230 867 1304 904 Eas
1335 864 1628 916 diligentiffime
1654 862 1843 916 Philoge-

456 953 524 978 nes
547 938 711 976 libertus
734 947 824 975 tuus
845 936 995 974 curavit
1016 933 1203 987 perlonga
1231 940 1270 969 et
1301 944 1379 968 non
1410 930 1498 968 satis
1529 938 1613 967 tuta
1633 929 1695 967 via
1713 927 1843 982 perfe-

457 1004 622 1044 rendas:
656 1016 746 1040 nam
767 1015 862 1054 quas
883 1000 1000 1038 Lenii
1028 998 1159 1052 pueris
1187 995 1323 1034 scribis
1351 994 1473 1040 datas,
1504 1008 1583 1033 non
1604 1007 1845 1047 acceperam.

457 1068 642 1122 Jucunde
663 1069 709 1106 de
731 1067 892 1112 Caesare,
923 1074 962 1103 et
991 1079 1077 1118 quae
1103 1064 1264 1102 Senatus
1285 1061 1472 1106 decrevit,
1502 1069 1541 1099 et
1570 1074 1656 1113 quae
1686 1069 1728 1098 tu
1760 1059 1847 1113 spe-

459 1149 547 1174 ras:
579 1133 724 1187 quibus
759 1133 827 1170 ille
860 1132 885 1170 fi
917 1131 1038 1175 cedit,
1069 1129 1162 1167 salvi
1197 1128 1344 1167 sumuS.
1391 1125 1582 1165 lucendio
1616 1125 1849 1164 Plaetoriano

459 1201 568 1255 quod
607 1200 727 1239 Leius
761 1197 916 1236 adustus
951 1197 1020 1242 est,
1064 1196 1196 1234 minus
1231 1192 1390 1233 moleste
1424 1191 1522 1232 fero.
1573 1192 1769 1231 Lucceius
1804 1191 1851 1229 de

461 1266 671 1319 QCaffio
702 1279 772 1303 cur
802 1267 882 1302 tam
911 1262 1121 1301 vehemens
1151 1260 1287 1306 fuerit,
1316 1268 1357 1298 et
1387 1258 1485 1312 quid
1513 1259 1644 1297 actum
1668 1257 1729 1303 fit,
1757 1271 1851 1296 aveo

462 1332 572 1370 scire.
619 1332 721 1383 Ego,
744 1343 838 1367 cum
858 1328 1094 1367 Laodiceam
1113 1339 1269 1371 venere,
1292 1324 1463 1376 Qinto,
1494 1322 1632 1361 sororis
1654 1332 1729 1361 tuae
1750 1322 1850 1368 filio,

461 1408 598 1450 togam
618 1409 756 1448 puram
771 1395 915 1447 jubeor
936 1394 1051 1431 dare:
1085 1392 1150 1430 cui
1175 1390 1407 1430 moderabor
1430 1388 1677 1441 diligentius.
1723 1389 1850 1440 Dejo-

464 1473 586 1507 tarus,
616 1462 730 1514 cujus
764 1460 921 1498 auxiliis
955 1459 1109 1511 magnis
1145 1457 1234 1495 usus
1270 1456 1371 1500 sum,
1407 1454 1454 1492 ad
1488 1468 1566 1500 me,
1607 1463 1651 1492 ut
1685 1453 1849 1507 scripfit,

464 1542 559 1568 cum
581 1526 842 1566 Ciceronibus
866 1525 1100 1579 Laodiceam
1126 1532 1314 1562 venturus
1338 1530 1433 1560 erat.
1477 1521 1586 1559 Tuas
1610 1519 1727 1558 etiam
1750 1519 1852 1572 Epi-

466 1595 608 1634 roticas
635 1594 797 1646 expecto
823 1592 953 1630 literas
971 1610 982 1636 ;
1015 1600 1059 1629 ut
1079 1589 1245 1628 habeam
1266 1588 1457 1626 rationem
1478 1599 1558 1625 non
1585 1585 1705 1624 modo
1729 1599 1854 1638 nego-

467 1662 529 1706 tii,
561 1673 698 1699 verum
725 1659 843 1696 etiarn
870 1658 944 1696 otii
965 1657 1038 1695 tui.
1084 1656 1262 1695 Nicanor
1282 1643 1324 1692 in
1344 1653 1478 1692 officio
1503 1651 1572 1698 est,
1602 1661 1641 1690 et
1665 1665 1685 1690 a
1712 1665 1775 1690 me
1802 1652 1854 1690 li-

470 1727 651 1766 beraliter
672 1726 881 1763 uastatur:
909 1737 1044 1776 quem,
1067 1731 1111 1761 ut
1132 1730 1244 1775 puto,
1268 1721 1437 1759 Romam
1460 1732 1552 1757 cum
1573 1718 1696 1757 literis
1719 1718 1856 1770 publi-

469 1794 526 1832 cis
552 1792 739 1836 mittam;
771 1799 815 1828 ut
842 1789 1072 1841 diligentius
1100 1786 1360 1841 perferantur,
1389 1793 1428 1822 et
1455 1783 1560 1822 idem
1589 1783 1635 1821 ad
1663 1796 1727 1821 me
1753 1792 1858 1821 certa

470 1860 517 1897 de
539 1868 591 1903 te,
621 1866 660 1895 et
688 1870 707 1894 a
735 1866 787 1900 te,
819 1854 972 1893 referat.
1017 1853 1154 1892 Alexis
1182 1851 1289 1904 quod
1319 1849 1421 1888 mihi
1451 1849 1566 1887 toties
1597 1848 1759 1887 salutem
1786 1849 1856 1886 ad-

471 1924 622 1968 scribit,
653 1922 706 1960 est
731 1930 915 1974 gratum:
950 1919 1012 1957 sed
1032 1933 1101 1957 cur
1124 1932 1202 1956 non
1230 1917 1306 1955 suis
1331 1915 1455 1954 literis
1480 1914 1584 1953 idem
1609 1913 1719 1959 facit,
1751 1915 1859 1968 quod

471 2003 581 2029 meus
616 1988 663 2026 ad
697 1997 733 2025 te
767 1987 904 2025 Alexis
938 1985 1064 2023 facit?
1098 1984 1266 2022 Phemio
1295 1982 1483 2035 quaeritur
1510 1979 1616 2034 κε’ςοις.
1666 1980 1738 2018 Sed
1773 1980 1857 2020 haec

472 2057 674 2094 hactenus.
725 2053 844 2096 Cura,
877 2060 920 2089 ut
949 2050 1088 2094 valeas,
1118 2059 1156 2087 et
1179 2058 1221 2086 ut
1244 2047 1376 2092 sciam,
1407 2045 1567 2099 quando
1593 2046 1742 2098 cogites
1774 2046 1858 2084 Ro·

475 2134 596 2160 mam.
648 2118 781 2156 Etiam
802 2125 918 2168 atquc
938 2115 1056 2153 etiam
1078 2114 1173 2152 vale.
1207 2114 1297 2152 Tua
1318 2111 1481 2164 tuosque
1502 2110 1682 2150 Thermo
1701 2119 1739 2148 et
1762 2124 1860 2163 prae-

477 2189 559 2226 sens
582 2183 725 2237 Ephest
747 2181 1040 2234 diligentissime
1060 2178 1392 2223 commendaram,
1427 2187 1466 2216 ct
1487 2190 1593 2215 nunc
1614 2190 1680 2230 per
1701 2176 1829 2215 literas
1850 2196 1859 2221 ;

479 2253 685 2305 ipsumque
707 2247 883 2287 intellexi
905 2247 976 2286 effe
997 2245 1280 2300 perstudiosum
1303 2246 1374 2283 tui.
1419 2246 1486 2282 Tu
1506 2243 1640 2288 velim,
1663 2243 1770 2295 quod
1791 2257 1861 2281 an-

478 2330 538 2357 tea
564 2316 610 2354 ad
639 2326 674 2353 te
704 2314 849 2367 scripsi,
880 2312 927 2351 de
959 2312 1078 2351 domo
1114 2312 1334 2356 Pammeni,
1364 2310 1430 2348 des
1462 2322 1634 2362 operam,
1667 2318 1724 2353 ut,
1756 2309 1862 2361 quod

478 2396 548 2424 tuo
569 2395 735 2434 meoque
759 2379 950 2418 beneficio
977 2392 1070 2430 puer
1094 2377 1227 2423 habet,
1257 2391 1383 2421 cures,
1416 2390 1463 2414 nc
1487 2389 1563 2428 qua
1592 2375 1738 2413 ratione
1764 2389 1863 2413 con-

477 2450 657 2490 vellatur.
705 2446 874 2500 Utrique
896 2444 1069 2485 nostrum
1091 2443 1299 2483 honestum
1319 2442 1527 2488 existimo5
1562 2451 1647 2480 tum
1669 2439 1770 2479 milii
1790 2441 1865 2501 erit

480 2524 718 2570 pergratum.
