2243 3008
531 258 605 299 168
875 256 1557 295 EPISTOLARUM

527 364 654 414 Lepta
673 360 790 399 etiam
811 359 922 412 plura
942 358 1098 396 locutus
1118 356 1193 401 est3
1217 356 1325 409 spero
1345 356 1451 402 falsa,
1475 357 1537 395 sed
1557 366 1660 395 certe
1680 356 1905 398 horribiliat

525 427 743 466 exercitum
765 424 875 463 nullo
896 423 1014 461 modo
1034 421 1301 460 dimiffurum:
1324 436 1418 460 cum
1439 423 1509 461 illo
1530 423 1715 461 Praetores
1732 423 1908 476 designa-

527 503 603 538 tos,
635 491 806 530 Caffium
827 489 1056 528 Tribunum
1077 486 1220 539 plebis,
1252 487 1469 525 Lentulum
1492 489 1722 533 Consulem,
1754 488 1877 526 facere
1896 504 1905 527 :

527 558 718 610 Pompeio
740 557 778 594 in
800 555 932 593 animo
952 553 1024 591 effe
1049 553 1188 591 urbem
1214 552 1446 604 relinquere.
1493 553 1564 591 Sed
1593 553 1690 591 heus
1721 564 1778 599 tu,
1811 568 1909 592 num

523 623 623 676 quid
643 621 802 661 moleste
822 619 898 658 fers
920 619 967 657 de
986 618 1072 663 illo,
1103 617 1173 670 qui
1201 617 1237 655 se
1258 617 1354 656 solet
1384 617 1575 656 anteferre
1601 628 1740 671 patruo
1770 619 1907 658 sororis

525 699 602 728 tuae
624 688 729 726 filii?
760 695 797 724 at
819 699 839 723 a
858 685 1003 738 quibus
1024 684 1180 722 vietus?
1212 682 1275 720 sed
1304 683 1350 720 ad
1376 696 1472 721 rem.
1520 684 1607 722 Nos
1636 685 1757 723 etefiae
1788 684 1907 724 vehe-

524 753 759 794 mentissime
789 751 1003 790 tardarunt.
1049 749 1233 788 Detraxit
1259 761 1316 786 xx
1340 748 1441 801 ipsos
1463 749 1544 786 dies
1565 749 1684 786 etiam
1703 748 1908 802 aphractus

524 819 792 858 Rhodiorum.
825 815 916 854 Kal.
941 814 1086 853 octob.
1117 812 1273 866 Epheso
1300 813 1600 851 conscendentes
1632 812 1734 850 hanc
1764 815 1907 866 episto-

524 885 604 924 lam
625 883 804 921 dedimus
827 883 875 920 L.
895 880 1120 933 Tarquiti0‚
1152 878 1266 917 fimul
1286 892 1307 917 e
1335 889 1452 931 portu
1482 879 1712 931 egredienti,
1742 878 1806 917 sed
1837 893 1908 918 ex-

524 950 695 1003 peditius
717 947 929 999 naviganti.
975 946 1062 984 Nos
1090 943 1342 982 Rhodiorum
1361 943 1553 997 aphractis
1573 943 1798 997 caeterisque
1816 945 1908 985 lon-

523 1017 584 1069 gis
605 1014 769 1054 navibus
792 1011 1094 1065 tranquillitates
1114 1010 1345 1063 aucupaturi
1364 1023 1516 1049 eramus
1535 1025 1544 1049 :
1576 1011 1630 1048 ita
1658 1019 1788 1049 tamen
1812 1025 1906 1064 pro-

522 1081 768 1135 perabamus,
800 1087 846 1117 ut
878 1091 958 1116 non
992 1076 1114 1130 poffet
1145 1077 1286 1129 magiS.
1333 1077 1395 1115 De
1428 1076 1660 1115 raudusculo
1691 1077 1909 1117 Puteolano

522 1156 694 1201 gratum.
727 1145 851 1184 Nunc
871 1143 991 1183 velim
1009 1142 1190 1195 dispicias
1212 1155 1270 1180 res
1292 1143 1488 1181 Romanas
1508 1158 1517 1181 :
1549 1141 1693 1187 videas,
1715 1142 1811 1195 quid
1832 1156 1906 1182 no-

522 1213 584 1251 bis
605 1211 652 1249 de
673 1208 879 1262 triumpho
897 1207 1155 1260 cogitandum
1175 1216 1308 1260 putes;
1331 1207 1378 1245 ad
1394 1221 1510 1260 quem
1532 1207 1650 1245 amici
1670 1221 1734 1245 me
1750 1218 1905 1248 vocant.

523 1279 627 1330 Ego,
658 1276 729 1315 nisi
750 1275 932 1320 Bibulus,
955 1275 1039 1327 qui,
1062 1273 1158 1311 dum
1177 1285 1279 1310 unus
1299 1271 1438 1326 hospes
1458 1274 1500 1311 in
1522 1273 1628 1324 Syria
1646 1271 1740 1318 fuit,
1766 1273 1906 1326 pedem

522 1352 636 1397 porta
654 1355 733 1381 non
754 1341 843 1394 plus
863 1340 1022 1385 extulit,
1044 1351 1163 1392 quam
1184 1338 1303 1377 domo
1323 1338 1402 1384 sua,
1431 1339 1673 1377 adniteretur
1692 1338 1739 1376 de
1759 1339 1905 1377 trium-

520 1408 619 1462 pho,
649 1420 762 1460 aequo
781 1407 914 1445 animo
933 1405 1047 1444 effem
1065 1419 1075 1443 ε
1107 1417 1213 1443 nunc
1232 1417 1323 1442 vero
1343 1401 1462 1455 ωὶχοὶν
1484 1400 1621 1454 σιωπςῖν.
1655 1403 1727 1442 Sed
1746 1404 1907 1457 explora

522 1488 605 1514 rem
635 1482 787 1512 totam:
819 1481 878 1517 ut,
909 1485 989 1525 quo
1022 1471 1085 1509 die
1114 1469 1302 1522 congreffi
1336 1469 1498 1515 erimus,
1528 1469 1736 1508 confilium
1770 1483 1907 1523 capere

520 1539 723 1593 possimus.
768 1538 825 1575 At
855 1537 980 1575 multa
996 1555 1008 1582 ς
1039 1536 1108 1588 qui
1139 1544 1178 1573 et
1209 1547 1470 1587 properarem,
1501 1543 1540 1572 et
1559 1535 1595 1571 ei
1623 1534 1753 1572 literas
1774 1534 1906 1574 darem

521 1604 591 1657 qui
620 1612 687 1642 aut
712 1615 885 1647 mecum,
917 1610 983 1639 aut
1013 1601 1131 1654 paulo
1159 1609 1263 1645 ante,
1293 1608 1480 1638 venturus
1507 1598 1612 1637 effet.
1658 1599 1800 1638 Cicero
1831 1600 1906 1639 tibi

520 1669 734 1723 plurimam
755 1668 918 1706 salutem
938 1667 1036 1706 dicit
1053 1682 1063 1706 :
1096 1675 1140 1706 tu
1160 1665 1265 1704 dices
1286 1664 1488 1720 utriusque
1508 1664 1684 1704 nostrum
1710 1665 1837 1706 verbis
1864 1674 1906 1705 et

520 1735 632 1775 Piliae
653 1744 727 1774 tuae
748 1743 787 1773 et
807 1732 910 1773 filiae.

857 1935 1101 1973 Cicrno
1141 1934 1396 1973 Αττιεο
1438 1933 1568 1972 SAL.

520 2065 594 2105 IX.
618 2061 712 2137 IN
746 2063 887 2102 Piraeea
921 2075 1014 2101 cum
1046 2061 1205 2101 exissem
1240 2062 1342 2115 prid.
1378 2062 1470 2101 Idus
1505 2061 1652 2099 octob.
1687 2061 1820 2115 accepi
1854 2062 1902 2101 ab

697 2128 854 2174 Acasto,
884 2127 991 2166 servo
1019 2141 1123 2174 meo,
1154 2127 1283 2166 statim
1313 2137 1397 2166 tuas
1427 2127 1582 2165 literas:
1614 2139 1709 2179 quas
1739 2127 1904 2179 quidem

518 2210 612 2236 cum
631 2193 884 2249 expectassem
899 2194 982 2246 jam
1003 2193 1086 2239 diu,
1116 2193 1328 2232 admiratus
1349 2193 1450 2238 sum,
1482 2201 1526 2232 ut
1546 2191 1626 2231 vidi
1657 2191 1900 2244 obsignatam

517 2263 736 2316 epistolam,
767 2260 997 2299 brevitatem
1017 2260 1127 2312 ejus5
1158 2269 1203 2298 ut
1223 2259 1370 2312 aperui,
1392 2259 1521 2298 rursus
1541 2254 1703 2304 σύγχυσιν
1723 2257 1901 2297 literula-

518 2342 622 2373 rum,
652 2341 739 2380 quae
760 2326 884 2365 solent
904 2335 979 2365 tuae
997 2326 1324 2379 compofitiffimae
1344 2334 1383 2364 et
1403 2324 1616 2363 clarissima:
1636 2323 1707 2362 esse
1726 2339 1734 2362 :
1767 2337 1825 2369 ac,
1853 2338 1901 2364 ne

518 2394 658 2438 multa,
689 2392 857 2445 cognovi
877 2405 925 2430 ex
945 2405 1007 2437 eo,
1036 2391 1144 2445 quod
1172 2391 1225 2429 ita
1253 2389 1467 2442 scripseras,
1500 2399 1537 2427 te
1564 2389 1735 2426 Romam
1761 2389 1901 2429 veniffe

518 2474 553 2498 a.
575 2459 616 2497 d.
646 2471 712 2497 xii
743 2456 910 2496 Kalend.
941 2457 1087 2495 octob.
1115 2470 1208 2495 cum
1239 2455 1353 2494 febri.
1403 2454 1601 2493 Percussus
1633 2453 1898 2500 vehementer,

516 2537 589 2566 nec
610 2523 734 2579 magis
755 2536 874 2579 quam
894 2522 1028 2571 debui,
1059 2522 1188 2563 statim
1208 2535 1339 2577 quaero
1359 2535 1406 2562 ex
1427 2521 1582 2562 Acasto.
1615 2520 1688 2560 Ille
1707 2530 1746 2561 et
1767 2520 1840 2561 tibi
1860 2530 1898 2560 et
