<?xml version="1.0" encoding="UTF-8"?>
<!DOCTYPE html PUBLIC "-//W3C//DTD XHTML 1.0 Transitional//EN"
    "http://www.w3.org/TR/xhtml1/DTD/xhtml1-transitional.dtd">
<html xmlns="http://www.w3.org/1999/xhtml" xml:lang="en" lang="en">
 <head>
  <title>
</title>
<meta http-equiv="Content-Type" content="text/html;charset=utf-8" />
  <meta name='ocr-system' content='tesseract 3.04.00' />
  <meta name='ocr-capabilities' content='ocr_page ocr_carea ocr_par ocr_line ocrx_word'/>
</head>
<body>
  <div class='ocr_page' id='page_1' title='image "./operacumindicibu08ciceuoft_0227.png"; bbox 0 0 2243 3008; ppageno 0'>
   <div class='ocr_carea' id='block_1_1' title="bbox 528 276 1711 333">
    <p class='ocr_par' dir='ltr' id='par_1_1' title="bbox 528 276 1711 333">
     <span class='ocr_line' id='line_1_1' title="bbox 528 276 1711 333; baseline 0.006 -19"><span class='ocrx_word' id='word_1_1' title='bbox 528 278 634 315; x_wconf 85' lang='lat' dir='ltr'>AD</span> <span class='ocrx_word' id='word_1_2' title='bbox 693 276 1499 319; x_wconf 33' lang='lat' dir='ltr'>ATT1CU3v1L1ss.r111.</span> <span class='ocrx_word' id='word_1_3' title='bbox 1633 296 1711 333; x_wconf 82' lang='lat'>219</span> 
     </span>
    </p>
   </div>
   <div class='ocr_carea' id='block_1_2' title="bbox 318 374 1711 1725">
    <p class='ocr_par' dir='ltr' id='par_1_2' title="bbox 318 374 1711 1725">
     <span class='ocr_line' id='line_1_2' title="bbox 324 374 1707 426; baseline 0.005 -15"><span class='ocrx_word' id='word_1_4' title='bbox 324 387 442 426; x_wconf 88' lang='lat' dir='ltr'>quem</span> <span class='ocrx_word' id='word_1_5' title='bbox 463 387 535 426; x_wconf 88' lang='lat' dir='ltr'>ego</span> <span class='ocrx_word' id='word_1_6' title='bbox 562 375 783 412; x_wconf 88' lang='lat' dir='ltr'>Minturnis</span> <span class='ocrx_word' id='word_1_7' title='bbox 817 374 887 412; x_wconf 80' lang='lat' dir='ltr'>effe</span> <span class='ocrx_word' id='word_1_8' title='bbox 920 374 1042 418; x_wconf 82' lang='lat' dir='ltr'>volui,</span> <span class='ocrx_word' id='word_1_9' title='bbox 1075 374 1305 426; x_wconf 77' lang='lat' dir='ltr'>vigilantem</span> <span class='ocrx_word' id='word_1_10' title='bbox 1338 375 1541 417; x_wconf 84' lang='lat' dir='ltr'>hominem</span> <span class='ocrx_word' id='word_1_11' title='bbox 1575 390 1611 417; x_wconf 81' lang='lat' dir='ltr'>et</span> <span class='ocrx_word' id='word_1_12' title='bbox 1644 381 1707 418; x_wconf 87' lang='lat' dir='ltr'>in-</span> 
     </span>
     <span class='ocr_line' id='line_1_3' title="bbox 324 439 1706 491; baseline 0.004 -15"><span class='ocrx_word' id='word_1_13' title='bbox 324 439 530 477; x_wconf 86' lang='lat' dir='ltr'>dustrium.</span> <span class='ocrx_word' id='word_1_14' title='bbox 563 440 669 477; x_wconf 87' lang='lat' dir='ltr'>Nam</span> <span class='ocrx_word' id='word_1_15' title='bbox 692 441 741 477; x_wconf 90' lang='lat' dir='ltr'>L.</span> <span class='ocrx_word' id='word_1_16' title='bbox 761 441 1028 491; x_wconf 84' lang='lat' dir='ltr'>Torquatum,</span> <span class='ocrx_word' id='word_1_17' title='bbox 1052 440 1180 477; x_wconf 86' lang='lat' dir='ltr'>virum</span> <span class='ocrx_word' id='word_1_18' title='bbox 1202 439 1345 478; x_wconf 82' lang='lat' dir='ltr'>fortem</span> <span class='ocrx_word' id='word_1_19' title='bbox 1367 452 1404 480; x_wconf 88' lang='lat' dir='ltr'>et</span> <span class='ocrx_word' id='word_1_20' title='bbox 1426 457 1516 480; x_wconf 82' lang='lat' dir='ltr'>cum</span> <span class='ocrx_word' id='word_1_21' title='bbox 1539 446 1706 482; x_wconf 60' lang='lat' dir='ltr'>auftori-</span> 
     </span>
     <span class='ocr_line' id='line_1_4' title="bbox 323 504 1708 560; baseline 0.004 -19"><span class='ocrx_word' id='word_1_22' title='bbox 323 513 414 549; x_wconf 86' lang='lat' dir='ltr'>tate,</span> <span class='ocrx_word' id='word_1_23' title='bbox 438 504 609 542; x_wconf 86' lang='lat' dir='ltr'>Formiis</span> <span class='ocrx_word' id='word_1_24' title='bbox 631 518 709 542; x_wconf 83' lang='lat' dir='ltr'>non</span> <span class='ocrx_word' id='word_1_25' title='bbox 731 504 921 542; x_wconf 83' lang='lat' dir='ltr'>habemus</span> <span class='ocrx_word' id='word_1_26' title='bbox 941 519 949 542; x_wconf 93' lang='lat'>:</span> <span class='ocrx_word' id='word_1_27' title='bbox 973 505 1019 542; x_wconf 92' lang='lat' dir='ltr'>ad</span> <span class='ocrx_word' id='word_1_28' title='bbox 1039 514 1077 543; x_wconf 91' lang='lat' dir='ltr'>te</span> <span class='ocrx_word' id='word_1_29' title='bbox 1098 504 1319 557; x_wconf 59' lang='lat' dir='ltr'>profedtum</span> <span class='ocrx_word' id='word_1_30' title='bbox 1340 507 1587 546; x_wconf 83' lang='lat' dir='ltr'>arbitramur.</span> <span class='ocrx_word' id='word_1_31' title='bbox 1622 510 1708 560; x_wconf 78' lang='lat' dir='ltr'>Ego</span> 
     </span>
     <span class='ocr_line' id='line_1_5' title="bbox 322 569 1705 625; baseline 0.003 -19"><span class='ocrx_word' id='word_1_32' title='bbox 322 569 500 614; x_wconf 90' lang='lat' dir='ltr'>omnino,</span> <span class='ocrx_word' id='word_1_33' title='bbox 534 579 576 607; x_wconf 87' lang='lat' dir='ltr'>ut</span> <span class='ocrx_word' id='word_1_34' title='bbox 603 570 783 622; x_wconf 85' lang='lat' dir='ltr'>proxime</span> <span class='ocrx_word' id='word_1_35' title='bbox 814 571 887 608; x_wconf 88' lang='lat' dir='ltr'>tibi</span> <span class='ocrx_word' id='word_1_36' title='bbox 907 570 1119 622; x_wconf 86' lang='lat' dir='ltr'>placuerat,</span> <span class='ocrx_word' id='word_1_37' title='bbox 1153 571 1329 622; x_wconf 80' lang='lat' dir='ltr'>Capuam</span> <span class='ocrx_word' id='word_1_38' title='bbox 1350 573 1438 609; x_wconf 85' lang='lat' dir='ltr'>veni</span> <span class='ocrx_word' id='word_1_39' title='bbox 1460 586 1504 609; x_wconf 89' lang='lat' dir='ltr'>eo</span> <span class='ocrx_word' id='word_1_40' title='bbox 1526 573 1608 625; x_wconf 86' lang='lat' dir='ltr'>ipso</span> <span class='ocrx_word' id='word_1_41' title='bbox 1629 574 1705 618; x_wconf 90' lang='lat' dir='ltr'>die,</span> 
     </span>
     <span class='ocr_line' id='line_1_6' title="bbox 321 633 1705 686; baseline 0.003 -15"><span class='ocrx_word' id='word_1_42' title='bbox 321 647 401 685; x_wconf 88' lang='lat' dir='ltr'>quo</span> <span class='ocrx_word' id='word_1_43' title='bbox 422 643 466 671; x_wconf 89' lang='lat' dir='ltr'>tu</span> <span class='ocrx_word' id='word_1_44' title='bbox 487 636 624 672; x_wconf 85' lang='lat' dir='ltr'>Teano</span> <span class='ocrx_word' id='word_1_45' title='bbox 645 635 819 672; x_wconf 87' lang='lat' dir='ltr'>Sidicino</span> <span class='ocrx_word' id='word_1_46' title='bbox 839 648 878 672; x_wconf 85' lang='lat' dir='ltr'>es</span> <span class='ocrx_word' id='word_1_47' title='bbox 906 633 1130 686; x_wconf 66' lang='lat' dir='ltr'>profectus:</span> <span class='ocrx_word' id='word_1_48' title='bbox 1164 635 1338 673; x_wconf 90' lang='lat' dir='ltr'>volueras</span> <span class='ocrx_word' id='word_1_49' title='bbox 1369 637 1475 674; x_wconf 86' lang='lat' dir='ltr'>enim</span> <span class='ocrx_word' id='word_1_50' title='bbox 1505 651 1582 682; x_wconf 86' lang='lat' dir='ltr'>me,</span> <span class='ocrx_word' id='word_1_51' title='bbox 1614 651 1705 675; x_wconf 84' lang='lat' dir='ltr'>cum</span> 
     </span>
     <span class='ocr_line' id='line_1_7' title="bbox 322 698 1704 753; baseline 0.002 -16"><span class='ocrx_word' id='word_1_52' title='bbox 322 698 385 737; x_wconf 90' lang='lat' dir='ltr'>M.</span> <span class='ocrx_word' id='word_1_53' title='bbox 418 699 604 738; x_wconf 86' lang='lat' dir='ltr'>Confidio</span> <span class='ocrx_word' id='word_1_54' title='bbox 637 701 891 753; x_wconf 85' lang='lat' dir='ltr'>Propraetore,</span> <span class='ocrx_word' id='word_1_55' title='bbox 923 700 990 738; x_wconf 88' lang='lat' dir='ltr'>illa</span> <span class='ocrx_word' id='word_1_56' title='bbox 1022 700 1179 752; x_wconf 86' lang='lat' dir='ltr'>negotia</span> <span class='ocrx_word' id='word_1_57' title='bbox 1207 702 1321 739; x_wconf 88' lang='lat' dir='ltr'>tueri.</span> <span class='ocrx_word' id='word_1_58' title='bbox 1369 703 1474 740; x_wconf 87' lang='lat' dir='ltr'>Cum</span> <span class='ocrx_word' id='word_1_59' title='bbox 1504 716 1550 740; x_wconf 86' lang='lat' dir='ltr'>eo</span> <span class='ocrx_word' id='word_1_60' title='bbox 1581 704 1704 740; x_wconf 80' lang='lat' dir='ltr'>venis-</span> 
     </span>
     <span class='ocr_line' id='line_1_8' title="bbox 320 763 1709 818; baseline 0.003 -17"><span class='ocrx_word' id='word_1_61' title='bbox 320 763 414 809; x_wconf 86' lang='lat' dir='ltr'>sem,</span> <span class='ocrx_word' id='word_1_62' title='bbox 446 765 527 807; x_wconf 84' lang='lat' dir='ltr'>vidi</span> <span class='ocrx_word' id='word_1_63' title='bbox 561 767 614 803; x_wconf 92' lang='lat' dir='ltr'>T.</span> <span class='ocrx_word' id='word_1_64' title='bbox 638 766 833 818; x_wconf 86' lang='lat' dir='ltr'>Ampium</span> <span class='ocrx_word' id='word_1_65' title='bbox 853 766 1049 804; x_wconf 64' lang='lat' dir='ltr'>delectum</span> <span class='ocrx_word' id='word_1_66' title='bbox 1069 764 1211 804; x_wconf 87' lang='lat' dir='ltr'>habere</span> <span class='ocrx_word' id='word_1_67' title='bbox 1242 766 1563 818; x_wconf 74' lang='lat' dir='ltr'>diligentiffime5</span> <span class='ocrx_word' id='word_1_68' title='bbox 1595 768 1642 804; x_wconf 86' lang='lat' dir='ltr'>ab</span> <span class='ocrx_word' id='word_1_69' title='bbox 1663 782 1709 806; x_wconf 86' lang='lat' dir='ltr'>co</span> 
     </span>
     <span class='ocr_line' id='line_1_9' title="bbox 321 829 1708 883; baseline 0.002 -16"><span class='ocrx_word' id='word_1_70' title='bbox 321 829 494 882; x_wconf 82' lang='lat' dir='ltr'>accipere</span> <span class='ocrx_word' id='word_1_71' title='bbox 525 831 722 869; x_wconf 82' lang='lat' dir='ltr'>Libonem</span> <span class='ocrx_word' id='word_1_72' title='bbox 752 831 903 869; x_wconf 87' lang='lat' dir='ltr'>summa</span> <span class='ocrx_word' id='word_1_73' title='bbox 932 831 1029 869; x_wconf 88' lang='lat' dir='ltr'>item</span> <span class='ocrx_word' id='word_1_74' title='bbox 1061 830 1280 883; x_wconf 86' lang='lat' dir='ltr'>diligentia,</span> <span class='ocrx_word' id='word_1_75' title='bbox 1311 841 1350 870; x_wconf 89' lang='lat' dir='ltr'>et</span> <span class='ocrx_word' id='word_1_76' title='bbox 1380 832 1421 869; x_wconf 85' lang='lat' dir='ltr'>in</span> <span class='ocrx_word' id='word_1_77' title='bbox 1454 833 1523 870; x_wconf 88' lang='lat' dir='ltr'>illa</span> <span class='ocrx_word' id='word_1_78' title='bbox 1553 833 1708 871; x_wconf 81' lang='lat' dir='ltr'>colonia</span> 
     </span>
     <span class='ocr_line' id='line_1_10' title="bbox 321 895 1711 949; baseline 0.003 -18"><span class='ocrx_word' id='word_1_79' title='bbox 321 895 562 934; x_wconf 56' lang='lat' dir='ltr'>auctoritate.</span> <span class='ocrx_word' id='word_1_80' title='bbox 596 897 671 934; x_wconf 90' lang='lat' dir='ltr'>Fui</span> <span class='ocrx_word' id='word_1_81' title='bbox 695 898 852 949; x_wconf 87' lang='lat' dir='ltr'>Capuae,</span> <span class='ocrx_word' id='word_1_82' title='bbox 880 896 1007 949; x_wconf 89' lang='lat' dir='ltr'>quoad</span> <span class='ocrx_word' id='word_1_83' title='bbox 1030 896 1235 935; x_wconf 83' lang='lat' dir='ltr'>Consules.</span> <span class='ocrx_word' id='word_1_84' title='bbox 1268 897 1432 942; x_wconf 88' lang='lat' dir='ltr'>Iterum,</span> <span class='ocrx_word' id='word_1_85' title='bbox 1455 906 1500 935; x_wconf 88' lang='lat' dir='ltr'>ut</span> <span class='ocrx_word' id='word_1_86' title='bbox 1520 908 1599 936; x_wconf 83' lang='lat' dir='ltr'>erat</span> <span class='ocrx_word' id='word_1_87' title='bbox 1621 898 1711 941; x_wconf 20' lang='lat' dir='ltr'><strong>dic-⁴</strong></span> 
     </span>
     <span class='ocr_line' id='line_1_11' title="bbox 322 961 1707 1014; baseline 0.004 -18"><span class='ocrx_word' id='word_1_88' title='bbox 322 968 409 997; x_wconf 87' lang='lat' dir='ltr'>tum</span> <span class='ocrx_word' id='word_1_89' title='bbox 441 961 488 997; x_wconf 92' lang='lat' dir='ltr'>ab</span> <span class='ocrx_word' id='word_1_90' title='bbox 523 961 778 1006; x_wconf 85' lang='lat' dir='ltr'>Consulibus,</span> <span class='ocrx_word' id='word_1_91' title='bbox 810 963 898 1000; x_wconf 86' lang='lat' dir='ltr'>veni</span> <span class='ocrx_word' id='word_1_92' title='bbox 931 963 1107 1014; x_wconf 87' lang='lat' dir='ltr'>Capuam</span> <span class='ocrx_word' id='word_1_93' title='bbox 1140 962 1186 999; x_wconf 86' lang='lat' dir='ltr'>ad</span> <span class='ocrx_word' id='word_1_94' title='bbox 1221 962 1357 1000; x_wconf 83' lang='lat' dir='ltr'>Nonas</span> <span class='ocrx_word' id='word_1_95' title='bbox 1394 963 1580 1001; x_wconf 80' lang='lat' dir='ltr'>Februar.</span> <span class='ocrx_word' id='word_1_96' title='bbox 1614 978 1707 1002; x_wconf 84' lang='lat' dir='ltr'>cum</span> 
     </span>
     <span class='ocr_line' id='line_1_12' title="bbox 321 1023 1710 1080; baseline 0.003 -18"><span class='ocrx_word' id='word_1_97' title='bbox 321 1023 474 1063; x_wconf 79' lang='lat' dir='ltr'>fuiffem</span> <span class='ocrx_word' id='word_1_98' title='bbox 496 1026 687 1072; x_wconf 86' lang='lat' dir='ltr'>triduum,</span> <span class='ocrx_word' id='word_1_99' title='bbox 714 1027 842 1078; x_wconf 87' lang='lat' dir='ltr'>recepi</span> <span class='ocrx_word' id='word_1_100' title='bbox 863 1039 926 1064; x_wconf 89' lang='lat' dir='ltr'>me</span> <span class='ocrx_word' id='word_1_101' title='bbox 947 1027 1138 1065; x_wconf 85' lang='lat' dir='ltr'>Formias.</span> <span class='ocrx_word' id='word_1_102' title='bbox 1171 1027 1294 1065; x_wconf 90' lang='lat' dir='ltr'>Nunc</span> <span class='ocrx_word' id='word_1_103' title='bbox 1315 1027 1422 1080; x_wconf 90' lang='lat' dir='ltr'>quod</span> <span class='ocrx_word' id='word_1_104' title='bbox 1444 1037 1558 1066; x_wconf 87' lang='lat' dir='ltr'>tuum</span> <span class='ocrx_word' id='word_1_105' title='bbox 1579 1029 1710 1076; x_wconf 55' lang='lat' dir='ltr'>confi-⁶</span> 
     </span>
     <span class='ocr_line' id='line_1_13' title="bbox 320 1089 1706 1143; baseline 0.003 -16"><span class='ocrx_word' id='word_1_106' title='bbox 320 1089 436 1133; x_wconf 89' lang='lat' dir='ltr'>lium,</span> <span class='ocrx_word' id='word_1_107' title='bbox 468 1100 534 1128; x_wconf 87' lang='lat' dir='ltr'>aut</span> <span class='ocrx_word' id='word_1_108' title='bbox 554 1105 640 1143; x_wconf 86' lang='lat' dir='ltr'>quae</span> <span class='ocrx_word' id='word_1_109' title='bbox 661 1092 758 1129; x_wconf 82' lang='lat' dir='ltr'>ratio</span> <span class='ocrx_word' id='word_1_110' title='bbox 781 1091 876 1129; x_wconf 87' lang='lat' dir='ltr'>belli</span> <span class='ocrx_word' id='word_1_111' title='bbox 897 1092 956 1136; x_wconf 87' lang='lat' dir='ltr'>fit,</span> <span class='ocrx_word' id='word_1_112' title='bbox 988 1092 1142 1143; x_wconf 86' lang='lat' dir='ltr'>ignoro.</span> <span class='ocrx_word' id='word_1_113' title='bbox 1190 1092 1228 1129; x_wconf 88' lang='lat' dir='ltr'>Si</span> <span class='ocrx_word' id='word_1_114' title='bbox 1250 1093 1455 1130; x_wconf 84' lang='lat' dir='ltr'>tenendam</span> <span class='ocrx_word' id='word_1_115' title='bbox 1477 1093 1578 1132; x_wconf 90' lang='lat' dir='ltr'>hanc</span> <span class='ocrx_word' id='word_1_116' title='bbox 1598 1107 1706 1132; x_wconf 87' lang='lat' dir='ltr'>oram</span> 
     </span>
     <span class='ocr_line' id='line_1_14' title="bbox 320 1156 1706 1211; baseline 0.004 -20"><span class='ocrx_word' id='word_1_117' title='bbox 320 1163 448 1205; x_wconf 88' lang='lat' dir='ltr'>putas,</span> <span class='ocrx_word' id='word_1_118' title='bbox 479 1168 564 1206; x_wconf 85' lang='lat' dir='ltr'>quae</span> <span class='ocrx_word' id='word_1_119' title='bbox 595 1165 634 1193; x_wconf 87' lang='lat' dir='ltr'>et</span> <span class='ocrx_word' id='word_1_120' title='bbox 666 1156 1003 1208; x_wconf 86' lang='lat' dir='ltr'>opportunitatem</span> <span class='ocrx_word' id='word_1_121' title='bbox 1035 1165 1073 1194; x_wconf 90' lang='lat' dir='ltr'>et</span> <span class='ocrx_word' id='word_1_122' title='bbox 1105 1156 1339 1208; x_wconf 87' lang='lat' dir='ltr'>dignitatem</span> <span class='ocrx_word' id='word_1_123' title='bbox 1366 1157 1498 1203; x_wconf 88' lang='lat' dir='ltr'>habet,</span> <span class='ocrx_word' id='word_1_124' title='bbox 1530 1168 1568 1196; x_wconf 88' lang='lat' dir='ltr'>et</span> <span class='ocrx_word' id='word_1_125' title='bbox 1595 1173 1706 1211; x_wconf 87' lang='lat' dir='ltr'>egre-</span> 
     </span>
     <span class='ocr_line' id='line_1_15' title="bbox 319 1219 1708 1277; baseline 0.004 -20"><span class='ocrx_word' id='word_1_126' title='bbox 319 1219 404 1271; x_wconf 84' lang='lat' dir='ltr'>gios</span> <span class='ocrx_word' id='word_1_127' title='bbox 439 1220 558 1265; x_wconf 81' lang='lat' dir='ltr'>cives,</span> <span class='ocrx_word' id='word_1_128' title='bbox 589 1231 642 1266; x_wconf 90' lang='lat' dir='ltr'>et,</span> <span class='ocrx_word' id='word_1_129' title='bbox 675 1231 719 1259; x_wconf 89' lang='lat' dir='ltr'>ut</span> <span class='ocrx_word' id='word_1_130' title='bbox 753 1222 934 1267; x_wconf 86' lang='lat' dir='ltr'>arbitror,</span> <span class='ocrx_word' id='word_1_131' title='bbox 967 1221 1089 1259; x_wconf 85' lang='lat' dir='ltr'>teneri</span> <span class='ocrx_word' id='word_1_132' title='bbox 1121 1222 1273 1274; x_wconf 72' lang='lat' dir='ltr'>potest5</span> <span class='ocrx_word' id='word_1_133' title='bbox 1305 1235 1404 1275; x_wconf 90' lang='lat' dir='ltr'>opus</span> <span class='ocrx_word' id='word_1_134' title='bbox 1436 1224 1489 1261; x_wconf 89' lang='lat' dir='ltr'>est</span> <span class='ocrx_word' id='word_1_135' title='bbox 1520 1225 1605 1269; x_wconf 81' lang='lat' dir='ltr'>effe,</span> <span class='ocrx_word' id='word_1_136' title='bbox 1637 1226 1708 1277; x_wconf 84' lang='lat' dir='ltr'>qui</span> 
     </span>
     <span class='ocr_line' id='line_1_16' title="bbox 321 1285 1705 1336; baseline 0.004 -14"><span class='ocrx_word' id='word_1_137' title='bbox 321 1285 444 1336; x_wconf 80' lang='lat' dir='ltr'>praefit</span> <span class='ocrx_word' id='word_1_138' title='bbox 462 1300 471 1323; x_wconf 87' lang='lat'>:</span> <span class='ocrx_word' id='word_1_139' title='bbox 506 1285 560 1323; x_wconf 85' lang='lat' dir='ltr'>sm</span> <span class='ocrx_word' id='word_1_140' title='bbox 581 1287 715 1324; x_wconf 89' lang='lat' dir='ltr'>omnia</span> <span class='ocrx_word' id='word_1_141' title='bbox 735 1286 776 1324; x_wconf 88' lang='lat' dir='ltr'>in</span> <span class='ocrx_word' id='word_1_142' title='bbox 798 1300 924 1324; x_wconf 87' lang='lat' dir='ltr'>unum</span> <span class='ocrx_word' id='word_1_143' title='bbox 945 1287 1080 1324; x_wconf 88' lang='lat' dir='ltr'>locum</span> <span class='ocrx_word' id='word_1_144' title='bbox 1100 1286 1365 1325; x_wconf 82' lang='lat' dir='ltr'>contrahenda</span> <span class='ocrx_word' id='word_1_145' title='bbox 1384 1288 1501 1334; x_wconf 78' lang='lat' dir='ltr'>sunt;</span> <span class='ocrx_word' id='word_1_146' title='bbox 1532 1303 1610 1327; x_wconf 91' lang='lat' dir='ltr'>non</span> <span class='ocrx_word' id='word_1_147' title='bbox 1631 1290 1705 1328; x_wconf 91' lang='lat' dir='ltr'>du-</span> 
     </span>
     <span class='ocr_line' id='line_1_17' title="bbox 321 1350 1705 1406; baseline 0.004 -18"><span class='ocrx_word' id='word_1_148' title='bbox 321 1350 420 1396; x_wconf 87' lang='lat' dir='ltr'>bito,</span> <span class='ocrx_word' id='word_1_149' title='bbox 451 1351 548 1403; x_wconf 89' lang='lat' dir='ltr'>quin</span> <span class='ocrx_word' id='word_1_150' title='bbox 579 1351 626 1389; x_wconf 93' lang='lat' dir='ltr'>ad</span> <span class='ocrx_word' id='word_1_151' title='bbox 657 1361 694 1390; x_wconf 89' lang='lat' dir='ltr'>te</span> <span class='ocrx_word' id='word_1_152' title='bbox 723 1351 851 1390; x_wconf 87' lang='lat' dir='ltr'>statim</span> <span class='ocrx_word' id='word_1_153' title='bbox 879 1352 1048 1397; x_wconf 88' lang='lat' dir='ltr'>veniam,</span> <span class='ocrx_word' id='word_1_154' title='bbox 1079 1366 1159 1404; x_wconf 90' lang='lat' dir='ltr'>quo</span> <span class='ocrx_word' id='word_1_155' title='bbox 1186 1352 1288 1390; x_wconf 86' lang='lat' dir='ltr'>mihi</span> <span class='ocrx_word' id='word_1_156' title='bbox 1309 1353 1412 1391; x_wconf 86' lang='lat' dir='ltr'>nihil</span> <span class='ocrx_word' id='word_1_157' title='bbox 1433 1356 1604 1406; x_wconf 89' lang='lat' dir='ltr'>optatius</span> <span class='ocrx_word' id='word_1_158' title='bbox 1625 1355 1705 1400; x_wconf 88' lang='lat' dir='ltr'>est;</span> 
     </span>
     <span class='ocr_line' id='line_1_18' title="bbox 318 1415 1706 1472; baseline 0.004 -19"><span class='ocrx_word' id='word_1_159' title='bbox 318 1415 439 1468; x_wconf 89' lang='lat' dir='ltr'>idque</span> <span class='ocrx_word' id='word_1_160' title='bbox 459 1424 607 1462; x_wconf 89' lang='lat' dir='ltr'>tecum,</span> <span class='ocrx_word' id='word_1_161' title='bbox 639 1431 718 1470; x_wconf 90' lang='lat' dir='ltr'>quo</span> <span class='ocrx_word' id='word_1_162' title='bbox 739 1417 801 1455; x_wconf 85' lang='lat' dir='ltr'>die</span> <span class='ocrx_word' id='word_1_163' title='bbox 822 1417 868 1455; x_wconf 88' lang='lat' dir='ltr'>ab</span> <span class='ocrx_word' id='word_1_164' title='bbox 890 1417 986 1455; x_wconf 91' lang='lat' dir='ltr'>urbe</span> <span class='ocrx_word' id='word_1_165' title='bbox 1007 1417 1260 1463; x_wconf 85' lang='lat' dir='ltr'>disceffimus,</span> <span class='ocrx_word' id='word_1_166' title='bbox 1291 1418 1448 1457; x_wconf 87' lang='lat' dir='ltr'>locutus</span> <span class='ocrx_word' id='word_1_167' title='bbox 1471 1419 1570 1458; x_wconf 87' lang='lat' dir='ltr'>sum.</span> <span class='ocrx_word' id='word_1_168' title='bbox 1603 1421 1706 1472; x_wconf 85' lang='lat' dir='ltr'>Ego,</span> 
     </span>
     <span class='ocr_line' id='line_1_19' title="bbox 320 1480 1706 1535; baseline 0.004 -17"><span class='ocrx_word' id='word_1_169' title='bbox 320 1481 347 1518; x_wconf 89' lang='lat' dir='ltr'><strong>fi</strong></span> <span class='ocrx_word' id='word_1_170' title='bbox 368 1481 433 1518; x_wconf 85' lang='lat' dir='ltr'>cui</span> <span class='ocrx_word' id='word_1_171' title='bbox 453 1480 581 1520; x_wconf 83' lang='lat' dir='ltr'>adhuc</span> <span class='ocrx_word' id='word_1_172' title='bbox 602 1483 736 1521; x_wconf 88' lang='lat' dir='ltr'>videor</span> <span class='ocrx_word' id='word_1_173' title='bbox 756 1483 908 1535; x_wconf 85' lang='lat' dir='ltr'>segnior</span> <span class='ocrx_word' id='word_1_174' title='bbox 929 1482 1055 1527; x_wconf 75' lang='lat' dir='ltr'>fuiss‘e‚</span> <span class='ocrx_word' id='word_1_175' title='bbox 1087 1483 1183 1521; x_wconf 90' lang='lat' dir='ltr'>dum</span> <span class='ocrx_word' id='word_1_176' title='bbox 1205 1496 1253 1521; x_wconf 90' lang='lat' dir='ltr'>ne</span> <span class='ocrx_word' id='word_1_177' title='bbox 1275 1484 1348 1522; x_wconf 88' lang='lat' dir='ltr'>tibi</span> <span class='ocrx_word' id='word_1_178' title='bbox 1368 1484 1512 1530; x_wconf 90' lang='lat' dir='ltr'>videar,</span> <span class='ocrx_word' id='word_1_179' title='bbox 1544 1499 1622 1523; x_wconf 90' lang='lat' dir='ltr'>non</span> <span class='ocrx_word' id='word_1_180' title='bbox 1648 1486 1706 1523; x_wconf 88' lang='lat' dir='ltr'>la-</span> 
     </span>
     <span class='ocr_line' id='line_1_20' title="bbox 321 1546 1709 1600; baseline 0.004 -17"><span class='ocrx_word' id='word_1_181' title='bbox 321 1546 445 1584; x_wconf 90' lang='lat' dir='ltr'>boro:</span> <span class='ocrx_word' id='word_1_182' title='bbox 477 1556 516 1583; x_wconf 87' lang='lat' dir='ltr'>et</span> <span class='ocrx_word' id='word_1_183' title='bbox 537 1555 682 1592; x_wconf 88' lang='lat' dir='ltr'>tamen,</span> <span class='ocrx_word' id='word_1_184' title='bbox 715 1549 756 1593; x_wconf 85' lang='lat' dir='ltr'>fi,</span> <span class='ocrx_word' id='word_1_185' title='bbox 789 1557 833 1585; x_wconf 91' lang='lat' dir='ltr'>ut</span> <span class='ocrx_word' id='word_1_186' title='bbox 853 1547 980 1592; x_wconf 87' lang='lat' dir='ltr'>video,</span> <span class='ocrx_word' id='word_1_187' title='bbox 1012 1548 1164 1585; x_wconf 89' lang='lat' dir='ltr'>bellum</span> <span class='ocrx_word' id='word_1_188' title='bbox 1193 1549 1410 1600; x_wconf 85' lang='lat' dir='ltr'>gerendum</span> <span class='ocrx_word' id='word_1_189' title='bbox 1439 1550 1518 1595; x_wconf 84' lang='lat' dir='ltr'>est;</span> <span class='ocrx_word' id='word_1_190' title='bbox 1552 1551 1709 1589; x_wconf 87' lang='lat' dir='ltr'>confido</span> 
     </span>
     <span class='ocr_line' id='line_1_21' title="bbox 321 1611 1708 1659; baseline 0.004 -11"><span class='ocrx_word' id='word_1_191' title='bbox 321 1624 384 1648; x_wconf 89' lang='lat' dir='ltr'>me</span> <span class='ocrx_word' id='word_1_192' title='bbox 405 1611 590 1650; x_wconf 90' lang='lat' dir='ltr'>omnibus</span> <span class='ocrx_word' id='word_1_193' title='bbox 611 1612 727 1650; x_wconf 90' lang='lat' dir='ltr'>facile</span> <span class='ocrx_word' id='word_1_194' title='bbox 747 1612 1047 1651; x_wconf 54' lang='lat' dir='ltr'>satisfacturum.</span> <span class='ocrx_word' id='word_1_195' title='bbox 1080 1613 1144 1651; x_wconf 87' lang='lat' dir='ltr'>M.</span> <span class='ocrx_word' id='word_1_196' title='bbox 1161 1613 1363 1659; x_wconf 85' lang='lat' dir='ltr'>Tullium,</span> <span class='ocrx_word' id='word_1_197' title='bbox 1385 1628 1520 1653; x_wconf 89' lang='lat' dir='ltr'>meum</span> <span class='ocrx_word' id='word_1_198' title='bbox 1541 1617 1708 1654; x_wconf 85' lang='lat' dir='ltr'>neceffa-</span> 
     </span>
     <span class='ocr_line' id='line_1_22' title="bbox 320 1676 1706 1725; baseline 0.005 -12"><span class='ocrx_word' id='word_1_199' title='bbox 320 1676 439 1723; x_wconf 87' lang='lat' dir='ltr'>rium,</span> <span class='ocrx_word' id='word_1_200' title='bbox 470 1676 517 1715; x_wconf 88' lang='lat' dir='ltr'>ad</span> <span class='ocrx_word' id='word_1_201' title='bbox 539 1686 576 1716; x_wconf 87' lang='lat' dir='ltr'>te</span> <span class='ocrx_word' id='word_1_202' title='bbox 595 1678 681 1717; x_wconf 87' lang='lat' dir='ltr'>mifi</span> <span class='ocrx_word' id='word_1_203' title='bbox 701 1694 709 1717; x_wconf 90' lang='lat'>:</span> <span class='ocrx_word' id='word_1_204' title='bbox 742 1678 807 1716; x_wconf 90' lang='lat' dir='ltr'>cui</span> <span class='ocrx_word' id='word_1_205' title='bbox 829 1686 886 1723; x_wconf 91' lang='lat' dir='ltr'>tu,</span> <span class='ocrx_word' id='word_1_206' title='bbox 909 1678 936 1716; x_wconf 76' lang='lat' dir='ltr'>si</span> <span class='ocrx_word' id='word_1_207' title='bbox 958 1678 1032 1716; x_wconf 88' lang='lat' dir='ltr'>tibi</span> <span class='ocrx_word' id='word_1_208' title='bbox 1052 1677 1262 1725; x_wconf 84' lang='lat' dir='ltr'>videretur,</span> <span class='ocrx_word' id='word_1_209' title='bbox 1285 1679 1331 1717; x_wconf 91' lang='lat' dir='ltr'>ad</span> <span class='ocrx_word' id='word_1_210' title='bbox 1350 1693 1414 1717; x_wconf 87' lang='lat' dir='ltr'>me</span> <span class='ocrx_word' id='word_1_211' title='bbox 1434 1680 1563 1719; x_wconf 86' lang='lat' dir='ltr'>literas</span> <span class='ocrx_word' id='word_1_212' title='bbox 1585 1681 1706 1720; x_wconf 85' lang='lat' dir='ltr'>dares.</span> 
     </span>
    </p>
   </div>
   <div class='ocr_carea' id='block_1_3' title="bbox 403 1880 1623 1920">
    <p class='ocr_par' dir='ltr' id='par_1_3' title="bbox 403 1880 1623 1920">
     <span class='ocr_line' id='line_1_23' title="bbox 403 1880 1623 1920; baseline 0.001 -1"><span class='ocrx_word' id='word_1_213' title='bbox 403 1881 488 1919; x_wconf 72' lang='lat' dir='ltr'>CN.</span> <span class='ocrx_word' id='word_1_214' title='bbox 520 1880 730 1919; x_wconf 83' lang='lat' dir='ltr'>MAGNUS</span> <span class='ocrx_word' id='word_1_215' title='bbox 763 1880 955 1919; x_wconf 63' lang='lat' dir='ltr'>Pxocos.</span> <span class='ocrx_word' id='word_1_216' title='bbox 998 1881 1036 1918; x_wconf 87' lang='lat' dir='ltr'>S.</span> <span class='ocrx_word' id='word_1_217' title='bbox 1069 1880 1124 1919; x_wconf 92' lang='lat' dir='ltr'>D.</span> <span class='ocrx_word' id='word_1_218' title='bbox 1157 1880 1222 1918; x_wconf 88' lang='lat' dir='ltr'>M.</span> <span class='ocrx_word' id='word_1_219' title='bbox 1255 1882 1486 1919; x_wconf 80' lang='lat' dir='ltr'>C1CERON1</span> <span class='ocrx_word' id='word_1_220' title='bbox 1520 1882 1623 1920; x_wconf 78' lang='grc' dir='ltr'>ΙΜΡ.</span> 
     </span>
    </p>
   </div>
   <div class='ocr_carea' id='block_1_4' title="bbox 323 2005 1715 2441">
    <p class='ocr_par' dir='ltr' id='par_1_4' title="bbox 395 2005 1710 2061">
     <span class='ocr_line' id='line_1_24' title="bbox 395 2005 1710 2061; baseline 0 -13"><span class='ocrx_word' id='word_1_221' title='bbox 395 2010 422 2048; x_wconf 94' lang='grc' dir='ltr'><em>Ι</em></span> <span class='ocrx_word' id='word_1_222' title='bbox 448 2009 561 2054; x_wconf 77' lang='lat' dir='ltr'>vales,</span> <span class='ocrx_word' id='word_1_223' title='bbox 593 2008 676 2048; x_wconf 85' lang='lat' dir='ltr'>bene</span> <span class='ocrx_word' id='word_1_224' title='bbox 703 2007 761 2060; x_wconf 86' lang='lat' dir='ltr'>est.</span> <span class='ocrx_word' id='word_1_225' title='bbox 811 2005 909 2046; x_wconf 80' lang='lat' dir='ltr'>‘Tuas</span> <span class='ocrx_word' id='word_1_226' title='bbox 936 2008 1063 2048; x_wconf 83' lang='lat' dir='ltr'>literas</span> <span class='ocrx_word' id='word_1_227' title='bbox 1087 2008 1239 2047; x_wconf 84' lang='lat' dir='ltr'>libenter</span> <span class='ocrx_word' id='word_1_228' title='bbox 1272 2008 1371 2060; x_wconf 85' lang='lat' dir='ltr'>legi:</span> <span class='ocrx_word' id='word_1_229' title='bbox 1402 2009 1594 2061; x_wconf 81' lang='lat' dir='ltr'>recognovi</span> <span class='ocrx_word' id='word_1_230' title='bbox 1621 2010 1710 2048; x_wconf 82' lang='lat' dir='ltr'>enim</span> 
     </span>
    </p>

    <p class='ocr_par' dir='ltr' id='par_1_5' title="bbox 323 2073 1715 2441">
     <span class='ocr_line' id='line_1_25' title="bbox 400 2073 1715 2127; baseline -0.001 -14"><span class='ocrx_word' id='word_1_231' title='bbox 400 2083 501 2113; x_wconf 87' lang='lat' dir='ltr'>tuam</span> <span class='ocrx_word' id='word_1_232' title='bbox 513 2073 702 2127; x_wconf 62' lang='lat' dir='ltr'>pristinam</span> <span class='ocrx_word' id='word_1_233' title='bbox 722 2073 899 2112; x_wconf 84' lang='lat' dir='ltr'>virtutem</span> <span class='ocrx_word' id='word_1_234' title='bbox 918 2074 1025 2113; x_wconf 85' lang='lat' dir='ltr'>etiam</span> <span class='ocrx_word' id='word_1_235' title='bbox 1045 2074 1083 2113; x_wconf 87' lang='lat' dir='ltr'>in</span> <span class='ocrx_word' id='word_1_236' title='bbox 1087 2075 1214 2126; x_wconf 84' lang='lat' dir='ltr'>salute</span> <span class='ocrx_word' id='word_1_237' title='bbox 1242 2073 1425 2113; x_wconf 86' lang='lat' dir='ltr'>communi.</span> <span class='ocrx_word' id='word_1_238' title='bbox 1474 2074 1635 2126; x_wconf 68' lang='lat' dir='ltr'>Cotffules</span> <span class='ocrx_word' id='word_1_239' title='bbox 1663 2074 1715 2112; x_wconf 81' lang='lat' dir='ltr'>ad</span> 
     </span>
     <span class='ocr_line' id='line_1_26' title="bbox 323 2139 1710 2193; baseline -0.002 -14"><span class='ocrx_word' id='word_1_240' title='bbox 323 2155 399 2180; x_wconf 86' lang='lat' dir='ltr'>eum</span> <span class='ocrx_word' id='word_1_241' title='bbox 431 2139 638 2185; x_wconf 81' lang='lat' dir='ltr'>exercitum,</span> <span class='ocrx_word' id='word_1_242' title='bbox 669 2153 767 2193; x_wconf 80' lang='lat' dir='ltr'>quem</span> <span class='ocrx_word' id='word_1_243' title='bbox 798 2139 835 2178; x_wconf 80' lang='lat' dir='ltr'>in</span> <span class='ocrx_word' id='word_1_244' title='bbox 859 2139 999 2192; x_wconf 86' lang='lat' dir='ltr'>Apulia</span> <span class='ocrx_word' id='word_1_245' title='bbox 1029 2139 1151 2184; x_wconf 83' lang='lat' dir='ltr'><em>habui,</em></span> <span class='ocrx_word' id='word_1_246' title='bbox 1182 2149 1375 2178; x_wconf 84' lang='lat' dir='ltr'>venerunt.</span> <span class='ocrx_word' id='word_1_247' title='bbox 1423 2140 1646 2191; x_wconf 72' lang='lat' dir='ltr'>Magnopc‘re</span> <span class='ocrx_word' id='word_1_248' title='bbox 1674 2147 1710 2177; x_wconf 81' lang='lat' dir='ltr'>te</span> 
     </span>
     <span class='ocr_line' id='line_1_27' title="bbox 326 2203 1715 2259; baseline -0.003 -15"><span class='ocrx_word' id='word_1_249' title='bbox 326 2207 451 2245; x_wconf 87' lang='lat' dir='ltr'>hortor</span> <span class='ocrx_word' id='word_1_250' title='bbox 472 2214 544 2258; x_wconf 87' lang='lat' dir='ltr'>pro</span> <span class='ocrx_word' id='word_1_251' title='bbox 575 2214 637 2244; x_wconf 81' lang='lat' dir='ltr'>tuo</span> <span class='ocrx_word' id='word_1_252' title='bbox 651 2205 844 2258; x_wconf 85' lang='lat' dir='ltr'>stngulari</span> <span class='ocrx_word' id='word_1_253' title='bbox 857 2214 1100 2259; x_wconf 83' lang='lat' dir='ltr'>perpetuoque</span> <span class='ocrx_word' id='word_1_254' title='bbox 1104 2205 1225 2258; x_wconf 86' lang='lat' dir='ltr'><em>studio</em></span> <span class='ocrx_word' id='word_1_255' title='bbox 1253 2205 1289 2244; x_wconf 84' lang='lat' dir='ltr'>in</span> <span class='ocrx_word' id='word_1_256' title='bbox 1309 2203 1518 2256; x_wconf 81' lang='lat' dir='ltr'>Republica,</span> <span class='ocrx_word' id='word_1_257' title='bbox 1549 2212 1591 2241; x_wconf 89' lang='lat' dir='ltr'>ut</span> <span class='ocrx_word' id='word_1_258' title='bbox 1611 2212 1645 2241; x_wconf 79' lang='lat' dir='ltr'>te</span> <span class='ocrx_word' id='word_1_259' title='bbox 1665 2204 1715 2245; x_wconf 80' lang='lat' dir='ltr'>ad</span> 
     </span>
     <span class='ocr_line' id='line_1_28' title="bbox 326 2269 1712 2323; baseline -0.001 -15"><span class='ocrx_word' id='word_1_260' title='bbox 326 2285 386 2309; x_wconf 86' lang='lat' dir='ltr'>nos</span> <span class='ocrx_word' id='word_1_261' title='bbox 403 2271 565 2323; x_wconf 74' lang='lat' dir='ltr'>corfiras</span> <span class='ocrx_word' id='word_1_262' title='bbox 580 2289 593 2316; x_wconf 85' lang='lat'>3</span> <span class='ocrx_word' id='word_1_263' title='bbox 624 2280 666 2310; x_wconf 88' lang='lat' dir='ltr'>ut</span> <span class='ocrx_word' id='word_1_264' title='bbox 696 2271 872 2310; x_wconf 86' lang='lat' dir='ltr'>communi</span> <span class='ocrx_word' id='word_1_265' title='bbox 899 2271 1033 2322; x_wconf 71' lang='lat' dir='ltr'>corgsilio</span> <span class='ocrx_word' id='word_1_266' title='bbox 1063 2270 1282 2323; x_wconf 84' lang='lat' dir='ltr'>Reipublicae</span> <span class='ocrx_word' id='word_1_267' title='bbox 1308 2269 1449 2321; x_wconf 68' lang='lat' dir='ltr'>qfflic‘lae</span> <span class='ocrx_word' id='word_1_268' title='bbox 1477 2277 1572 2321; x_wconf 85' lang='lat' dir='ltr'>opem</span> <span class='ocrx_word' id='word_1_269' title='bbox 1603 2277 1712 2321; x_wconf 51' lang='lat' dir='ltr'>astque</span> 
     </span>
     <span class='ocr_line' id='line_1_29' title="bbox 327 2335 1711 2392; baseline 0 -19"><span class='ocrx_word' id='word_1_270' title='bbox 327 2336 497 2374; x_wconf 82' lang='lat' dir='ltr'>auxilium</span> <span class='ocrx_word' id='word_1_271' title='bbox 501 2337 686 2387; x_wconf 85' lang='lat' dir='ltr'>feramus.</span> <span class='ocrx_word' id='word_1_272' title='bbox 720 2337 846 2392; x_wconf 78' lang='lat' dir='ltr'><em>Cenfi’o</em></span> <span class='ocrx_word' id='word_1_273' title='bbox 866 2337 931 2377; x_wconf 82' lang='lat' dir='ltr'>via</span> <span class='ocrx_word' id='word_1_274' title='bbox 949 2336 1077 2391; x_wconf 87' lang='lat' dir='ltr'>Appia</span> <span class='ocrx_word' id='word_1_275' title='bbox 1094 2335 1314 2388; x_wconf 80' lang='lat' dir='ltr'>iter-facias,</span> <span class='ocrx_word' id='word_1_276' title='bbox 1345 2344 1381 2374; x_wconf 85' lang='lat' dir='ltr'>et</span> <span class='ocrx_word' id='word_1_277' title='bbox 1400 2335 1562 2374; x_wconf 75' lang='lat' dir='ltr'>celeriter</span> <span class='ocrx_word' id='word_1_278' title='bbox 1582 2336 1711 2374; x_wconf 67' lang='lat' dir='ltr'><em>Brun-</em></span> 
     </span>
     <span class='ocr_line' id='line_1_30' title="bbox 326 2401 620 2441; baseline 0.01 -3"><span class='ocrx_word' id='word_1_279' title='bbox 326 2401 372 2439; x_wconf 83' lang='lat' dir='ltr'>du</span> <span class='ocrx_word' id='word_1_280' title='bbox 386 2415 457 2440; x_wconf 79' lang='lat' dir='ltr'>zum</span> <span class='ocrx_word' id='word_1_281' title='bbox 484 2402 620 2441; x_wconf 82' lang='lat' dir='ltr'>venias.</span> 
     </span>
    </p>
   </div>
   <div class='ocr_carea' id='block_1_5' title="bbox 1284 2533 1410 2570">
    <p class='ocr_par' dir='ltr' id='par_1_6' title="bbox 1284 2533 1410 2570">
     <span class='ocr_line' id='line_1_31' title="bbox 1284 2533 1410 2570; baseline -0.008 0"><span class='ocrx_word' id='word_1_282' title='bbox 1284 2533 1410 2570; x_wconf 83' lang='lat' dir='ltr'>Eez</span> 
     </span>
    </p>
   </div>
  </div>
 </body>
</html>
