2243 3008
495 256 602 294 An
659 253 1090 293 ATTICUM
1160 255 1302 294 LIB.
1353 259 1448 297 vn.
1593 262 1666 317 183

279 356 396 395 audio
424 354 685 394 constitutum
710 354 783 393 effe
813 353 1005 407 Pompeio
1035 362 1075 392 et
1106 355 1188 407 ejus
1219 357 1397 409 confilio,
1429 361 1469 399 in
1493 362 1667 403 Siciliam

279 435 344 460 me
365 421 534 465 mittere,
565 419 673 472 quod
702 419 916 472 imperium
935 419 1117 458 habeam.
1163 420 1211 459 Id
1236 421 1289 459 est
1319 417 1561 478 Ἀᾶὸηξιτικὶκ
1595 443 1667 467 nec

277 487 385 525 enim
417 487 578 524 Senatus
610 485 797 530 decrevit,
828 498 900 523 nec
931 485 1102 538 populus
1129 486 1254 538 justit,
1285 501 1348 526 me
1380 489 1592 542 imperium
1625 496 1666 533 in

278 552 412 590 Sicilia
431 550 587 589 habere.
635 551 702 589 Sin
727 550 804 589 hoc
826 551 1066 604 Respublica
1085 551 1132 589 ad
1153 552 1390 605 Pompeium
1411 554 1563 603 desem
1597 562 1667 611 qui

276 631 341 655 me
361 617 502 669 magis,
519 630 639 669 quam
659 618 858 669 privatum
878 617 1066 669 aliquem,
1089 617 1246 656 mittat?
1270 620 1421 672 Itaque,
1440 622 1465 659 fi
1487 622 1563 661 hoc
1586 625 1664 662 ini-

276 685 431 737 perium
453 683 555 721 mihi
575 683 784 721 molestum
804 684 906 728 erit3
939 692 1025 721 utar
1044 697 1086 721 ea
1106 693 1231 736 porta,
1263 699 1382 738 quam
1407 689 1582 740 primum
1604 692 1665 728 vi-

275 750 382 789 dero.
429 750 536 788 Nam
567 749 674 802 quod
704 748 856 794 scribis,
887 748 1098 787 mirificam
1129 753 1440 803 expediationem
1473 754 1544 792 effe
1570 758 1665 802 mei,

277 829 403 868 neque
425 825 555 853 tamen
576 828 816 867 quemquam
836 815 1049 860 bonorum,
1073 824 1139 853 aut
1160 815 1248 854 satis
1271 817 1482 864 bonorum,
1505 820 1664 860 dubita-

276 894 330 926 re,
349 881 446 934 quid
467 881 643 919 sensurus
665 881 755 919 fim:
779 894 867 933 ego,
885 894 984 934 quos
1006 890 1049 918 tu
1071 880 1194 919 bonos
1212 882 1283 920 effe
1304 882 1424 929 dicam,
1443 899 1520 923 non
1543 887 1664 925 intel-

275 947 382 998 ligo:
417 947 496 1000 ipse
516 946 647 985 nullos
669 947 786 992 n0vi5
810 946 873 985 sed
893 947 961 992 ita,
985 946 1010 984 fi
1032 947 1187 985 ordines
1209 947 1404 987 bonorum
1426 952 1662 1002 quaerimus:

277 1025 367 1049 nam
387 1012 598 1064 singulares
620 1012 709 1050 sunt
730 1012 825 1050 boni
844 1012 933 1050 viri.
980 1012 1130 1050 Verum
1162 1013 1203 1050 in
1230 1014 1525 1054 diffenfionibus
1556 1019 1664 1056 ordi-

275 1091 342 1115 nes
364 1078 560 1115 bonorum
581 1087 620 1115 et
639 1091 780 1129 genera
799 1078 1006 1130 quaerenda
1025 1077 1128 1116 sunt.
1163 1079 1348 1117 Senatum
1369 1081 1520 1120 bonum
1535 1093 1664 1136 putas,

273 1156 342 1194 per
374 1156 492 1194 quem
525 1143 603 1180 fine
632 1142 800 1194 irnperio
831 1143 1044 1195 provinciae
1072 1143 1192 1181 sunt?
1225 1159 1428 1198 nunquam
1449 1148 1555 1186 enim
1577 1150 1663 1187 Cu-

273 1208 332 1245 rio
363 1207 613 1252 sustinuisset,
642 1208 668 1245 fi
699 1221 793 1245 cum
827 1221 873 1245 eo
904 1209 967 1260 agi
999 1218 1177 1260 coeptum
1207 1209 1324 1255 effet;
1357 1225 1476 1263 quam
1508 1213 1664 1252 senten-

274 1274 369 1311 tiam
392 1274 553 1311 Senatus
574 1273 683 1325 sequi
705 1274 834 1311 noluit
853 1289 861 1311 :
895 1287 942 1312 ex
972 1287 1052 1326 quo
1082 1273 1231 1312 saelum
1259 1275 1327 1320 est,
1359 1286 1403 1314 ut
1425 1279 1564 1317 Caesari
1586 1294 1666 1319 non

272 1339 556 1378 succederetur.
602 1341 669 1378 An
697 1340 968 1378 Publicanos?
999 1341 1069 1393 qui
1097 1354 1301 1393 nunquam
1322 1342 1443 1388 firmi,
1476 1344 1538 1382 sed
1559 1359 1665 1385 nunc

273 1405 413 1444 Caesari
433 1405 523 1443 sunt
543 1405 779 1443 amiciffimi.
813 1407 878 1443 An
899 1404 1150 1444 foeneratores
1171 1407 1184 1444 ?
1206 1419 1253 1444 an
1274 1409 1462 1460 agricolas
1482 1411 1495 1447 ?
1519 1412 1664 1463 quibus

272 1471 558 1524 optatiffimum
578 1470 632 1509 est
661 1472 819 1517 otium3
853 1471 923 1509 nifi
955 1485 1020 1510 eos
1052 1473 1192 1510 timere
1223 1483 1351 1526 putas,
1383 1488 1432 1512 ne
1452 1475 1522 1513 sub
1544 1490 1664 1530 regno

271 1537 360 1582 fint,
391 1537 462 1590 qui
495 1537 535 1574 id
569 1551 791 1590 nunquam,
822 1537 919 1576 dum
953 1538 1072 1576 modo
1107 1539 1217 1577 otiofi
1250 1540 1383 1586 effent,
1421 1543 1660 1584 recusarunt.

272 1602 384 1654 Qid
417 1603 542 1654 ergo?
583 1604 802 1641 exercitum
835 1603 1056 1649 retinentis,
1088 1617 1181 1642 cum
1213 1605 1310 1657 legis
1341 1606 1422 1645 dies
1455 1609 1661 1655 transierit,

271 1669 464 1706 rationem
486 1667 619 1706 haberi
641 1670 801 1722 placet?
832 1668 935 1707 mihi
962 1683 1052 1708 vero
1079 1684 1127 1708 ne
1153 1671 1321 1709 absentis
1349 1673 1525 1724 quidem.
1573 1676 1662 1722 Sed,

270 1747 364 1772 cum
384 1734 425 1772 id
445 1734 581 1772 datum
601 1734 668 1780 est,
701 1734 802 1772 illud
834 1748 911 1772 una
942 1734 1078 1773 datum
1110 1735 1177 1774 est.
1224 1738 1434 1776 Annorum
1454 1741 1562 1778 enim
1592 1741 1661 1779 de-

271 1813 358 1838 cem
378 1800 608 1852 imperium,
639 1810 679 1837 et
710 1801 763 1838 ita
787 1801 927 1846 latum,
958 1802 1119 1853 placet?
1150 1802 1279 1854 placet
1304 1804 1428 1855 igitur
1453 1806 1571 1843 etiam
1598 1820 1663 1846 me

271 1865 495 1919 expulsum,
527 1875 566 1904 et
595 1880 732 1918 agrum
762 1868 1009 1920 Campanum
1032 1868 1197 1920 periiffe,
1229 1878 1267 1906 et
1286 1869 1516 1922 adoptatum
1537 1874 1660 1924 patri-

270 1933 379 1971 cium
400 1946 420 1970 a
439 1932 611 1985 plebeio,
643 1933 888 1972 Gaditanum
909 1947 929 1971 a
949 1933 1183 1985 Mitylenaeo
1202 1950 1210 1973 :
1243 1945 1281 1973 et
1311 1937 1477 1975 Labieni
1499 1937 1661 1985 divitiae,

270 2007 310 2037 et
343 1999 572 2044 Mamurrae,
604 1999 776 2052 placent,
807 2008 846 2038 et
877 1999 992 2038 Balbi
1023 1999 1145 2045 horti,
1177 2010 1216 2039 et
1250 2002 1541 2043 Tusculanum.
1589 2005 1662 2044 Sed

270 2064 415 2103 horum
436 2065 619 2103 omnium
639 2064 728 2104 fons
750 2079 852 2104 unus
873 2065 926 2104 est
944 2080 953 2104 ε
985 2066 1191 2105 imbecillo
1219 2067 1468 2107 refistendum
1498 2069 1590 2115 fuit,
1623 2081 1662 2110 et

270 2130 311 2168 id
330 2140 410 2169 erat
441 2131 571 2169 facile.
619 2132 742 2170 Nunc
772 2131 946 2184 legiones
969 2145 1035 2177 XI,
1065 2133 1264 2186 equitatus
1287 2143 1432 2180 tantus,
1465 2146 1659 2188 quantum

269 2195 402 2241 volet;
435 2195 719 2249 Transpadani,
748 2197 882 2250 plebes
915 2197 1075 2243 urbana,
1107 2207 1168 2236 tot
1196 2199 1371 2237 Tribuni
1402 2200 1545 2252 plebis,
1579 2211 1660 2240 tam

271 2261 420 2313 perdita
446 2262 651 2314 juventus,
683 2272 790 2301 tanta
820 2264 1048 2302 auctoritate
1081 2263 1177 2308 dux,
1208 2274 1316 2302 tanta
1346 2265 1530 2304 audacia:
1563 2280 1658 2305 cum

271 2325 347 2363 hoc
366 2335 434 2364 aut
453 2327 760 2380 depugnandum
779 2329 847 2374 est,
869 2338 936 2367 aut
955 2327 1134 2366 habenda
1153 2343 1174 2366 e
1194 2329 1278 2382 lege
1299 2330 1411 2368 ratio.
1445 2332 1656 2385 Depugna‚

271 2392 422 2443 inquis,
445 2393 591 2444 potius,
622 2408 742 2447 quam
763 2395 923 2434 servias:
958 2404 1001 2433 ut
1021 2395 1151 2447 quid?
1183 2396 1208 2434 s1
1230 2397 1354 2434 viCtus
1375 2398 1464 2443 eris,
1486 2399 1655 2450 proscri-

272 2456 390 2493 bare?
412 2455 439 2493 fi
459 2457 614 2502 viceris,
635 2468 766 2498 tamen
787 2461 923 2499 servias
941 2461 954 2498 ?
977 2461 1088 2513 Qid
1109 2474 1216 2513 ergo,
1239 2462 1386 2515 inquis,
1409 2465 1562 2501 murus
1583 2477 1621 2501 es
1640 2466 1653 2500 ?

209 2555 213 2559 .
271 2520 375 2560 idem
396 2520 502 2573 quod
522 2522 705 2574 pecudes,
722 2537 808 2576 quae
827 2525 1006 2578 dispulsae
1026 2525 1085 2566 sui
1103 2526 1256 2579 generis
1273 2527 1488 2579 sequuntur
1503 2541 1656 2580 greges,
