2243 3008
467 232 548 283 426
827 225 1521 271 EPISTOLARUM

470 331 598 371 noster
628 331 700 371 effe
730 330 834 377 vult,
863 338 904 369 et
937 329 1045 383 quod
1072 327 1276 383 judicium
1304 326 1425 367 habet
1458 326 1507 365 de
1539 323 1696 379 optimo
1725 337 1867 379 genere

471 398 645 443 dicendi,
678 397 719 436 id
753 397 809 436 ita
840 396 1074 436 consecutus
1108 393 1163 432 est
1195 394 1238 432 in
1271 407 1314 432 ea
1346 393 1537 438 oratione,
1569 401 1614 431 ut
1646 392 1866 445 elegantius

470 463 544 502 effe
564 462 668 502 nihil
688 463 817 517 possit.
869 462 943 500 Sed
963 474 1037 514 ego
1056 459 1159 498 solus
1180 459 1280 497 alius
1301 459 1387 497 sum
1404 477 1417 504 ς
1448 458 1525 497 five
1543 455 1621 496 hoc
1643 459 1759 503 recte,
1791 457 1868 496 five

471 543 553 568 non
581 531 696 568 reste.
739 530 808 568 Tu
839 536 972 567 tamen
1003 526 1125 566 velim
1156 524 1376 563 orationem
1407 523 1528 576 legas,
1559 523 1631 562 nifi
1658 523 1762 562 forte
1781 523 1870 576 jam

472 594 616 647 legisti,
647 594 935 647 certioremque
955 605 1020 631 me
1039 590 1174 635 facias,
1205 589 1303 642 quid
1322 588 1478 642 judices
1498 587 1594 640 ipse.
1627 589 1870 641 Qanquam

472 675 622 707 vereor,
653 675 702 699 ne
733 659 973 713 cognomine
1004 668 1075 697 tuo
1105 656 1234 709 lapsus
1262 651 1474 705 ὑπεραττικὶς
1503 653 1550 692 fis
1577 654 1618 692 in
1634 654 1868 706 judicando.

473 727 548 766 Sed
580 727 607 766 fi
638 725 889 765 recordabere
919 719 1115 772 Δημοσθένες
1142 721 1329 765 fulmina,
1360 728 1449 758 tum
1478 718 1677 771 intelliges
1708 719 1811 772 poffe
1829 728 1870 758 et

473 790 690 827 ἀττικῶταται
708 790 928 844 graviffime
947 788 1043 826 dici.
1067 787 1141 827 Sed
1160 786 1244 826 haec
1264 798 1412 825 coram.
1435 785 1559 824 Nunc
1580 797 1652 824 nec
1672 784 1751 823 fine
1766 785 1872 837 epis-

474 858 570 903 tola,
602 870 675 897 nec
695 870 790 896 curn
810 856 918 896 inani
938 853 1114 908 epistola,
1145 853 1256 892 volui
1275 851 1324 891 ad
1344 860 1382 890 te
1402 850 1684 890 Metrodorum
1703 851 1854 890 venire.

812 1056 1058 1095 CICERO
1098 1056 1357 1093 ATT1co
1397 1053 1531 1093 SAL.

476 1187 532 1226 ΙΙ.
559 1185 872 1274 QUINTO
903 1184 1060 1224 decimo
1087 1183 1283 1222 Kalendas
1312 1195 1334 1220 e
1361 1181 1586 1221 Sinueffano
1605 1178 1876 1234 proficiscens,

657 1264 751 1290 cum
772 1250 958 1289 dediffem
978 1250 1026 1289 ad
1046 1258 1085 1288 te
1105 1249 1251 1294 literam,
1273 1247 1590 1300 divertiffemque
1609 1260 1631 1285 a
1651 1245 1809 1290 Cumis,
1830 1245 1874 1283 in

475 1317 671 1357 Vesciano
709 1317 844 1370 accepi
877 1330 898 1354 a
932 1316 1136 1355 tabellario
1170 1324 1256 1354 tuas
1290 1314 1421 1352 literas
1438 1333 1450 1360 ;
1494 1314 1536 1351 in
1571 1313 1717 1366 quibus
1752 1310 1874 1349 nimis

477 1383 606 1422 multa
625 1383 673 1421 de
694 1381 906 1421 Buthroto.
948 1382 1045 1420 Non
1066 1381 1174 1419 enim
1196 1379 1271 1418 tibi
1291 1392 1335 1417 ea
1354 1392 1412 1417 res
1434 1378 1574 1430 majori
1594 1391 1696 1416 curae
1716 1385 1783 1415 aut
1802 1375 1874 1421 est,

477 1457 545 1487 aut
565 1448 655 1493 erit,
687 1460 806 1500 quam
828 1445 931 1484 mihi
950 1461 959 1484 :
992 1446 1043 1484 s1c
1064 1446 1172 1483 enim
1196 1444 1321 1488 decet,
1354 1452 1391 1481 te
1412 1456 1498 1481 mea
1518 1456 1666 1487 curare,
1698 1451 1766 1479 tua
1792 1453 1872 1480 me.

477 1513 752 1566 Qamobrem
782 1511 823 1549 id
853 1510 1016 1563 quidem
1046 1510 1096 1548 fic
1125 1509 1349 1561 susceptum
1369 1507 1422 1545 est
1443 1506 1560 1552 mihi,
1592 1515 1637 1544 ut
1669 1505 1772 1544 nihil
1803 1505 1879 1544 fim

476 1579 685 1617 habiturus
705 1577 925 1629 antiquius.
963 1577 1013 1614 L.
1038 1575 1264 1613 Antonium
1285 1574 1566 1612 concionatum
1587 1571 1675 1618 effe,
1706 1571 1878 1624 cognovi

477 1645 556 1683 tuis
578 1643 702 1682 literis
724 1651 762 1680 et
783 1642 885 1687 aliis,
917 1640 1095 1686 sordide;
1127 1640 1207 1686 sed,
1228 1639 1269 1677 id
1289 1639 1404 1693 quale
1425 1638 1560 1683 fuerit,
1583 1637 1738 1676 nescio:
1772 1635 1879 1675 nihil

476 1711 586 1749 enim
607 1707 801 1762 scripsisti.
849 1708 912 1746 De
934 1705 1176 1745 Menedemo
1195 1705 1334 1758 probe.
1372 1706 1550 1757 Qintus
1572 1712 1677 1742 certe
1696 1716 1739 1742 ea
1758 1702 1880 1741 dicti-

477 1785 549 1821 tat,
582 1789 669 1828 quae
702 1774 854 1812 scribis.
901 1773 1124 1811 Consilium
1146 1785 1282 1810 meum
1303 1785 1323 1809 a
1344 1780 1381 1809 te
1402 1771 1574 1824 probari,
1606 1769 1714 1823 quod
1733 1782 1777 1807 ea
1796 1781 1878 1807 non

478 1842 662 1886 scribam,
684 1853 770 1892 quae
791 1849 835 1878 tu
856 1852 877 1877 a
897 1852 960 1877 me
981 1838 1201 1892 postularis,
1234 1836 1350 1876 facile
1371 1837 1526 1890 patior;
1560 1836 1768 1888 multoque
1789 1847 1880 1873 ma·

477 1908 538 1960 gis
570 1907 609 1944 id
639 1905 840 1959 probabis,
872 1905 899 1944 fi
927 1905 1145 1943 orationem
1165 1917 1266 1949 eam,
1297 1904 1345 1941 de
1365 1917 1444 1955 qua
1463 1902 1582 1941 hodie
1602 1901 1649 1940 ad
1671 1912 1708 1940 te
1728 1900 1875 1953 scripfi,

478 1973 635 2026 legeriS.
669 1973 770 2023 Qae
791 1971 837 2008 de
858 1971 1083 2023 legionibus
1106 1970 1258 2016 scribis,
1284 1983 1327 2008 ea
1347 1983 1434 2008 vera
1455 1969 1558 2007 sunt.
1592 1968 1664 2005 Sed
1687 1981 1765 2005 non
1787 1967 1875 2005 satis

477 2037 555 2076 hoc
578 2035 680 2074 mihi
701 2035 843 2073 videris
866 2035 938 2073 tibi
962 2034 1192 2088 persuasisse,
1218 2033 1315 2086 quid
1337 2033 1384 2072 de
1405 2032 1627 2072 Buthrotiis
1648 2031 1787 2071 nostris
1809 2045 1876 2083 per

480 2106 666 2142 Senatum
689 2101 814 2155 speres
842 2100 987 2140 confici
1017 2100 1135 2154 poss‘e.
1180 2100 1300 2152 Qod
1332 2109 1445 2152 puto,
1479 2101 1655 2152 (tantum
1684 2097 1791 2136 enim
1814 2098 1876 2136 vi-

479 2169 570 2218 deo)
607 2181 686 2206 non
707 2167 888 2206 videmur
908 2166 979 2206 esse
1000 2167 1156 2205 vie'turi.
1204 2166 1292 2211 Sed,
1326 2166 1350 2204 sl
1383 2166 1504 2204 etiam
1536 2178 1606 2204 nos
1639 2163 1716 2202 hoc
1749 2163 1877 2208 fallat,

478 2237 525 2274 de
550 2234 746 2273 Buthroto
769 2244 805 2272 te
827 2248 904 2272 non
927 2233 1052 2272 fallet.
1101 2234 1163 2272 De
1196 2232 1351 2271 Octavii
1381 2233 1574 2270 concione
1604 2230 1711 2268 idem
1737 2229 1876 2274 sentio,

478 2301 585 2354 quod
610 2311 650 2338 tu
670 2320 679 2345 ;
714 2301 980 2353 ludorumque
1002 2301 1085 2352 ejus
1106 2308 1326 2352 apparatus,
1353 2307 1391 2336 et
1414 2298 1564 2335 Matius
1587 2310 1628 2334 ac
1654 2295 1878 2334 Postumius

479 2366 579 2405 mihi
605 2375 873 2417 procuratores
896 2379 974 2403 non
1009 2366 1180 2418 placent.
1229 2364 1383 2403 Saserna
1414 2363 1565 2415 collega
1597 2363 1756 2415 dignus.
1805 2360 1878 2399 Sed

479 2433 539 2470 isti
571 2445 722 2476 omues,
755 2432 1093 2484 quemadmodum
1127 2431 1259 2475 sentis,
1294 2445 1370 2468 non
1404 2431 1535 2467 minus
1566 2430 1694 2467 otium
1718 2428 1877 2472 timent,

476 2511 596 2551 quam
620 2513 686 2537 nos
710 2512 827 2536 arum.
877 2498 1045 2536 Balbum
1076 2497 1192 2536 levari
1215 2497 1360 2537 invidia
1383 2510 1449 2549 per
1471 2509 1541 2535 nos
1562 2496 1711 2542 velim3
1744 2494 1807 2533 sed
1829 2505 1876 2531 ne
