2243 3008
507 241 584 281 370
857 224 1544 265 EPISTOLARUM

844 461 1086 499 Crczrto
1127 458 1382 496 ATT1co
1424 459 1553 497 SAL.

508 588 623 628 XIX.
650 586 1092 662 COMMODUM
1113 584 1328 622 discesserat
1348 584 1512 623 Hilarus
1533 585 1714 624 librarius
1737 599 1780 624 ιν
1799 587 1890 626 Kal.

740 654 805 692 cui
820 653 1006 691 'dederam
1027 651 1155 688 literas
1177 649 1223 686 ad
1245 659 1297 694 te,
1314 663 1407 687 curn
1428 650 1535 688 venit
1557 650 1778 689 tabellarius
1798 665 1893 690 cum
1911 690 1918 693 ,

501 719 580 757 tuis
601 719 724 757 literis
745 717 870 770 pridie
890 716 1018 761 datis;
1041 715 1083 753 in
1103 714 1250 767 quibus
1271 714 1372 752 illud
1393 714 1496 753 mihi
1515 714 1774 767 gratiffimurn
1794 715 1890 762 fuit,

503 784 610 835 quod
630 784 766 821 Attica
785 782 911 820 nostra
930 789 1041 833 rogat
1061 789 1113 824 te,
1146 793 1194 817 ne
1216 779 1332 817 tristis
1352 779 1414 824 fis,
1435 780 1632 833 ,quodque
1663 789 1707 817 tu
1739 773 1893 815 ἀκίνδυνα,

505 849 578 886 esse
598 849 749 887 scribis.
773 847 1037 900 Ligarianam,
1059 854 1104 883 ut
1123 844 1251 889 vide0‚
1266 845 1447 896 praeclare
1466 845 1673 883 auctoritas
1694 854 1760 883 tua
1779 858 1892 883 com-

505 913 704 951 mendavit
722 927 732 951 ε
764 912 914 964 scripsit
933 911 1041 948 enim
1061 909 1109 947 ad
1129 922 1193 947 me
1214 909 1374 954 Balbus,
1404 918 1444 948 et
1465 910 1637 962 Oppius,
1668 908 1836 948 mirifice
1855 910 1893 948 se

504 978 668 1030 probare
685 996 696 1022 ;
728 977 780 1015 ob
800 989 964 1028 eamque
983 975 1137 1013 causam
1157 973 1203 1011 ad
1231 973 1421 1013 Caesarem
1442 988 1527 1013 eam
1547 974 1584 1013 se
1604 975 1893 1013 oratiunculam

505 1042 658 1080 mififfe.
694 1042 785 1080 Hoc
806 1041 929 1093 igitur
948 1039 1055 1078 idem
1077 1049 1121 1078 tu
1141 1037 1243 1077 mihi
1264 1047 1375 1077 antea
1394 1039 1608 1092 scripseras.
1651 1040 1698 1078 In
1719 1039 1893 1078 Varrone

503 1107 572 1144 ista
592 1107 703 1145 causa
723 1120 786 1145 me
807 1119 884 1144 non
908 1114 1095 1149 moveret,
1119 1117 1167 1141 ne
1186 1103 1336 1141 viderer
1356 1098 1534 1152 φιλὲνδὶξος
1552 1119 1561 1142 :
1594 1105 1644 1142 fic
1665 1105 1772 1143 enim
1792 1118 1891 1143 con-

503 1173 727 1218 stituebam,
746 1173 947 1211 neminem
967 1170 1169 1210 includere
1189 1170 1229 1207 in
1247 1169 1422 1222 dialogos
1437 1183 1590 1216 eorum,
1608 1171 1677 1223 qui
1694 1172 1889 1211 viverent:

504 1237 581 1283 sed,
613 1238 706 1291 quia
726 1237 861 1276 scribis
880 1246 921 1275 et
940 1236 1143 1274 desiderari
1167 1249 1188 1273 a
1212 1235 1401 1280 Varrone,
1432 1244 1471 1273 et
1497 1237 1631 1288 magni
1651 1235 1768 1273 illum
1789 1235 1889 1273 aesti-

502 1316 622 1348 mare,
653 1316 718 1341 eos
747 1301 929 1347 confeci3
961 1311 999 1340 et
1019 1300 1181 1345 absolvi,
1213 1300 1342 1338 nescio
1362 1313 1481 1351 quam
1513 1300 1626 1345 bene,
1658 1300 1720 1338 sed
1750 1301 1804 1338 ita
1822 1313 1889 1338 ac-

502 1378 650 1412 curate,
677 1377 720 1405 ut
743 1367 844 1405 nihil
865 1365 987 1419 posset
1007 1365 1134 1418 supra,
1155 1364 1435 1403 Academicam
1455 1378 1616 1404 omnem
1636 1364 1891 1418 quaestionem

503 1433 614 1471 libris
647 1442 829 1485 quatuor.
876 1433 922 1470 ln
955 1431 1026 1475 eis,
1056 1445 1143 1483 quae
1167 1439 1275 1469 erant
1295 1440 1430 1468 contra
1449 1424 1690 1477 ἁκαπιληᾴλαν
1709 1431 1890 1482 praeclare

502 1498 665 1536 collecta
683 1498 732 1535 ab
753 1496 970 1540 Antiocho,
1002 1496 1170 1533 Varroni
1191 1495 1281 1532 dedi
1299 1510 1308 1533 :
1341 1495 1388 1531 ad
1407 1507 1450 1532 ea
1475 1493 1553 1546 ipse
1574 1493 1785 1545 respondeo
1803 1509 1812 1533 ε
1846 1504 1891 1533 tu

501 1577 540 1602 es
563 1564 700 1602 tertius
722 1563 762 1600 in
784 1562 960 1600 sermone
975 1560 1124 1599 nostro.
1171 1560 1210 1597 Si
1238 1561 1400 1598 Cottam
1420 1568 1459 1597 et
1479 1559 1696 1597 Varronem
1716 1558 1890 1598 fecissem

502 1628 603 1666 inter
623 1628 660 1666 se
679 1627 935 1679 disputante5‚
967 1635 1010 1663 ut
1031 1638 1051 1662 a
1072 1634 1109 1663 te
1130 1624 1321 1677 proximis
1342 1624 1464 1662 literis
1486 1622 1721 1669 admoneor;
1754 1638 1890 1663 meum

499 1690 610 1738 κωφὶν
627 1690 795 1745 πρόσωπον
814 1690 918 1729 esset.
952 1691 1044 1728 Hoc
1065 1690 1107 1727 in
1128 1689 1300 1741 antiquis
1322 1689 1494 1741 personis
1515 1688 1679 1727 suaviter
1699 1687 1758 1733 fit,
1786 1699 1829 1727 ut
1849 1699 1890 1728 et

502 1756 731 1795 Heraclides
753 1756 794 1794 in
817 1755 970 1800 multis,
1001 1765 1039 1793 et
1068 1768 1138 1793 nos
1166 1754 1229 1793 sex
1259 1754 1306 1792 de
1327 1754 1551 1807 Republica
1569 1753 1680 1792 libris
1701 1752 1887 1793 fecimus.

501 1823 599 1860 Sunt
618 1821 737 1859 etiam
758 1821 805 1859 de
827 1822 992 1872 Oratore
1014 1819 1134 1858 nostri
1163 1829 1255 1864 tres,
1286 1818 1389 1858 mihi
1417 1818 1669 1858 vehementer
1700 1819 1854 1871 probati
1873 1834 1883 1858 :

500 1887 541 1925 in
573 1887 627 1925 eis
661 1899 821 1939 quoque
854 1900 906 1924 eae
941 1885 1110 1938 personae
1146 1885 1251 1930 sunt,
1293 1894 1336 1923 ut
1370 1884 1472 1924 mihi
1507 1883 1716 1922 tacendum
1750 1882 1884 1925 fuerit.

500 1950 652 1990 Crassus
687 1953 795 1990 enim
830 1952 1023 2003 loquitur,
1055 1951 1271 1994 Antonius.
1304 1950 1470 1989 Catulus
1504 1949 1632 1993 senex,
1665 1950 1713 1987 C.
1736 1950 1885 2000 Julius,

502 2018 619 2056 frater
640 2019 789 2063 Catuli,
809 2019 942 2062 Cotta,
965 2017 1186 2069 Sulpicius:
1212 2029 1332 2068 puero
1353 2030 1416 2054 me
1436 2014 1502 2053 hic
1524 2015 1647 2054 sermo
1668 2015 1887 2061 inducitur,

502 2093 544 2121 ut
565 2083 682 2121 nullae
703 2083 774 2122 effe
796 2083 945 2136 possent
966 2091 1091 2134 partes
1114 2095 1222 2119 meae.
1266 2082 1366 2132 Qae
1396 2091 1526 2119 autem
1556 2079 1618 2119 his
1641 2082 1887 2133 temporibus

500 2148 644 2201 scripsi,
677 2143 895 2197 Ἀριςυτὲλεων
915 2161 1064 2186 morem
1096 2145 1240 2184 habent
1259 2165 1268 2190 ;
1302 2146 1341 2183 in
1364 2160 1444 2198 quo
1466 2147 1589 2185 sermo
1609 2147 1661 2184 ita
1682 2146 1884 2185 inducitur

497 2223 741 2256 caeterorum,
775 2221 816 2249 ut
839 2226 955 2264 penes
977 2211 1105 2264 ipsum
1127 2211 1170 2249 fit
1192 2211 1447 2263 principatus.
1497 2212 1554 2249 Ita
1580 2210 1735 2248 confeci
1762 2212 1883 2263 quin-

498 2293 574 2331 que
610 2279 730 2316 libros
765 2276 841 2325 περὶ
873 2273 982 2319 τελεῖν,
1014 2287 1057 2315 ut
1093 2277 1285 2329 Epicurea
1321 2277 1368 2315 L.
1393 2278 1613 2329 Torquato,
1655 2277 1783 2314 Stoica
1818 2277 1884 2316 M.

499 2344 658 2387 Catoni,
690 2337 912 2393 περιπᾶῑηῑικὲι
935 2343 995 2380 M.
1023 2342 1170 2386 Pisoni,
1191 2341 1337 2380 darem.
1374 2338 1622 2389 Ἀζηλστιὲπττσν
1644 2341 1681 2378 id
1704 2341 1786 2380 fore
1808 2356 1883 2395 pu-

499 2421 634 2453 taram,
666 2407 772 2460 quod
793 2421 928 2444 omncs
952 2408 1010 2444 illi
1032 2406 1279 2445 decesserant.
1324 2407 1419 2444 Hoec
1444 2405 1690 2450 Academica,
1724 2417 1767 2444 ut
1795 2407 1883 2452 scis,

495 2489 586 2513 cnm
608 2473 766 2517 Cuulo,
787 2472 972 2517 Lucullo,
994 2472 1218 2517 Hortensio,
1235 2472 1502 2510 contulerim:
1537 2470 1620 2509 sane
1643 2472 1680 2509 in
1703 2471 1880 2524 personas
