2243 3008
569 229 676 267 AD
733 227 1542 272 ATTICUML113.X111.
1672 235 1749 289 387

365 323 517 363 eausam
543 333 653 377 pater
677 324 815 362 odium
842 325 977 363 matris
1004 324 1076 363 effe
1102 325 1270 364 dicebat.
1315 327 1437 366 Nunc
1463 342 1526 366 me
1549 331 1657 381 juva,
1690 330 1745 368 mi

364 391 514 435 Attice,
545 389 722 435 confilio,
752 386 883 439 πότερον
900 383 998 427 δίκαις
1017 388 1120 435 τεῖχος
1138 382 1248 440 ὕψιον,
1287 390 1327 428 id
1355 392 1422 436 est,
1455 402 1588 431 utrum
1618 404 1746 446 aperte

362 454 569 505 hominem
597 454 787 507 asperner,
827 463 866 492 et
896 454 1086 507 respuam,
1124 446 1143 496 ἢ
1171 452 1311 492 σκολιοῖς
1345 453 1509 494 ἀπάτας,
1552 459 1610 496 Ut
1638 460 1746 497 enim

363 519 546 564 Pindaro,
579 518 629 558 fic
648 515 732 565 δὶχαι
749 534 804 569 μοι
825 516 894 558 νέος,
923 516 1094 572 ἀτρέκειαν
1109 514 1215 554 εἰπεῖν.
1249 519 1428 558 Omnino
1449 522 1624 560 moribus
1647 525 1744 561 meis

360 584 462 622 illud
483 585 626 637 aptius,
649 583 712 622 sed
732 582 808 621 hoc
829 581 982 620 fortaffe
1002 583 1245 635 temporibus
1265 598 1274 621 ε
1307 593 1350 622 tu
1371 594 1516 630 autem,
1539 587 1644 638 quod
1666 587 1748 639 ipse

361 650 437 688 tibi
465 649 636 695 suaseris,
667 649 773 687 idem
805 646 905 686 mihi
937 647 1158 700 persuasum
1187 658 1338 701 putato.
1386 651 1584 702 Equidem
1614 666 1745 690 vereor

360 716 546 761 maxime,
570 730 618 754 ne
638 716 678 753 in
700 714 928 753 Tusculano
947 714 1147 766 opprimar
1165 730 1174 752 :
1207 715 1248 752 in
1271 715 1384 753 turba
1404 715 1486 754 haec
1506 716 1625 755 essent
1645 717 1744 755 faci-

359 781 471 819 liora.
505 783 653 820 Utrum
674 781 796 833 igitur
816 778 965 817 Asturae
985 781 997 817 ?
1021 779 1145 831 Qid,
1169 779 1193 817 s1
1217 780 1341 819 Caesar
1361 781 1490 820 subito
1509 783 1522 820 ?
1544 784 1645 834 Juva
1664 797 1742 828 me,

360 847 502 898 quaeso,
535 847 696 886 confilio
715 862 723 886 :
758 855 842 884 utar
861 858 921 890 eo,
953 845 1060 898 quod
1081 856 1123 884 tu
1145 845 1372 886 decreveris.

696 1049 937 1086 CICERO
980 1047 1232 1086 ATtho
1276 1048 1404 1086 SAL.

359 1176 555 1215 XXXIX.
580 1175 653 1248 O
686 1175 1119 1214 CREDIBILEM
1148 1175 1383 1214 vanitatem!
1416 1176 1462 1214 ad
1482 1185 1647 1229 patrem,
1670 1178 1742 1216 do-

676 1254 742 1279 mo
763 1241 834 1279 fibi
854 1240 1065 1279 carendum
1086 1250 1246 1293 propter
1265 1250 1431 1280 matrem
1450 1257 1459 1280 :
1482 1243 1597 1295 plena
1618 1244 1742 1296 pieta·

356 1307 406 1344 tis
427 1306 434 1344 !
469 1306 551 1344 Hic
571 1316 701 1345 autem
718 1307 802 1358 jam
823 1305 1052 1359 languescit,
1083 1314 1122 1344 et
1153 1307 1207 1344 ait
1238 1307 1309 1344 fibi
1340 1307 1456 1345 illum
1472 1309 1560 1359 jure
1582 1309 1740 1348 iratum.

357 1372 430 1409 Sed
452 1381 537 1410 utar
558 1380 627 1410 tuo
646 1371 833 1410 confilioz
856 1368 982 1406 σκολιὲι
1000 1371 1107 1409 enim
1129 1371 1203 1409 tibi
1224 1371 1337 1410 video
1357 1373 1522 1424 placere.
1555 1374 1741 1419 Romam,

355 1445 400 1474 ut
420 1437 565 1482 censes,
587 1438 756 1481 veniam,
779 1436 842 1474 sed
862 1437 1033 1475 invitus:
1056 1436 1166 1474 valde
1186 1437 1293 1475 enim
1314 1437 1355 1474 in
1375 1437 1580 1477 scribendo
1600 1437 1740 1478 haereo.

355 1502 540 1547 Brutum,
571 1503 719 1554 inquis,
750 1502 884 1540 eadem
904 1501 1068 1540 scilicet.
1101 1502 1174 1539 Sed
1194 1503 1264 1540 nifi
1285 1501 1361 1540 hoc
1381 1503 1486 1549 effet,
1513 1517 1571 1542 res
1593 1518 1655 1542 me
1675 1505 1744 1543 ista

355 1580 435 1605 non
457 1578 626 1620 cogeret.
674 1568 762 1606 Nec
783 1568 889 1605 enim
912 1567 1001 1606 inde
1022 1568 1144 1613 venit,
1176 1567 1278 1606 unde
1299 1568 1458 1607 mallem
1477 1589 1487 1614 ς
1522 1583 1648 1622 neque
1673 1570 1742 1609 diu

356 1633 512 1678 abfuit;
547 1646 672 1685 neque
703 1633 825 1671 ullam
855 1633 1009 1671 literam
1037 1633 1083 1670 ad
1115 1646 1192 1672 me.
1240 1633 1312 1671 Sed
1345 1643 1475 1672 tamen
1507 1635 1601 1674 scire
1632 1649 1740 1680 aveo,

355 1699 481 1749 qualis
503 1698 538 1736 ei
560 1698 682 1736 totius
703 1698 854 1736 itineris
877 1697 1028 1736 summa
1047 1697 1181 1736 fuerit.
1215 1698 1357 1736 Libros
1379 1698 1495 1744 mihi,
1527 1700 1574 1737 de
1594 1701 1741 1753 quibus

354 1763 400 1800 ad
423 1772 459 1802 te
479 1772 591 1802 antea
610 1763 755 1817 scripsi,
786 1763 906 1802 velim
928 1765 1077 1810 mittas,
1108 1773 1146 1802 et
1175 1764 1347 1803 maxime
1366 1758 1478 1812 Φαέδρκ
1505 1762 1672 1814 πτερω-ὦν,
1701 1775 1740 1804 et

352 1823 515 1869 'Endesa
1642 1833 1644 1835 ’

684 2032 925 2071 CICERO
968 2032 1222 2069 ATTICO
1267 2032 1396 2071 SAL.

353 2158 442 2198 XL.
463 2157 693 2230 ITA-NE
716 2160 871 2198 nuntiat
892 2161 1052 2205 Brutus,
1070 2160 1186 2197 illum
1207 2159 1252 2196 ad
1276 2160 1398 2197 bonos
1420 2159 1520 2196 viros
1542 2154 1733 2206 εὐαγίέλιαὲ

533 2224 595 2262 sed
616 2224 685 2262 ubi
705 2226 798 2263 eos?
821 2226 890 2264 nifi
911 2225 1013 2265 forte
1033 2225 1069 2263 se
1089 2224 1300 2276 suspendit.
1333 2223 1415 2261 Hic
1435 2233 1565 2262 autem
1587 2234 1630 2262 ut
1652 2224 1735 2264 ful-

353 2298 438 2328 tum
458 2289 538 2328 est!
571 2291 640 2329 ubi
661 2292 785 2343 igitur
805 2287 1036 2338 φιλοτέχνημα,
1058 2290 1158 2328 illud
1180 2299 1308 2334 tuum,
1340 2290 1447 2342 quod
1468 2290 1547 2328 vidi
1577 2291 1617 2328 in
1640 2292 1733 2330 Par·

351 2354 538 2400 menone,
570 2355 739 2395 Ahalam
758 2367 797 2396 et
819 2358 987 2396 Brutum
1007 2357 1020 2393 ?
1053 2356 1124 2394 Sed
1145 2355 1241 2408 quid
1261 2354 1378 2393 faciat
1397 2357 1410 2393 ?
1443 2356 1548 2394 Illud
1567 2359 1732 2410 optime,

335 2419 410 2474 sed
430 2433 472 2457 ne
500 2419 529 2457 is
561 2419 709 2472 quidem,
739 2422 804 2474 qui
829 2421 980 2460 omnium
996 2421 1228 2474 flagitiorum
1260 2422 1399 2465 αηὲἳον,
1430 2421 1512 2460 bene
1539 2421 1581 2459 de
1606 2423 1732 2473 nastro-

352 2486 407 2523 At
440 2498 514 2537 ego
548 2485 718 2531 verebar,
756 2499 804 2524 ne
837 2487 956 2525 etiam
991 2487 1134 2524 Brutus
1169 2499 1259 2524 eum
1293 2485 1502 2537 diligeret:
1542 2487 1597 2524 ita
1626 2488 1739 2527 enim

1243 2551 1275 2587 C
1306 2563 1327 2587 c
1357 2565 1377 2587 c
1410 2563 1431 2590 2
