2243 3008
538 265 620 304 414
889 246 1585 288 EPISTOLARUM

539 347 748 388 Demetrio
768 347 912 386 liberto
933 346 1034 400 prid.
1059 346 1148 384 Kal.
1173 346 1212 384 in
1235 347 1380 399 quibus
1403 346 1529 385 multa
1548 345 1752 399 sapienter,
1784 345 1847 384 sed
1869 353 1929 385 ta-

536 428 630 453 men
662 413 766 459 talia‚
797 412 1134 466 quemadmodum
1165 421 1249 449 tute
1277 411 1487 458 scribebas,
1518 421 1562 450 ut
1583 425 1701 450 omne
1721 412 1932 451 confilium

539 481 579 518 in
601 479 761 518 fortuna
781 479 951 532 pofitum
971 478 1182 516 videretur.
1221 478 1360 529 Itaque
1379 476 1442 515 his
1463 477 1510 515 de
1531 477 1644 516 rebus
1666 491 1714 516 ex
1735 486 1928 530 tempore,

538 555 578 584 et
600 559 747 584 coram.
796 546 858 583 De
888 543 1102 583 Buthrotio
1130 543 1306 595 negotio,
1338 543 1490 580 utinam
1520 543 1682 594 quidem
1704 544 1930 582 Antonium

538 611 770 650 conveniam
790 625 798 648 :
832 610 1007 647 multum
1038 607 1215 661 profecto
1243 606 1475 660 proficiam:
1509 605 1571 645 sed
1592 621 1671 645 non
1692 609 1932 646 arbitrantur

536 690 630 714 eum
651 689 672 713 a
693 676 829 728 Capua
857 674 1176 718 declinaturum3
1209 686 1290 726 quo
1319 672 1496 725 quidem,
1528 681 1678 717 metuo,
1710 686 1759 711 ne
1786 686 1932 726 magno

537 728 788 793 Reipublicae
823 739 928 777 malo
961 739 1138 777 venerit:
1172 738 1279 791 quod
1313 738 1419 776 idem
1455 738 1504 776 L.
1535 737 1676 776 Caesari
1710 737 1929 784 videbatur,

537 820 656 859 quem
680 805 805 858 pridie
826 805 996 858 Neapoli
1026 804 1211 842 affectum
1238 804 1407 856 graviter
1426 803 1614 843 videram.
1658 804 1932 856 Qamobrem

537 871 606 909 ista
628 871 741 909 nobis
762 870 808 908 ad
830 871 919 909 Kal.
943 872 1041 922 Jun.
1064 870 1260 908 tractanda
1279 879 1318 907 et
1338 869 1575 922 perficienda
1595 869 1698 908 sunt.
1742 870 1814 908 Sed
1834 869 1932 908 hac-

537 946 667 976 tenus.
701 936 885 988 Qfilius
907 937 953 974 ad
974 946 1125 989 patrem
1145 935 1402 974 acerbiffimas
1424 935 1554 974 literas
1575 935 1703 981 misit5
1736 949 1822 988 quae
1843 935 1934 974 sunt

536 1003 573 1040 ei
604 1001 780 1047 redditae,
811 1015 904 1040 cum
926 1001 1158 1040 veniffemus
1180 1001 1221 1039 in
1250 1001 1566 1054 Pompeianum:
1599 1014 1768 1054 quarum
1800 1010 1933 1040 tamen

536 1076 617 1106 erat
637 1077 770 1120 caput,
802 1067 1004 1120 Aquilliam
1021 1081 1214 1106 novercam
1233 1081 1301 1105 non
1319 1066 1380 1120 effi
1398 1067 1574 1105 laturum.
1622 1067 1694 1104 Sed
1724 1066 1802 1105 hoc
1829 1067 1933 1105 tole-

537 1133 660 1171 rabile
680 1132 835 1171 fortaffe
854 1148 862 1171 :
896 1133 998 1171 illud
1018 1146 1109 1171 vero
1128 1134 1142 1171 ?
1174 1134 1220 1171 Se
1237 1132 1284 1171 ab
1305 1133 1447 1184 Caestzre
1467 1131 1621 1184 habuff’
1639 1133 1767 1176 omnia,
1800 1131 1896 1171 nihil
1908 1146 1933 1171 a

527 1208 656 1252 patre,
688 1198 826 1251 reliqua
830 1199 988 1251 sperare
1009 1198 1056 1237 ab
1075 1199 1250 1237 Antonio.
1297 1200 1334 1237 O
1368 1198 1567 1252 perditum
1600 1197 1835 1237 hominem!
1868 1198 1932 1237 sed

533 1260 673 1319 μελῆσᾶ.
706 1264 770 1303 Ad
791 1266 962 1303 Brutum
982 1265 1173 1310 nostrum,
1196 1265 1243 1302 ad
1265 1264 1452 1310 Caffium,
1470 1264 1518 1302 ad
1538 1265 1805 1310 Dolabellam,
1826 1264 1931 1317 epis-

536 1329 636 1368 tolas
673 1329 832 1382 scripsi:
875 1343 1008 1369 earum
1040 1332 1222 1383 exempla
1252 1331 1327 1368 tibi
1359 1329 1460 1374 misi,
1493 1343 1572 1368 non
1600 1339 1644 1368 ut
1673 1329 1930 1368 deliberarem

535 1394 791 1434 reddendaene
829 1395 963 1440 essent,
1011 1395 1144 1448 (plane
1175 1396 1287 1433 enim
1314 1395 1455 1447 judico
1493 1394 1565 1433 effe
1599 1395 1831 1445 reddendas)
1867 1395 1931 1433 sed

534 1459 643 1513 quod
668 1473 747 1498 non
780 1459 936 1506 dubito,
968 1460 1068 1513 quin
1098 1469 1140 1498 tu
1173 1460 1280 1498 idem
1312 1460 1603 1498 existimaturus
1637 1459 1698 1498 fis.
1745 1460 1931 1498 Ciceroni

534 1539 640 1571 meo,
672 1526 729 1564 mi
750 1526 900 1571 Attice,
933 1525 1199 1579 suppeditabis
1221 1535 1415 1579 quantum
1436 1525 1650 1570 videbitur,
1682 1538 1824 1578 meque
1853 1524 1931 1564 hoc

533 1591 611 1630 tibi
631 1604 730 1629 onus
753 1591 956 1644 imponere
975 1592 1146 1644 patiere:
1180 1605 1265 1644 quae
1285 1590 1414 1630 adhuc
1435 1589 1576 1636 fecisti,
1608 1589 1710 1628 mihi
1732 1591 1821 1629 sunt
1841 1604 1931 1644 gra-

533 1656 690 1695 tiffima.
723 1657 894 1695 Librum
916 1671 1052 1695 meum
1072 1656 1190 1695 illum
1210 1650 1375 1692 ἀνέκδοτον
1395 1657 1588 1701 nondum,
1621 1665 1665 1694 ut
1685 1656 1808 1702 volui,
1840 1670 1931 1710 per-

534 1722 688 1776 polivi:
721 1722 791 1760 ista
818 1737 924 1768 vero,
957 1737 1043 1776 quae
1075 1731 1119 1761 tu
1146 1722 1305 1761 contexi
1327 1722 1400 1768 vis,
1431 1722 1537 1761 aliud
1559 1722 1758 1774 quoddam
1779 1722 1929 1775 separa-

534 1798 623 1827 tum
644 1789 830 1828 volumen
851 1791 1072 1843 expectant.
1120 1790 1208 1842 Ego
1239 1797 1370 1827 autem
1393 1789 1544 1841 (credas
1565 1787 1665 1827 mihi
1687 1788 1826 1838 velim)
1849 1789 1929 1826 mi-

535 1868 629 1893 nore
649 1855 827 1907 periculo
842 1855 1025 1894 existimo
1039 1865 1176 1894 contra
1197 1856 1282 1894 illas
1301 1854 1463 1894 nefarias
1484 1864 1627 1909 partes,
1642 1855 1731 1894 vivo
1748 1864 1928 1907 tyranno,

533 1920 615 1958 dici
646 1920 827 1973 potuiffe,
859 1934 980 1975 quam
1006 1931 1166 1960 mortuo
1184 1937 1193 1960 :
1227 1922 1294 1959 ille
1314 1922 1422 1960 enim
1443 1922 1573 1960 nescio
1593 1935 1672 1974 quo
1693 1923 1806 1974 pasto
1826 1920 1929 1959 fere-

534 1985 601 2024 bat
622 1998 685 2024 me
705 1985 869 2039 quidem
890 1987 1153 2033 mirabiliter5
1186 2001 1307 2032 nunc,
1339 2000 1577 2040 quacunque
1609 2000 1678 2025 nos
1704 1987 1928 2025 commovi-

533 2063 639 2096 mus,
671 2051 717 2089 ad
740 2051 899 2090 Caesaris
921 2066 1000 2091 non
1022 2052 1142 2091 modo
1162 2054 1257 2098 ac‘ta,
1288 2066 1425 2091 verum
1453 2053 1571 2091 etiam
1599 2054 1783 2105 cogitata,
1815 2065 1928 2090 revo-

532 2128 685 2155 camur.
727 2116 789 2154 De
810 2117 1022 2162 Montano,
1054 2118 1243 2170 quoniam
1265 2116 1446 2156 Flamma
1465 2118 1587 2163 venit,
1619 2117 1797 2156 videbis:
1830 2126 1928 2171 puto

533 2193 618 2220 rem
639 2181 802 2221 meliore
822 2182 911 2221 loco
931 2182 1003 2222 effe
1027 2182 1182 2223 debere.
