2243 3008
534 241 641 279 AD
699 239 1131 279 ATTICUM
1198 242 1339 283 LIB.
1389 243 1485 284 XII.
1629 260 1704 300 345·

321 337 555 383 Meffallam,
587 351 685 390 quos
707 336 876 375 Athenis
898 336 1053 376 futuros
1074 338 1203 383 audio,
1232 341 1395 391 majores
1419 343 1595 395 sumptus
1617 343 1701 381 fac-

316 412 441 447 turos,
473 415 591 454 quam
611 401 718 454 quod
739 415 786 440 ex
807 402 860 439 eis
882 402 1128 441 mercedibus
1150 403 1373 455 recipietur.
1419 407 1553 458 Itaque
1582 408 1702 446 velim

316 467 443 506 videas
478 468 669 520 primum,
701 467 956 505 conductores
989 468 1060 520 qui
1093 468 1182 513 fint,
1213 478 1251 506 et
1285 471 1451 520 quanti,
1484 471 1622 509 deinde
1657 482 1701 511 ut

314 533 361 570 fit
381 533 451 585 qui
471 533 517 571 ad
539 533 643 570 diem
665 533 813 578 solvat3
846 542 884 571 et
904 532 1002 585 quid
1021 533 1169 578 viatici,
1201 534 1298 586 quid
1318 534 1581 581 instrumenti,
1614 537 1700 575 satis

315 598 375 636 fit.
421 599 613 649 Jumento
642 609 746 637 certe
776 597 946 636 Athenis
978 597 1080 636 nihil
1110 612 1208 651 opus
1229 599 1309 638 est:
1342 601 1486 653 quibus
1509 611 1638 639 autem
1660 604 1701 640 in

314 664 376 702 via
397 673 542 710 utatur,
574 665 683 703 domi
710 665 801 704 sunt
819 665 946 718 plura,
977 678 1098 718 quam
1117 679 1215 718 opus
1237 675 1344 712 erat;
1376 667 1482 720 quod
1510 668 1628 707 ctiam
1659 678 1702 706 tu

314 730 604 770 animadvertis.

654 935 896 973 CICERO
937 935 1192 973 ATTICO
1235 935 1365 973 SAL.

315 1061 516 1101 XXXIII.
540 1059 607 1134 E
623 1063 662 1100 G
678 1063 731 1107 O,
763 1071 807 1101 ut
835 1061 921 1101 heri
949 1063 996 1100 ad
1026 1072 1064 1101 te
1085 1062 1229 1114 scripsi,
1262 1062 1287 1100 fi
1309 1072 1347 1100 et
1373 1062 1489 1101 Silius
1512 1063 1543 1101 is
1564 1063 1697 1109 fuerit,

637 1141 756 1180 quem
787 1137 830 1166 tu
860 1137 989 1180 putas,
1021 1142 1092 1166 nec
1114 1128 1265 1166 Drusus
1286 1127 1445 1166 facilem
1466 1129 1502 1167 se
1522 1130 1700 1182 praebue-

313 1192 380 1237 rit,
411 1192 697 1245 Damasippum
717 1193 838 1231 velim
857 1194 1093 1246 aggrediare.
1126 1195 1180 1238 Is,
1202 1194 1357 1245 opinor,
1386 1194 1439 1231 ita
1459 1204 1584 1247 partes
1605 1194 1702 1233 fecit

313 1256 355 1293 in
377 1257 460 1309 ripa
480 1257 609 1295 nescio
630 1267 894 1310 quotenorum
910 1260 1113 1311 jugerum,
1145 1268 1189 1296 ut
1220 1268 1324 1296 certa
1344 1260 1467 1311 pretia
1487 1260 1701 1298 constitue-

313 1330 399 1367 τοῖς
432 1336 518 1375 quae
538 1322 641 1361 mihi
661 1333 754 1361 nota
773 1337 852 1362 non
874 1324 963 1362 sunt
981 1340 991 1362 :
1024 1324 1166 1362 scribes
1187 1324 1234 1362 ad
1254 1338 1317 1362 me
1337 1325 1474 1376 igitur,
1505 1326 1702 1378 quidquid

313 1389 452 1441 egeris.
486 1388 752 1428 Vehementer
780 1403 844 1428 me
874 1390 1060 1429 sollicitat
1090 1391 1235 1429 Atticae
1262 1390 1396 1428 nostrae
1417 1391 1598 1429 valetudo
1614 1410 1625 1437 ς
1648 1401 1703 1431 ‘ut

312 1467 442 1492 verear
469 1455 589 1493 etiam
619 1469 668 1494 ne
695 1469 773 1508 qua
801 1456 918 1509 culpa
947 1457 1020 1495 fit:
1052 1455 1117 1494 sed
1146 1465 1185 1494 et
1213 1455 1415 1509 paedagogi
1445 1457 1633 1509 probitas,
1664 1467 1703 1496 et

313 1519 458 1556 medici
478 1520 686 1565 affiduitas‚
717 1529 756 1558 et
786 1529 868 1558 tota
897 1521 1038 1559 domus
1069 1522 1109 1559 in
1130 1522 1241 1559 omni
1261 1535 1401 1573 genere
1421 1522 1605 1574 diligens,
1637 1537 1702 1561 me

314 1583 442 1623 rursus
462 1584 502 1623 id
524 1585 706 1639 suspicari
726 1594 844 1625 vetat.
878 1587 983 1625 Cura
1001 1587 1146 1639 igitur:
1169 1586 1283 1640 plura
1302 1587 1409 1626 enirn
1431 1601 1509 1626 non
1530 1588 1698 1642 poss'um.

649 1789 890 1828 C1C13R0
931 1791 1186 1828 ATT1co
1228 1788 1358 1829 SAL.

311 1915 506 1956 XXXIV.
529 1913 597 1988 E
613 1917 650 1955 G
668 1917 704 1955 O
735 1916 802 1955 hic
822 1918 883 1956 vel
914 1917 991 1956 fine
1024 1918 1110 1956 Sica
1141 1917 1304 1969 (Tironi
1333 1919 1440 1956 enim
1462 1919 1602 1958 melius
1624 1919 1696 1970 est)

625 1981 818 2020 facillime
851 1982 1002 2034 poffem
1036 1982 1123 2028 effe,
1155 1991 1199 2020 ut
1233 1982 1274 2020 in
1309 1984 1421 2021 malis
1442 1999 1450 2022 ε
1491 1984 1567 2029 sed,
1605 1998 1699 2022 cum

311 2047 453 2086 scribas
473 2047 688 2087 videndum
708 2047 810 2086 mihi
827 2047 902 2087 esse
922 2060 971 2086 ne
991 2049 1205 2101 opprimar,
1234 2061 1282 2086 ex
1301 2063 1382 2102 quo
1402 2049 1638 2102 intelligam,
1662 2059 1700 2087 te

311 2123 465 2152 certum
485 2113 590 2152 diem
610 2114 719 2152 illius
739 2113 994 2166 profeffionis
1016 2128 1096 2153 non
1116 2113 1258 2152 habere
1274 2133 1286 2160 ς
1319 2116 1453 2167 putavi
1484 2115 1555 2152 effe
1585 2128 1697 2153 com-

310 2179 482 2224 modius,
515 2193 578 2218 me
598 2179 696 2218 istuc
716 2180 846 2218 venire
863 2199 874 2226 ς
906 2180 1014 2233 quod
1034 2181 1140 2219 idem
1161 2179 1273 2218 video
1295 2180 1368 2217 tibi
1390 2180 1554 2231 placere.
1603 2181 1698 2218 Cras

311 2244 434 2296 igitur
457 2245 498 2283 in
521 2245 615 2284 Sicae
645 2246 896 2285 suburbano:
928 2246 1034 2292 inde,
1066 2245 1403 2299 quemadmodum
1423 2245 1570 2290 suades,
1601 2255 1699 2297 puto

312 2321 377 2346 me
405 2310 446 2347 in
477 2311 672 2349 Ficulensi
696 2311 794 2350 fore.
839 2311 998 2363 Qibus
1018 2312 1065 2348 de
1086 2311 1201 2349 rebus
1222 2310 1267 2347 ad
1289 2323 1352 2348 me
1372 2310 1565 2363 scripsisti,
1597 2324 1700 2363 quo-

315 2373 421 2411 niam
442 2374 521 2427 ipse
540 2377 669 2422 venio,
701 2391 833 2416 coram
853 2377 1090 2415 videbimus.
1125 2378 1256 2416 Tuam
1277 2376 1439 2429 quidem
1460 2386 1497 2415 et
1519 2377 1558 2414 in
1580 2390 1699 2428 agen-

313 2438 373 2478 dis
395 2438 532 2478 nostris
553 2441 684 2487 rebus,
714 2452 754 2482 et
785 2443 828 2482 in
859 2443 1031 2483 consiliis
1064 2442 1245 2482 ineundis
1276 2442 1457 2494 mihique
1477 2442 1628 2487 dandis,
1660 2442 1702 2480 in

395 2504 528 2545 ΤοΜ.
559 2505 678 2546 VIII.
1303 2508 1339 2546 X
1370 2521 1395 2546 x
