2243 3008
583 243 691 281 AD
748 240 1180 279 ATTICUM
1248 241 1491 280 L113.x.
1654 243 1729 296 283

347 340 563 396 Hstant‘am
591 340 691 380 ducit
706 355 720 378 :
751 353 848 384 nam,
877 338 919 378 ni
929 353 941 376 ι
959 338 1015 376 ita
1018 335 1184 388 jaceret,
1214 352 1276 390 ego
1290 338 1397 391 prius
1419 353 1524 392 quam
1543 339 1594 379 ad
1609 340 1729 379 urbem

347 406 557 451 accederem,
587 405 782 458 ubicunque
801 404 892 457 effi’s,
921 403 972 442 ad
988 413 1023 442 te
1034 403 1298 457 percurrff’m,
1329 413 1365 442 et
1395 404 1457 442 hoc
1484 419 1507 442 a
1526 413 1562 442 te
1574 407 1732 457 praestns

345 471 599 525 contendffim‚
635 480 743 525 atque
775 471 870 510 omni
897 470 942 509 vi
972 480 1008 509 te
1037 469 1262 522 retinuffm.
1308 470 1438 509 Etiam
1468 478 1576 522 atque
1609 472 1729 516 etiam,

348 537 488 583 Cicero,
518 536 650 590 cogita,
679 550 722 575 ne
751 546 788 576 te
818 535 959 590 tuqsque
990 549 1102 574 omnes
1113 535 1291 587 funditus
1309 543 1482 578 evertas;
1514 549 1556 572 ne
1575 544 1610 572 te
1613 536 1732 586 sciens

326 603 563 657 «pruderffque
591 617 628 642 eo
659 601 839 647 demittas,
872 600 962 640 unde
989 601 1123 640 exitum
1141 600 1241 640 vides
1259 600 1394 639 nullum
1412 599 1486 652 effe.
1533 600 1682 651 Qodfi
1698 610 1733 638 te

345 676 413 708 aut
442 682 544 708 voces
577 667 802 721 optimatium
830 675 1060 711 commovent,
1089 674 1156 705 aut
1188 665 1433 705 nonnullorum
1463 664 1639 703 hominum
1673 665 1731 704 in-

332 734 526 786 filentiam
553 743 590 774 et
607 734 843 786 sublationem
859 733 972 785 serre
998 746 1066 771 non
1089 741 1206 785 potes,
1236 731 1345 784 eligas
1371 732 1483 784 cetfio
1512 730 1658 783 aliquod
1671 740 1731 783 op-

339 799 466 852 pidum
485 814 641 840 vacuum
658 814 682 839 a
707 799 805 845 bello,
834 798 916 838 dum
944 798 1022 837 haec
1048 797 1302 842 decernuntur,
1333 811 1415 849 quae
1420 795 1503 848 jam
1523 804 1631 834 erunt
1650 810 1729 834 con-

332 865 457 917 ficta.
504 866 553 905 Id
552 867 596 918 fi
596 865 750 918 feceris,
781 874 817 904 et
836 879 897 918 ego
917 873 953 903 te
958 864 1149 918 sapienter
1153 862 1280 917 ficff’
1285 862 1470 915 judicabo,
1500 870 1536 901 et
1558 861 1735 915 Caefhrem

348 943 417 969 non
435 930 599 984 offendes.

688 1131 932 1171 Cxcx-:Ro
973 1131 1228 1169 ATT1co
1264 1128 1395 1169 SAL.

349 1259 402 1298 X.
426 1258 571 1332 ME
612 1272 777 1304 caecum,
808 1260 878 1312 qui
909 1257 993 1297 haec
1024 1267 1113 1296 ante
1144 1272 1224 1297 non
1255 1258 1448 1297 viderim!
1491 1258 1585 1297 Mifi
1617 1258 1663 1297 ad
1693 1267 1736 1296 -te

549 1324 752 1378 epistolam
773 1325 956 1363 Antonii.
996 1324 1047 1362 Ei
1067 1337 1161 1362 cum
1180 1338 1253 1377 ego
1274 1324 1473 1377 saepiffime
1494 1323 1733 1378 scripfiss'em,

348 1389 452 1429 nihil
472 1404 537 1429 me
556 1400 692 1429 contra
712 1390 870 1429 Caesaris
891 1390 1059 1429 rationes
1089 1391 1260 1443 cogitare
1276 1409 1288 1436 ς
1320 1389 1539 1428 meminiffe
1569 1404 1634 1428 me
1664 1403 1734 1442 ge-

348 1456 433 1493 neri
453 1457 546 1500 mei,
577 1455 796 1494 meminisse
815 1456 998 1494 amicitiae
1014 1473 1026 1500 ;
1060 1455 1239 1508 potuiffe‚
1262 1455 1287 1493 fi
1308 1455 1420 1494 aliter
1441 1455 1637 1500 sentirem,
1663 1455 1736 1493 effe

348 1534 442 1558 cum
463 1521 681 1572 Pompeio;
714 1535 776 1559 me
807 1530 953 1566 autem,
984 1521 1076 1573 quia
1096 1533 1187 1558 cum
1209 1521 1414 1559 liftoribus
1434 1521 1582 1559 invitus
1603 1521 1732 1559 cursa-

349 1599 448 1631 rem,
479 1585 600 1624 abeffe
631 1586 745 1632 velle,
783 1599 854 1624 nec
887 1585 1059 1638 idipsum
1091 1595 1243 1624 certum
1275 1587 1395 1624 etiam
1426 1600 1532 1624 nunc
1563 1586 1704 1625 habere
1720 1605 1733 1632 ς

349 1651 438 1691 vide
458 1665 578 1704 quam
597 1651 644 1689 ad
663 1651 747 1691 haec
766 1646 945 1703 προινικῶς
961 1666 971 1690 :

405 1715 523 1756 ‘Tuum
542 1717 715 1769 cotfilium
736 1731 841 1771 quam
861 1730 987 1755 verum
1007 1715 1052 1768 est
1069 1716 1089 1754 ,ἒ
1119 1718 1219 1756 Nam
1249 1716 1359 1770 quise
1384 1715 1530 1754 medium
1559 1715 1620 1769 effi
1638 1718 1736 1762 vult,

349 1782 387 1821 in
400 1783 532 1836 patria
551 1792 671 1821 manet
688 1801 700 1828 ς
732 1783 795 1836 qui
804 1782 1059 1836 prqficiscitun
1089 1781 1228 1835 aliquid
1241 1781 1282 1820 de
1297 1782 1417 1821 altera
1435 1791 1523 1820 utra
1536 1791 1650 1835 parte
1666 1782 1737 1835 ju-

350 1847 471 1887 dicare
499 1847 660 1887 videtur.
707 1847 779 1887 Sed
793 1861 854 1900 ego
880 1847 910 1885 is
929 1861 996 1886 non
1002 1848 1103 1899 sum,
1135 1847 1198 1900 qui
1196 1847 1363 1899 statuere
1382 1846 1533 1892 debeam,
1553 1847 1642 1899 jure
1661 1849 1738 1900 quis

343 1913 609 1968 prqficfiatur,
630 1928 772 1954 nec-ne.
802 1915 941 1954 Partes
958 1913 1048 1952 mihi
1065 1913 1189 1968 Caesar
1208 1913 1274 1952 has
1290 1913 1466 1966 imposuit,
1487 1928 1529 1952 ne
1548 1927 1647 1966 quem
1665 1928 1736 1952 om-

350 1979 432 2019 nino
449 1979 620 2031 dfiedere
637 1995 681 2019 ex
702 1981 816 2020 Italia
825 1988 980 2033 paterer
997 1994 1011 2017 :
1042 1993 1154 2032 quare
1166 1979 1289 2033 parvi
1303 1979 1420 2031 refert
1439 1993 1491 2017 me
1502 1979 1660 2032 probare
1679 1994 1738 2018 co-

346 2043 560 2097 gitationem
587 2055 704 2091 tuam,
719 2046 763 2097 st
788 2045 883 2084 nihil
906 2053 1024 2083 tamen
1055 2043 1126 2083 tibi
1141 2044 1324 2089 remittere
1337 2043 1484 2097 pqfficm.
1532 2044 1600 2083 Ad
1615 2046 1738 2096 Caesa-

350 2124 426 2149 rem
445 2111 571 2150 mittas
597 2113 724 2164 cetfi’o,
755 2121 791 2151 et
821 2112 867 2151 ab
885 2125 922 2149 eo
940 2111 1003 2150 hoc
1016 2119 1122 2163 petas
1137 2125 1150 2149 :
1184 2125 1250 2150 non
1270 2110 1391 2149 dubito
1411 2111 1495 2163 quin
1519 2111 1738 2162 impetratu-

352 2189 416 2214 rus
419 2177 490 2227 fis,
521 2191 599 2216 cum
611 2179 818 2233 praesertim
838 2186 874 2216 te
892 2177 1062 2216 amicitia>
1080 2176 1206 2229 nostrae
1231 2177 1405 2215 rationem
1436 2175 1646 2214 habiturum
1678 2175 1739 2228 eff’

332 2272 334 2274 .
347 2241 561 2293 pollicearis.

354 2306 489 2345 Habes
510 2305 690 2345 σκυτάλῖω
711 2305 906 2349 Λακωνικήν.
951 2308 1132 2346 Omnino
1155 2307 1350 2360 excipiam
1377 2305 1597 2345 hominem.
1645 2307 1739 2346 Erat

355 2381 486 2409 autem
510 2385 532 2409 v
555 2373 666 2411 Non.
689 2383 876 2412 venturus
898 2374 1059 2426 vesperi,
1092 2373 1131 2411 id
1157 2373 1225 2418 est,
1257 2372 1402 2412 hodie:
1434 2386 1516 2411 cras
1544 2373 1666 2425 igitur
1691 2374 1738 2410 ad

355 2450 420 2475 me
440 2435 593 2475 fortaffe
621 2438 766 2476 veniet.
812 2440 1011 2484 Tentabo,
1042 2453 1085 2477 ac
1115 2439 1260 2484 dicam,
1291 2453 1354 2477 me
1385 2438 1486 2476 nihil
1506 2452 1736 2490 prope1·are;

358 2501 564 2541 missurum
596 2502 645 2540 ad
679 2503 896 2544 Caesarem:
929 2505 1031 2543 clam
1066 2505 1161 2550 ibo3
1198 2518 1291 2543 curn
1325 2503 1561 2556 pauciffimis
1595 2503 1741 2543 alicubi

1290 2570 1328 2606 N
1361 2582 1386 2605 n
1418 2581 1439 2606 2
