2243 3008
519 235 626 274 AD
684 229 1116 272 ATTICUM
1186 235 1326 273 LIB.
1379 238 1492 276 VIII.
1625 250 1700 290 227

310 344 463 390 tempore
481 335 683 387 contingit5
716 333 810 387 quod
834 342 868 371 et
897 347 1062 385 magnam
1080 342 1227 386 partem
1258 336 1380 374 Italiae
1407 339 1529 391 Caeslzr
1549 348 1695 391 occupa-

311 401 397 445 vit;
429 409 464 438 et
494 413 556 437 nos
583 413 651 437 non
678 398 843 437 habemus
868 398 1060 436 exercitum
1082 407 1158 436 tam
1176 401 1343 452 amplum,
1375 415 1481 453 neque
1500 412 1574 440 tam
1594 418 1696 455 mag-

312 480 409 510 num,
439 478 544 518 quam
563 464 632 503 ille.
664 466 794 518 Itaque
813 464 910 502 nobis
923 462 1182 516 providendum
1201 465 1258 518 est,
1290 475 1332 504 ut
1337 467 1516 519 fitmmam
1537 469 1695 521 Reipub-

311 530 387 569 licae
416 530 589 568 rationem
615 529 817 568 habeamus.
865 529 991 567 Etiam
1021 538 1129 582 atque
1162 531 1268 569 etiam
1301 540 1336 569 te
1370 531 1507 576 hortor,
1545 542 1587 570 ut
1620 547 1697 571 cum

309 596 406 635 omni
420 595 519 648 copia
537 596 797 649 quamprimum
815 594 867 634 ad
879 609 932 634 me
950 595 1087 634 venias.
1135 595 1313 649 Poſjumus
1337 597 1445 636 etiam
1471 612 1565 636 nunc
1591 599 1696 636 Rem-

303 661 486 715 publicam
504 662 652 715 erigere,
667 663 711 714 fi
725 661 899 701 communi
913 661 1045 713 coasilio
1067 662 1245 715 negotium
1274 662 1591 714 adminfimbimus
1608 680 1621 703 .·
1637 665 1700 716 stu

310 727 560 780 distrahentur,
591 728 729 780 infirmi
742 728 885 767 erimus.
916 726 1021 765 Mihi
1035 727 1099 766 hoc
1117 727 1341 782 coustitutum
1359 729 1416 782 est.

365 794 441 832 His
472 793 588 833 literis
602 794 771 848 scriptis,
802 793 886 832 Sica
911 808 935 832 a
964 802 1000 832 te
1028 793 1119 832 mihi
1138 794 1264 833 literas
1294 795 1425 834 attulit
1453 803 1488 834 et
1513 793 1698 833 mandata.

312 859 419 912 Qod
431 873 484 898 me
501 859 663 906 hortare,
693 868 736 899 ut
754 860 839 914 istuc
858 859 1012 904 veniam,
1043 859 1084 897 id
1098 873 1151 898 me
1153 860 1286 912 facere
1307 875 1374 900 non
1404 861 1569 900 arbitror
1580 861 1672 914 poffl
1685 879 1697 905 ς

314 924 408 979 quod
420 938 489 964 non
511 930 720 979 magnopere
737 914 792 964 his
809 924 998 978 legionibus
1016 924 1159 977 confido.

367 1124 450 1165 CN.
482 1126 692 1165 MAGNUS
726 1126 918 1166 Pnocos.
961 1127 999 1166 S.
1033 1128 1087 1167 D.
1121 1129 1170 1167 L.
1204 1122 1424 1166 Domwo
1457 1126 1650 1168 P‘Rocos.

316 1253 416 1330 LI
428 1250 511 1293 TE
524 1256 619 1294 RAE
647 1253 738 1293 mihi
761 1269 788 1293 a
815 1263 850 1293 te
877 1253 1132 1306 redditaestmt
1157 1269 1207 1295 a.·
1225 1254 1260 1296 d.
1288 1257 1367 1293 Χίιι
1391 1257 1480 1296 Kal.
1516 1258 1643 1295 Mart.
1666 1257 1704 1295 in

419 1321 544 1375 quibus
549 1320 698 1377 scribis,
731 1321 913 1375 Caesarem>
925 1321 1026 1374 apud
1048 1321 1244 1374 Corfinium
1271 1322 1388 1377 castra
1405 1322 1560 1376 poficsse.
1606 1323 1711 1375 Qod

308 1387 453 1441 putavi
467 1397 504 1427 et
515 1387 730 1441 praemonui3
739 1387 807 1440 fit,
829 1397 872 1427 ut
890 1402 952 1427 nec
971 1388 1009 1426 in
1021 1388 1222 1442 praesentia
1239 1388 1454 1428 committere
1472 1398 1587 1427 tecum
1598 1397 1704 1441 prae-

314 1453 402 1493 lium
421 1454 511 1494 velit
525 1472 538 1499 3
569 1462 618 1499 et,
649 1453 802 1492 omnibus
823 1454 928 1508 copiis
947 1453 1137 1500 conduz‘lis,
1169 1464 1204 1494 te
1232 1454 1398 1509 implicet,
1429 1469 1478 1494 ne
1488 1454 1541 1493 ad
1554 1469 1606 1493 me
1635 1455 1708 1493 iter

316 1519 515 1573 expeditum
533 1519 604 1558 tibi
603 1520 675 1571 fit,
705 1529 814 1572 atque
842 1519 924 1574 istas
949 1520 1068 1573 copim·
1096 1521 1306 1574 corgjun'gere
1334 1521 1545 1574 op'timorum
1574 1520 1707 1560 civium

308 1586 413 1639 poffis
446 1600 525 1625 cum
557 1585 612 1623 his
644 1585 847 1638 legionibus,
889 1585 930 1624 de
961 1600 1121 1640 quarunt
1147 1587 1338 1627 voluntate
1367 1583 1598 1626 dubitamus:
1642 1601 1709 1641 quo

315 1651 424 1690 etiam
442 1650 555 1704 magis
574 1650 647 1689 tuis
664 1650 780 1689 literis
783 1652 871 1704 sum
889 1660 1089 1691 commotus.
1137 1653 1260 1706 Neque
1289 1653 1379 1692 enim
1405 1667 1523 1692 eorum
1541 1653 1708 1698 militum,

318 1731 402 1773 quos
421 1731 552 1756 mecum
580 1716 702 1761 habeo,
733 1717 921 1756 voluntati
926 1718 1026 1771 satis
1054 1718 1199 1771 confido,
1229 1727 1272 1757 ut
1300 1718 1341 1757 de
1365 1719 1522 1758 omnibus
1536 1717 1709 1772 fortunis

317 1782 536 1836 Reipublicae
553 1780 708 1820 dimicem
724 1798 736 1826 ς
767 1795 877 1836 neque
896 1783 1016 1827 etiam',
1038 1782 1101 1836 qui
1117 1788 1160 1822 ex
1175 1782 1367 1823 deleuibus·
1378 1783 1668 1837 corgfcrtjotistmt
1686 1797 1711 1821 a

319 1847 539 1902 Cotfidibus,
569 1857 826 1888 convenerunt.
872 1849 996 1900 Qare
1024 1848 1070 1887 da
1098 1858 1252 1902 operam,
1268 1850 1312 1901 fi
1338 1850 1410 1889 ulla
1437 1850 1576 1889 ratione
1601 1849 1709 1888 etiam

318 1926 414 1954 nunc
431 1914 563 1967 efficere
574 1922 702 1967 potess
720 1923 762 1952 ut
793 1923 829 1953 te
855 1915 1015 1968 explices,
1045 1914 1116 1955 huc
1146 1916 1406 1970 quamprimum
1435 1916 1573 1961 venias,
1603 1923 1708 1954 ante-

319 1994 426 2034 quam
444 1994 557 2019 omnes
575 1980 683 2034 copiae
700 1979 948 2035 adversarium
965 1981 1194 2022 conveniant.
1235 1983 1363 2036 Neque
1380 1982 1469 2021 enim
1488 1970 1649 2020 celeriter
1667 1995 1710 2020 ex

322 2046 508 2086 deleb't'ibus
524 2046 595 2086 huc
613 2046 766 2086 homiues
783 2046 973 2087 convenire
983 2047 1151 2102 poffurit;
1182 2057 1232 2095 et,
1247 2049 1291 2101 st
1315 2048 1560 2093 convenirent,
1591 2061 1707 2101 quan-

320 2121 400 2151 tum
425 2112 468 2151 iis
487 2112 771 2152 committendum
774 2114 845 2166 fit,
875 2113 970 2167 quod
983 2114 1130 2169 interst
1148 2129 1191 2156 ne
1208 2116 1288 2156 noti
1303 2114 1439 2170 quidem
1442 2115 1552 2168 stmt,
1581 2121 1710 2153 contra

320 2186 514 2220 veteranas
526 2180 690 2236 'legiouesu
720 2193 790 2221 non
809 2190 846 2221 te
857 2180 1048 2235 praeterit.

1280 2501 1410 2542 Ffz
