2243 3008
549 253 657 292 AD
715 251 1149 290 ATTIcuM
1218 254 1506 294 L1B.X11.
1643 270 1719 310 347

325 366 446 406 quam
467 361 518 390 te.
551 351 590 389 Si
613 351 687 389 tibi
708 364 781 396 res,
811 350 838 388 fi
860 351 985 396 locus,
1008 351 1034 389 fi
1056 350 1296 396 institutum,
1319 353 1462 405 placet,
1484 354 1584 406 lege,
1607 369 1715 407 quae-

326 418 381 463 so,
403 418 547 470 legem,
569 415 750 467 mihique
770 428 855 454 eam
876 417 1006 455 mitte.
1040 417 1080 454 Si
1100 416 1196 469 quid
1217 416 1258 454 in
1279 428 1454 456 mentem
1475 420 1618 465 veniet,
1636 434 1717 472 quo

325 483 446 521 modo
479 496 564 521 eam
597 482 768 534 effugere
802 482 1005 534 posfimus,
1036 492 1207 521 utemur.
1255 482 1320 520 Ad
1354 483 1521 521 Brutum
1557 485 1582 522 fi
1618 485 1714 536 quid

323 549 483 593 scribes,
507 548 576 586 nifi
597 548 771 586 alienum
791 549 964 600 putabis,
987 548 1195 600 objurgato
1215 561 1321 593 eum,
1344 548 1450 600 quod
1471 549 1511 586 in
1535 551 1715 588 Cumano

323 613 396 651 effe
417 613 589 651 noluerit
610 621 769 665 propter
793 625 879 650 eam
906 612 1075 657 causam,
1106 625 1226 665 quam
1256 612 1331 650 tibi
1361 612 1491 650 dixit:
1524 614 1721 666 cogitanti¹

323 679 431 717 enim
453 677 555 716 mihi
576 677 678 716 nihil
701 687 781 716 tam
801 677 956 717 videtur
975 677 1142 730 potuiffe
1161 676 1287 716 facere
1308 677 1462 716 rustice.
1496 679 1563 723 Et,
1593 679 1619 716 sl
1642 679 1715 716 tibi

324 744 497 797 placebit
518 744 568 782 fic
588 757 699 796 agere
719 744 766 781 de
786 742 878 782 fano
898 753 944 782 ut
962 744 1173 796 coepimus,
1200 743 1321 781 velim
1341 742 1546 781 cohortere
1566 753 1604 782 et
1625 758 1715 782 exa-

325 823 416 848 cuas
439 810 673 848 Cluatium:
707 823 812 855 nam,
844 811 964 848 etiam
985 809 1011 848 fi
1032 809 1109 848 alio
1136 810 1225 848 loco
1246 809 1431 862 placebit,
1462 810 1571 848 illius
1602 810 1715 848 nobis

325 889 442 930 opera
461 877 702 929 consilioque
724 875 917 914 utendum
938 885 1050 929 puto.
1082 877 1151 914 Tu
1171 875 1218 913 ad
1237 875 1375 914 villam
1394 875 1546 914 fortaffe
1566 889 1663 914 cras.

664 1079 907 1118 CICERO
948 1079 1204 1116 ATT1co
1246 1078 1376 1117 SAL.

324 1207 543 1245 XXXVII.
569 1205 648 1279 Α
671 1208 757 1245 ΤΕ
788 1205 873 1245 heri
904 1207 997 1244 duas
1027 1205 1206 1259 epistolas
1231 1208 1378 1259 accepi,
1411 1206 1569 1244 alteram
1592 1207 1716 1260 pridie

679 1272 808 1311 datam
838 1272 996 1317 Hilaro,
1028 1272 1189 1310 alteram
1221 1273 1359 1311 eodem
1392 1273 1454 1310 die
1484 1273 1714 1318 tabellario;

325 1338 538 1392 accepique
556 1328 617 1377 'ab
638 1340 813 1391 AEgypta
842 1338 986 1376 liberto
1018 1337 1157 1376 eodem
1189 1338 1266 1383 die,
1299 1339 1442 1376 Piliam
1474 1348 1512 1376 et
1539 1339 1718 1377 Atticam

325 1405 441 1459 plane
462 1404 565 1443 belle
585 1404 622 1444 se
642 1404 800 1444 habere.
846 1405 922 1443 Hae
954 1404 1076 1443 literae
1096 1403 1199 1443 mihi
1219 1405 1378 1443 redditae
1400 1405 1489 1442 sunt
1510 1405 1626 1443 tertio
1646 1405 1715 1443 de-

325 1471 433 1509 cimo
454 1470 531 1509 die.
575 1470 696 1522 Qod
725 1469 829 1509 mihi
860 1471 972 1508 Bruti
1000 1470 1145 1515 literas,
1176 1480 1361 1522 gratum;
1393 1470 1440 1508 ad
1469 1485 1534 1509 me
1560 1484 1719 1524 quoque

325 1536 459 1575 mifit:
491 1548 577 1573 eam
608 1536 732 1587 ipsam
763 1536 809 1573 ad
843 1544 881 1573 te
900 1535 1104 1588 epistolam
1125 1535 1225 1580 mili,
1257 1545 1296 1573 et
1316 1536 1362 1573 ad
1383 1549 1467 1574 eam
1488 1537 1718 1589 exemplum

325 1614 505 1640 mearum
533 1600 751 1639 literarum.
797 1601 861 1639 De
889 1599 996 1646 fano,
1027 1601 1055 1639 fi
1076 1600 1178 1639 nihil
1199 1600 1301 1639 mihi
1321 1601 1529 1640 hortorum
1549 1603 1718 1647 invenis,

328 1667 419 1720 (qui
450 1665 613 1719 quidem
646 1667 721 1705 tibi
753 1667 981 1705 inveniendi
1015 1667 1119 1712 sunt,
1151 1667 1177 1704 fi
1211 1681 1273 1705 me
1305 1668 1405 1706 tanti
1435 1666 1547 1713 facis,
1579 1669 1718 1720 quanti

326 1742 431 1771 certe
450 1731 566 1783 facis)
589 1732 700 1771 valde
720 1733 846 1785 probo
866 1734 1059 1771 rationem
1081 1742 1189 1771 tuam
1209 1733 1256 1771 de
1277 1733 1519 1772 Tusculano.
1562 1734 1718 1786 Qam-

324 1798 384 1837 vis
415 1797 587 1851 prudens
619 1798 667 1836 ad
697 1798 956 1851 cogitandum
988 1798 1049 1843 fis,
1081 1798 1179 1836 sicut
1205 1812 1260 1844 es,
1293 1807 1438 1844 tamen,
1469 1798 1540 1836 nifi
1567 1812 1718 1851 magnae

326 1877 429 1902 curae
450 1863 526 1902 tibi
546 1863 651 1909 esset,
683 1872 728 1902 ut
759 1878 833 1917 ego
864 1864 1119 1916 consequerer
1149 1863 1205 1909 id,
1236 1864 1344 1917 quod
1375 1877 1613 1917 magnopere
1633 1865 1718 1903 vel-

326 1930 422 1976 lem,
453 1943 659 1983 nunquam
679 1944 722 1968 ea
744 1944 801 1969 res
823 1931 898 1969 tibi
920 1941 1000 1969 tam
1022 1930 1124 1968 belle
1144 1930 1186 1968 in
1207 1939 1384 1968 mentem
1404 1931 1536 1969 venire
1567 1931 1720 1984 potuis-

328 1998 397 2036 set.
445 1996 518 2035 Sed
542 1997 672 2036 nescio
693 2010 773 2050 quo
793 1999 905 2050 pacto
925 1997 1193 2036 celebritatem
1215 1998 1372 2049 requiro
1390 2013 1399 2035 :
1433 1997 1564 2050 itaque
1584 1997 1720 2037 hortos

326 2062 429 2101 mihi
450 2063 650 2109 conficias,
683 2064 829 2102 neceffe
850 2064 917 2102 est.
953 2064 1134 2102 Maxima
1153 2063 1207 2101 est
1227 2064 1268 2101 in
1290 2064 1463 2117 Scapulae
1484 2064 1687 2102 celebritas
1704 2083 1717 2110 ;

327 2129 602 2183 propinquitas
623 2139 805 2183 praeterea
825 2130 894 2168 ubi
916 2129 978 2175 fis,
1010 2143 1058 2168 ne
1081 2138 1210 2168 totum
1233 2130 1337 2167 diem
1359 2130 1400 2167 in
1422 2129 1572 2167 villam.
1608 2131 1719 2182 Qa-

328 2209 383 2241 re,
414 2205 624 2248 antequam
645 2195 826 2241 discedis,
849 2195 1070 2242 Othonem,
1104 2196 1129 2234 fi
1152 2197 1290 2234 Romae
1311 2194 1378 2240 est,
1401 2195 1608 2232 convenias
1630 2209 1719 2247 per-

328 2261 464 2299 velim.
497 2261 536 2299 Si
557 2260 660 2299 nihil
680 2263 768 2307 erit,
797 2263 864 2301 etsi
887 2271 929 2300 tu
951 2275 1079 2300 meam
1099 2261 1307 2299 stultitiam
1328 2259 1517 2298 consuesti
1539 2259 1652 2305 ferre,
1674 2274 1720 2299 eo

329 2334 461 2363 tamen
482 2327 721 2379 progrediar,
748 2329 807 2366 uti
829 2327 1067 2366 stomachere
1086 2341 1094 2364 :
1130 2326 1281 2364 Drusus
1302 2327 1409 2364 enim
1431 2335 1534 2364 certe
1553 2327 1719 2365 vendere

331 2390 432 2429 vult.
480 2391 519 2429 Si
539 2405 631 2444 ergo
651 2393 758 2431 aliud
778 2395 867 2439 erit,
900 2405 977 2431 non
1000 2406 1086 2431 mea
1106 2393 1180 2430 erit
1200 2392 1330 2445 culpa,
1362 2393 1432 2430 nifi
1453 2407 1610 2438 emero,
1644 2407 1721 2445 qua

332 2457 374 2495 in
396 2469 435 2494 re
456 2469 504 2494 ne
524 2457 644 2502 labar,
671 2459 800 2510 quaeso
819 2460 995 2512 provide.
1030 2459 1265 2497 Providendi
1286 2468 1418 2497 autem
1439 2472 1515 2497 una
1535 2459 1633 2496 ratio
1652 2459 1720 2504 est,

336 2522 363 2561 fi
385 2521 482 2575 quid
503 2522 549 2560 de
571 2523 797 2576 Scapulanis
818 2525 1034 2577 possumuS.
1067 2525 1120 2563 Et
1141 2525 1260 2563 velim
1282 2537 1345 2562 me
1366 2525 1570 2562 certiorem
1591 2522 1724 2570 facias,

1278 2589 1316 2626 X
1347 2602 1371 2626 x
1405 2602 1425 2627 2
