2243 3008
489 275 596 314 AD
655 272 1086 314 ATTICUM
1152 274 1297 316 LIB.
1346 277 1423 319 IX.
1579 280 1653 319 261

603 509 847 548 C1cnno
887 509 1143 547 ATTxco
1184 510 1315 549 SAL.

263 635 356 675 XV.
381 633 449 708 C
463 635 564 674 UM
593 635 778 675 dediffem
797 635 844 674 ad
866 645 904 674 te
922 635 1068 682 literas,
1091 645 1135 674 ut
1155 635 1270 675 scires
1292 636 1482 676 Caesarem
1504 639 1650 692 Capuae

483 714 548 739 vu
573 701 740 739 Kalend.
763 700 862 746 fore,
885 701 1008 739 allatae
1029 699 1130 739 mihi
1152 701 1287 754 Capua
1306 701 1396 740 sunt
1417 703 1537 741 literae
1557 717 1649 742 eum

260 766 303 804 in
324 767 482 805 Albano
502 767 604 820 apud
625 768 841 805 Curionem
863 781 887 804 v
910 767 1078 805 Kalend.
1101 766 1198 805 fore.
1245 768 1352 805 Eum
1379 781 1472 807 cum
1498 769 1649 814 videro,

262 833 463 884 Arpinum
485 845 657 884 pergam.
705 833 744 870 Si
768 831 869 870 mihi
891 832 1059 877 veniam,
1090 845 1209 884 quam
1229 842 1336 885 peto,
1367 833 1532 879 dederit,
1564 843 1652 872 utar

262 897 372 935 illius
404 897 632 935 conditione
651 913 660 936 :
693 897 747 935 sm
783 898 930 942 minus,
962 897 1182 949 impetrabo
1215 898 1365 950 aliquid
1399 912 1419 936 a
1453 913 1516 936 me
1547 899 1647 952 ipso.

263 962 351 1008 Ille,
374 973 418 1001 ut
438 963 485 1000 ad
505 977 568 1001 me
588 963 751 1015 scripfit,
782 963 955 1016 legiones
977 963 1144 1015 fingulas
1165 963 1295 1015 posuit
1315 965 1539 1010 Brundusii,
1565 966 1650 1003 Ta-

262 1029 378 1073 renti,
402 1029 570 1081 Siponti.
604 1028 794 1066 Claudere
813 1028 915 1066 mihi
934 1028 1089 1067 videtur
1109 1029 1328 1067 maritimos
1348 1030 1500 1075 exitus;
1531 1039 1569 1068 et
1589 1040 1649 1068 ta-

261 1107 354 1131 men
375 1093 455 1146 ipse
476 1094 672 1131 Graeciam
693 1093 859 1146 spe&are
878 1094 1027 1146 potius,
1058 1107 1177 1145 quam
1198 1093 1423 1146 Hispanias.
1468 1095 1539 1132 Sed
1567 1094 1650 1134 haec

262 1159 420 1210 longius
441 1158 595 1196 absunt.
628 1159 700 1195 Me
721 1172 826 1195 nunc
842 1168 881 1196 et
901 1158 1122 1209 congressus
1143 1157 1262 1210 hujus
1283 1158 1472 1205 stimulat,
1493 1161 1543 1212 (is
1560 1174 1651 1199 vero

261 1222 381 1273 adest)
404 1232 443 1260 et
462 1223 608 1274 primas
628 1223 711 1274 ejus
732 1223 900 1260 aeliones
922 1221 1076 1260 horreo.
1120 1222 1240 1260 Volet
1267 1223 1375 1260 enim
1404 1224 1519 1262 credo
1541 1225 1650 1263 sena-

261 1288 578 1326 tus-consultum
608 1287 760 1326 facere:
793 1288 898 1326 volet
930 1289 1142 1339 Augurum
1175 1287 1406 1326 decretum:
1439 1290 1650 1342 rapiemur,

262 1362 330 1391 aut
362 1353 537 1391 absentes
570 1353 826 1392 vexabimur:
858 1353 919 1390 vel
954 1362 999 1390 ut
1030 1351 1221 1390 Consules
1253 1363 1364 1405 roget
1396 1353 1558 1398 Praetor,
1588 1355 1650 1393 vel

263 1419 507 1457 Diitatorem
528 1419 659 1463 dicat;
692 1433 863 1472 quorum
883 1428 1069 1457 neutrum
1085 1419 1151 1470 jus
1172 1417 1238 1457 est.
1284 1418 1371 1464 Sed,
1404 1418 1430 1456 s1
1452 1419 1556 1470 Sylla
1575 1434 1650 1473 po-

261 1485 340 1522 tuit
371 1485 524 1522 efficere
554 1484 602 1522 ab
636 1485 833 1536 Interrege
865 1493 910 1523 ut
941 1484 1123 1522 Dictator
1153 1483 1363 1529 diceretur,
1393 1496 1464 1521 cur
1482 1483 1550 1522 hic
1572 1498 1652 1523 non

262 1549 404 1601 poffit?
427 1548 546 1587 Nihil
566 1549 747 1601 expedio,
771 1549 840 1587 nisi
862 1558 906 1587 ut
926 1557 992 1587 aut
1012 1548 1059 1586 ab
1080 1547 1172 1593 hoc,
1190 1557 1377 1601 tanquam
1395 1549 1648 1600 QMucius,

262 1624 329 1652 aut
350 1615 397 1652 ab
418 1615 504 1660 illo,
536 1623 724 1666 tanquam
744 1616 794 1653 L.
818 1615 965 1667 Scipio.
999 1614 1105 1651 Cum
1127 1622 1170 1651 tu
1190 1612 1273 1652 haec
1293 1614 1414 1666 leges,
1440 1628 1513 1666 ego
1533 1615 1650 1654 illum

262 1678 414 1717 fortasse
434 1692 668 1717 convenero.
712 1675 843 1718 τέτλα,
870 1675 1017 1726 κύντερον.
1060 1677 1126 1715 Ne
1154 1677 1256 1715 illud
1285 1678 1447 1730 quidem
1474 1679 1651 1718 nostrum

262 1745 494 1797 proprium:
527 1753 607 1782 erat
634 1744 741 1782 enim
768 1742 850 1795 spes
878 1742 1094 1794 propinqui
1123 1742 1299 1788 reditus;
1331 1752 1411 1781 erat
1436 1742 1651 1783 hominum

263 1810 433 1862 querela.
480 1809 603 1847 Nunc
632 1809 737 1847 exire
766 1807 979 1859 cupimus;
1011 1820 1088 1859 qua
1113 1806 1178 1859 spe
1198 1807 1344 1845 reditus
1365 1807 1466 1845 mihi
1487 1808 1651 1860 quidem

264 1888 467 1928 nunquam
487 1876 527 1912 in
549 1883 724 1912 mentem
745 1874 866 1911 venit.
900 1873 995 1912 Non
1012 1872 1131 1911 modo
1146 1881 1277 1911 autem
1298 1873 1407 1911 nulla
1422 1874 1580 1925 querela
1598 1874 1652 1912 est

263 1940 567 1992 municipalium
587 1939 815 1983 hominum,
845 1951 888 1975 ac
913 1938 1163 1983 rusticorum,
1194 1937 1258 1975 sed
1287 1947 1423 1976 contra
1450 1948 1651 1985 metuunt,

265 2016 307 2044 ut
328 2005 543 2051 crudelem,
569 2006 727 2044 iratum.
759 2005 848 2043 Nec
869 2013 1000 2042 tamen
1021 2002 1124 2042 mihi
1144 2003 1362 2056 quidquam
1383 2003 1436 2041 est
1456 2004 1649 2051 miserius,

263 2086 382 2125 quam
404 2071 640 2117 remanfiffe3
663 2085 734 2110 nec
755 2070 942 2124 optatius,
964 2083 1084 2122 quam
1104 2069 1270 2115 evolare,
1292 2083 1372 2108 non
1394 2079 1475 2108 tam
1494 2071 1541 2108 ad
1562 2071 1649 2109 bel-

264 2138 307 2182 li,
329 2151 447 2190 quam
467 2137 513 2175 ad
533 2137 651 2190 fugae,
684 2137 923 2176 societatem.
956 2135 1028 2174 Sed
1050 2145 1093 2174 tu
1114 2136 1248 2174 omnia
1267 2135 1426 2173 confilia
1445 2135 1649 2174 differebas

265 2203 305 2240 in
326 2203 366 2240 id
387 2214 558 2256 tempus,
589 2217 683 2241 cum
704 2203 906 2247 sciremus,
937 2215 1024 2254 quae
1046 2201 1253 2240 Brundufii
1282 2202 1363 2238 aera
1382 2200 1516 2238 effent.
1562 2201 1648 2239 Sci-

265 2282 352 2306 mus
381 2282 548 2321 nempe:
580 2268 771 2307 haeremus
805 2267 933 2306 nihilo
964 2268 1112 2305 minus.
1155 2267 1235 2303 Vix
1267 2265 1374 2302 enim
1406 2265 1515 2317 spero
1546 2265 1649 2304 mihi

266 2332 372 2370 hunc
394 2334 546 2371 veniam
566 2333 765 2378 daturum,
786 2332 852 2370 ets1
873 2331 1000 2369 multa
1019 2330 1137 2368 affero
1151 2329 1254 2381 justa
1273 2329 1321 2366 ad
1340 2329 1647 2380 impetrandum.

266 2397 338 2434 Sed
371 2396 444 2434 tibi
475 2410 634 2435 omnem
665 2398 772 2435 illius
805 2409 1018 2449 meumque
1047 2395 1281 2439 sermonem,
1312 2394 1498 2432 omnibus
1520 2396 1647 2433 verbis

266 2460 499 2513 expressum,
530 2460 658 2498 statim
679 2462 850 2500 mittam.
897 2463 964 2499 Tu
994 2474 1101 2498 nunc
1127 2460 1239 2498 omni
1263 2472 1392 2497 amore
1412 2460 1573 2503 enitere,
1604 2468 1648 2496 ut

267 2540 336 2566 nos
358 2539 449 2564 cura
470 2535 535 2565 tua
554 2535 592 2564 et
613 2526 959 2578 prudentiajuves.
1006 2527 1066 2564 Ita
1094 2525 1223 2564 subito
1244 2524 1427 2569 accurrit,
1459 2533 1501 2561 ut
1522 2537 1569 2561 ne
1591 2526 1646 2562 T.
