2243 3008
563 290 669 328 AD
730 288 1160 327 ATTICUM
1224 289 1495 330 LIB.III.
1675 295 1724 347 87

340 388 531 442 scripsisti,
576 403 667 426 eum
708 397 836 426 totum
877 388 949 426 effe
988 389 1028 426 in
1065 388 1173 426 illius
1208 389 1405 442 potestate.
1458 393 1520 430 De
1554 394 1724 433 Metello

338 454 486 506 scripsit
507 453 553 491 ad
576 467 638 491 me
659 453 791 498 frater,
822 463 1017 506 quantum
1038 453 1218 506 speraret,
1249 455 1470 506 profee'tum
1491 458 1561 496 effe
1582 473 1649 511 per
1670 470 1720 499 te.

337 518 403 555 Mi
426 518 636 570 Pomponi,
668 531 799 570 pugna
826 528 870 556 ut
901 527 1032 556 tecum
1060 527 1099 555 et
1131 531 1224 555 cum
1255 520 1353 557 meis
1385 520 1486 559 mihi
1518 523 1633 561 liceat
1662 526 1722 562 vi-

335 596 436 627 vere,
467 592 506 621 et
533 583 657 621 scribe
676 583 722 620 ad
752 597 816 621 me
838 584 986 621 omnia.
1033 584 1197 621 Premor
1226 597 1319 623 cum
1350 585 1473 631 luftu,
1505 597 1592 627 tum
1624 589 1722 627 defi-

335 647 444 686 derio
464 662 594 686 rerum
613 649 812 694 omnium,
843 662 930 701 quae
950 647 1052 686 mihi
1079 662 1142 687 me
1172 649 1336 688 cariores
1367 650 1516 703 semper
1545 653 1720 694 fuerunt.

334 713 441 751 Cura
462 723 504 752 ut
524 715 662 752 valeas.
1548 734 1553 737 ·

391 780 494 831 Ego,
526 779 633 832 quod
653 793 723 832 per
742 778 980 818 Thessaliam
1002 779 1028 817 fi
1049 780 1146 818 irem
1174 781 1215 818 in
1245 782 1429 833 Epirum,
1461 783 1598 835 perdiu
1619 784 1722 825 nihil

335 857 440 882 eram
459 844 678 890 auditurus,
709 854 747 883 et
767 844 874 896 quod
895 845 973 882 mei
994 844 1181 883 studiosos
1208 844 1334 884 habeo
1359 847 1643 898 Dyrrachinos,
1675 851 1722 889 ad

334 921 398 946 eos
420 909 587 961 perrexi,
618 922 711 947 cum
733 909 799 946 illa
820 909 1015 961 superiora
1035 908 1318 949 Theffalonicae
1339 911 1578 964 scripsissem.
1625 915 1723 954 Inde

334 986 427 1011 cum
448 974 495 1011 ad
516 983 554 1012 te
574 987 637 1012 me
661 983 900 1019 convertam,
931 973 1073 1012 faciam
1103 983 1147 1012 ut
1176 975 1298 1013 scias:
1332 986 1453 1028 tuque
1482 978 1529 1015 ad
1559 993 1622 1018 me
1652 994 1720 1018 ve-

287 1084 289 1086 ,
334 1038 406 1076 lim
427 1039 562 1077 omnia
581 1052 700 1091 quam
721 1039 1029 1090 diligendffime,
1051 1039 1295 1078 cuicuimodi
1317 1041 1420 1087 sunt,
1442 1042 1599 1082 scribas.
1632 1046 1722 1097 Ego

328 1104 412 1155 jam
432 1113 497 1141 aut
518 1117 616 1148 rem,
644 1113 710 1141 aut
731 1117 779 1141 ne
800 1103 907 1156 spem
927 1104 1104 1157 quidem,
1121 1107 1312 1157 .expe6to.
1346 1107 1439 1145 Dat.
1465 1121 1526 1147 V1.
1549 1109 1719 1150 Kalend.

333 1168 527 1207 Decemb.
559 1167 787 1219 Dyrrachii.

673 1371 914 1409 C1CERO
955 1370 1211 1409 ATT1co
1252 1372 1383 1410 SAL.

333 1497 492 1535 XXIII.
513 1495 738 1567 ANTE
770 1497 809 1535 d.
835 1511 873 1536 v.
898 1498 989 1537 Kal.
1019 1499 1213 1537 Decemb.
1248 1507 1324 1536 tres
1353 1498 1532 1551 epistolas
1553 1513 1574 1538 a
1593 1509 1631 1538 te
1650 1514 1717 1539 ac·

621 1562 737 1614 cepi,
771 1575 890 1601 unam
919 1563 1048 1601 datam
1076 1576 1111 1602 a.
1140 1563 1180 1601 d.
1205 1576 1291 1601 v111
1318 1564 1409 1602 Kal.
1442 1564 1642 1604 Novemb.
1675 1567 1718 1604 in

332 1639 410 1679 qua
429 1640 492 1664 me
511 1625 693 1672 hortaris,
711 1636 756 1664 ut
776 1626 871 1666 forti
891 1629 1024 1666 animo
1044 1628 1217 1666 mensem
1237 1630 1468 1679 Januarium
1489 1632 1689 1682 expectem
1701 1650 1715 1677 ς

331 1704 466 1742 eaque,
498 1705 584 1744 quae
618 1690 664 1728 ad
696 1691 802 1744 spem
834 1701 946 1744 putas
978 1693 1185 1745 pertinere,
1223 1692 1270 1730 de
1301 1694 1465 1731 Lentuli
1495 1694 1637 1740 studio,
1668 1695 1718 1733 de

331 1755 491 1793 Metelli
511 1756 728 1800 voluntate,
760 1756 807 1794 de
827 1766 908 1795 tota
929 1757 1109 1809 Pompeii
1129 1757 1292 1802 ratione,
1323 1757 1544 1810 perscribis.
1589 1761 1635 1797 In
1656 1759 1715 1797 al-

330 1831 411 1859 tera
430 1821 591 1873 epistola
609 1830 748 1873 praeter
767 1822 1092 1860 consuetudinem
1122 1831 1230 1860 tuam
1259 1821 1365 1860 diem
1394 1837 1474 1861 non
1503 1823 1688 1862 adscribis
1704 1839 1716 1863 t

331 1885 394 1924 sed
416 1886 502 1924 satis
525 1885 717 1938 significas
739 1895 923 1938 tempus,
955 1886 1041 1938 lege
1066 1887 1173 1924 enirn
1193 1887 1241 1924 ab
1266 1889 1354 1925 οέὶο
1374 1888 1568 1926 Tribunis
1587 1889 1716 1941 plebis

330 1937 593 2003 promulgata,
625 1950 761 1988 scribis
783 1958 821 1988 te
840 1964 901 1989 eas
922 1951 1052 1989 literas
1081 1965 1128 1989 eo
1155 1951 1239 2003 ipso
1268 1951 1330 1989 die
1359 1951 1516 1998 dedisse,
1545 1952 1585 1991 id
1606 1953 1660 1991 est
1679 1967 1714 1993 a.

331 2017 371 2055 d.
392 2029 452 2055 1v.
471 2017 561 2054 Kal.
581 2016 782 2055 Novemb.
805 2026 844 2054 et
864 2017 961 2069 quid
981 2026 1094 2069 putes
1117 2017 1300 2055 utilitatis
1320 2031 1404 2055 eam
1426 2018 1715 2071 promulgatio-

330 2095 422 2120 nem
443 2081 610 2120 attuliffe
631 2081 781 2120 scribis.
815 2082 860 2120 In
882 2096 961 2134 quo
981 2082 1008 2120 fi
1028 2083 1147 2120 etiam
1169 2082 1294 2120 nostra
1312 2082 1412 2120 salus
1428 2096 1520 2121 cum
1537 2083 1610 2121 hac
1629 2084 1717 2136 lege

330 2147 525 2199 desperata
545 2147 632 2192 erit,
662 2147 783 2185 velim
811 2160 883 2199 pro
904 2156 973 2185 tuo
994 2147 1035 2184 in
1054 2160 1118 2185 me
1137 2160 1267 2185 amore
1287 2146 1390 2185 hanc
1410 2148 1565 2186 inanem
1587 2162 1716 2187 meam

328 2211 591 2264 diligentiam,
623 2211 885 2250 miserabilem
904 2213 1053 2264 potius,
1074 2225 1194 2265 quam
1213 2213 1404 2264 ineptam,
1424 2222 1562 2264 putes:
1586 2212 1640 2250 fin
1661 2213 1715 2251 est

329 2276 478 2328 aliquid
500 2276 594 2329 spei,
625 2275 690 2314 des
722 2289 880 2329 operam
911 2285 956 2314 ut
986 2278 1132 2328 majore
1163 2277 1368 2328 diligentia
1397 2276 1555 2329 posthac
1587 2291 1608 2315 a
1638 2292 1712 2316 no-

330 2341 387 2378 vis
419 2341 705 2392 magistratibus
737 2340 1006 2380 defendamur.
1052 2342 1160 2380 Nam
1179 2355 1222 2379 ea
1241 2351 1417 2379 veterum
1438 2342 1714 2381 Tribunorum

331 2405 458 2458 plebis
480 2407 629 2457 rogatio
649 2408 724 2445 tria
741 2408 870 2460 capita
888 2407 1056 2452 habuit;
1089 2421 1214 2446 unum
1235 2407 1281 2444 de
1302 2408 1428 2445 reditu
1455 2421 1555 2452 meo,
1588 2409 1710 2460 scrip·

331 2480 418 2509 turn
438 2471 616 2508 incaute:
648 2470 750 2509 nihil
781 2472 890 2511 enirn
916 2472 1145 2518 restituitur,
1176 2472 1314 2525 praeter
1345 2473 1545 2510 civitatem
1575 2482 1613 2509 et
1644 2486 1708 2510 or-

331 2536 492 2580 dinem;
524 2535 631 2588 quod
661 2534 763 2574 mihi
793 2549 865 2588 pro
896 2544 985 2575 meo
1016 2536 1104 2575 casu
1135 2537 1224 2575 satis
1245 2537 1322 2576 est:
1355 2537 1417 2575 sed
1439 2551 1524 2589 quae
1545 2536 1713 2576 cavenda
