2243 3008
499 224 608 264 AD
665 221 1097 262 ATTICUM
1163 224 1306 265 L113.
1357 226 1432 267 IX.
1580 240 1658 281 247

273 323 364 363 miis
384 336 419 362 a.
441 323 481 363 d.
506 337 553 362 x1
576 323 666 362 Kal.
689 324 790 375 Apr.
812 321 910 361 fore.
955 322 1038 362 Hic
1059 336 1132 377 ego
1152 324 1295 364 vellem
1315 325 1457 365 habere
1490 328 1659 367 Homeri

273 388 628 429 illam,Minervam
648 387 867 427 simulatam
888 387 1081 434 Mentori,
1112 390 1178 427 cui
1198 389 1369 428 dicerem
1387 406 1397 429 ;

408 450 531 506 Μέντις,
561 448 642 491 ’πῶς
661 449 692 487 τ’
701 450 741 503 ἄρ
762 449 811 493 ἴω,
839 448 909 491 πῶς
926 451 955 487 τ’
973 450 1012 503 o'Zp
1031 448 1277 502 ωσπἹῦξομια
1296 452 1414 496 ada-62¹3

273 518 440 563 Nullam
462 530 545 556 rem
565 530 741 570 unquam
761 516 1028 555 difficiliorem
1048 518 1241 570 cogitavi:
1266 518 1329 557 sed
1350 521 1484 573 cogito
1505 531 1632 560 tamen
1647 542 1662 568 ς

272 598 344 624 nec
365 598 431 623 ero
451 592 496 622 ut
515 584 558 622 in
577 584 690 622 malis
711 584 941 637 imparatus.
982 583 1055 621 Sed
1075 597 1168 623 cura
1188 593 1232 624 ut
1251 585 1375 624 valeas
1394 601 1404 625 :
1436 596 1533 640 puto
1553 590 1661 628 enim

271 650 377 692 diem
397 659 512 689 tuum
532 648 618 689 heri
636 648 765 690 fuiffe.

611 852 853 890 CICERO
894 851 1150 889 ATTrco
1191 851 1322 891 SAL.

276 979 350 1024 IX.
373 975 461 1053 T
476 980 513 1018 R
527 980 561 1019 E
577 980 599 1018 S
629 978 808 1032 epistolas
837 987 923 1018 tuas
951 978 1084 1031 accepi
1104 978 1289 1031 postridie
1309 979 1432 1019 Idus:
1463 991 1571 1020 erant
1591 995 1663 1020 au-

484 1054 565 1086 tem
587 1059 648 1090 1v,
680 1058 755 1090 111,
785 1044 927 1098 pridie,
959 1044 1052 1083 Idus
1080 1044 1205 1083 datae:
1237 1045 1362 1097 igitur
1389 1047 1668 1100 antiquiffimae

275 1110 420 1163 cuique
438 1111 615 1163 primum
635 1110 891 1163 respondebo.
935 1110 1112 1149 Affentio
1132 1110 1207 1149 tibi
1229 1120 1273 1150 ut
1293 1112 1334 1150 in
1355 1113 1568 1152 Formiano
1588 1127 1663 1166 po-

276 1175 467 1212 tiffimum
493 1188 714 1213 commorer
729 1193 742 1220 3
774 1175 894 1213 etiam
920 1175 968 1213 de
999 1175 1137 1228 supero
1168 1177 1267 1215 mari
1283 1196 1294 1222 ς
1327 1177 1588 1230 palpaboque,
1620 1188 1666 1218 ut

273 1249 385 1282 antea
403 1240 450 1277 ad
471 1249 508 1278 te
528 1240 674 1293 scripfi,
705 1253 925 1292 ecquonam
944 1240 1064 1278 modo
1084 1240 1223 1293 poffim
1244 1243 1446 1282 voluntate
1465 1245 1548 1296 ejus
1570 1245 1665 1282 nul-

274 1306 352 1343 lam
373 1305 621 1358 Reipublicae
642 1315 794 1358 partem
813 1306 1020 1358 attingere.
1053 1307 1173 1357 Qod
1193 1307 1340 1353 laudas,
1371 1309 1465 1361 quia
1483 1309 1667 1348 oblivisci

273 1384 338 1410 me
358 1370 486 1423 scripfi
507 1380 596 1409 ante
615 1370 715 1410 facta
734 1381 773 1410 et
793 1371 934 1410 delicta
953 1365 1074 1410 nostri
1093 1372 1211 1410 amici
1228 1392 1240 1417 ;
1267 1387 1339 1426 ego
1361 1388 1450 1412 vero
1471 1375 1525 1412 ita
1544 1374 1664 1413 facio.

275 1437 385 1488 Qin
406 1450 449 1474 ea
468 1436 562 1490 ipsa,
594 1450 680 1489 quae
701 1451 721 1475 a
741 1447 778 1475 te
799 1446 1162 1476 commemorantur
1181 1437 1289 1476 secus
1311 1439 1358 1476 ab
1379 1453 1425 1477 eo
1445 1440 1484 1477 in
1507 1453 1570 1477 me
1601 1441 1668 1492 ip-

275 1501 358 1540 sum
375 1501 476 1540 faeta
490 1502 577 1546 effe,
596 1515 674 1540 non
696 1503 882 1541 memini:
905 1511 1016 1540 tanto
1031 1503 1121 1555 plus
1138 1503 1242 1555 apud
1259 1518 1322 1542 me
1338 1505 1461 1543 valere
1479 1505 1666 1543 beneficii

274 1567 454 1619 gratiam,
486 1579 606 1619 quam
640 1568 792 1619 injuriae
827 1567 1019 1612 dolorem,
1050 1567 1155 1606 volo.
1202 1570 1408 1608 Faciamus
1445 1571 1581 1623 igitur,
1620 1579 1667 1609 ut

275 1631 420 1677 censes,
443 1632 754 1685 colligamusque
775 1646 860 1671 nos.
892 1628 1054 1679 Σοφιςεῦω
1073 1634 1195 1679 enim,
1214 1635 1328 1673 fimul
1350 1645 1394 1673 ut
1415 1649 1478 1674 rus
1501 1635 1667 1674 decurro

276 1707 392 1749 atque
413 1698 452 1735 in
475 1697 638 1734 decursu
659 1693 772 1734 θέο-ας
791 1710 895 1736 meas
917 1698 1177 1736 commentari
1197 1712 1276 1737 non
1299 1699 1428 1738 defino
1446 1715 1455 1738 ε
1478 1700 1551 1739 ,[εά
1576 1700 1667 1739 sunt

277 1763 454 1815 quaedam
475 1776 607 1800 earum
634 1762 884 1814 perdifficiles
915 1763 961 1801 ad
985 1762 1262 1816 judicandum.
1310 1766 1372 1803 De
1404 1765 1665 1817 optimatibus

276 1829 322 1867 fit
351 1828 438 1867 sane
469 1829 523 1866 ita
553 1838 598 1866 ut
621 1830 694 1873 Vis,
726 1829 789 1866 sed
822 1829 922 1867 nosti
952 1829 1068 1874 illud,
1101 1826 1252 1868 Διονύσιος
1272 1828 1299 1866 ἐν
1320 1828 1472 1881 Κορίνθῳ.
1517 1832 1666 1870 Titinii

277 1894 381 1933 filius
403 1894 505 1947 apud
536 1893 725 1932 Caesarem
752 1893 819 1932 est.
866 1895 987 1945 Qod
1007 1904 1138 1932 autem
1160 1894 1263 1946 quafi
1286 1895 1405 1932 vereri
1428 1896 1584 1942 videriS,
1616 1911 1666 1935 ne

276 1959 377 1998 mihi
399 1969 464 1997 tua
484 1960 643 1998 confilia
663 1959 920 2012 displiceant3
948 1974 1012 1998 me
1032 1973 1122 1998 vero
1143 1959 1246 1997 nihil
1267 1959 1430 1998 delectat
1451 1961 1571 2007 aliud,
1594 1962 1666 2000 nisi

277 2024 484 2064 confilium
505 2034 542 2062 et
564 2025 684 2064 literae
706 2035 795 2064 tuae.
826 2027 958 2077 Qare
978 2025 1055 2071 fac,
1074 2035 1117 2063 ut
1137 2025 1321 2070 ostendis,
1341 2039 1388 2063 ne
1408 2026 1597 2065 destiteris
1618 2028 1665 2065 ad

278 2104 355 2136 me,
373 2090 569 2143 quidquid
591 2091 663 2129 tibi
685 2091 725 2128 in
748 2101 924 2129 mentem
945 2092 1108 2136 venerit,
1133 2091 1318 2129 scribere:
1343 2091 1444 2129 mihi
1466 2091 1566 2130 nihil
1589 2106 1665 2145 po-

278 2156 348 2193 test
369 2156 439 2194 effe
460 2157 622 2208 gratius.
657 2157 784 2194 Venio
805 2157 851 2195 ad
872 2157 1031 2195 alteram
1054 2171 1158 2195 nunc
1179 2157 1395 2209 epistolam.
1443 2158 1563 2195 Recte
1585 2171 1665 2196 non

279 2221 402 2259 credis
424 2222 470 2259 de
492 2236 654 2260 numero
676 2223 853 2261 militum
873 2238 882 2261 ς
915 2223 999 2275 ipso
1019 2223 1186 2261 dimidio
1207 2223 1295 2274 plus
1327 2222 1474 2274 scripfit
1506 2223 1662 2262 Clodia.

282 2286 438 2325 Falsum
468 2288 585 2326 etiam
615 2289 661 2326 de
691 2290 886 2342 corruptis
913 2289 1091 2326 navibus.
1139 2288 1258 2338 Qod
1291 2288 1480 2326 Consules
1501 2289 1661 2335 laudas;

280 2365 352 2402 ego
382 2365 539 2404 quoque
567 2354 745 2392 animum
780 2355 911 2399 laudo,
943 2354 1006 2392 sed
1040 2354 1246 2391 confilium
1282 2353 1523 2406 reprehendo
1541 2370 1549 2393 :
1583 2355 1662 2393 dis-

281 2417 382 2455 ceffu
402 2418 507 2455 enim
528 2418 704 2464 illorum,
735 2422 834 2459 actio
864 2421 911 2459 de
940 2434 1033 2473 pace
1063 2420 1213 2458 sublata
1238 2419 1318 2465 est;
1352 2434 1470 2473 quam
1501 2421 1663 2473 quidem

281 2496 354 2535 ego
381 2482 609 2521 meditabar.
655 2485 792 2537 Itaque
821 2486 952 2538 postea
978 2487 1176 2526 Demetrii
1203 2485 1352 2525 librum
1381 2487 1428 2524 de
1456 2486 1666 2524 concordia
