2243 3008
448 273 493 312 16
791 265 1476 306 EPISTOLARUM

444 371 691 410 consensione
726 368 861 413 Italiae‚
902 367 949 405 de
980 367 1205 405 immortuis
1237 366 1414 419 reliquiis
1450 364 1747 417 conjurationiS,
1778 363 1825 403 de

443 438 609 482 vilitate,
640 436 687 474 de
718 435 813 474 otio.
862 434 976 473 Nosti
1001 435 1083 486 jam
1114 434 1154 470 in
1186 431 1259 470 hac
1289 432 1448 470 materia
1478 432 1626 470 sonitus
1647 431 1822 470 nostros:

445 505 545 542 tanti
570 502 744 546 fuerunt,
777 510 820 538 ut
849 513 921 552 ego
952 513 998 537 eo
1030 499 1183 537 brevior
1213 498 1296 543 sim,
1327 497 1434 550 quod
1465 511 1529 536 eos
1562 497 1683 550 usque
1713 496 1826 534 istinc

444 569 647 607 exauditos
669 577 819 620 putem.
866 567 1054 603 Romanae
1084 572 1214 601 autem
1246 563 1282 601 se
1310 577 1367 601 res
1390 563 1438 601 fic
1460 561 1620 600 habent.
1667 563 1827 600 Senatus

444 648 543 687 «gem
574 628 697 677 mim:
745 631 844 669 nihil
880 630 1133 675 constantius,
1178 628 1279 667 nihil
1315 628 1496 674 severius,
1532 627 1634 666 nihil
1667 626 1826 667 fortius.

447 700 554 738 Nam
575 712 668 736 cum
688 697 768 735 dies
790 696 947 734 veniss‘et
968 695 1162 747 rogationi
1188 708 1235 732 ex
1262 693 1434 732 senatus·
1440 693 1620 732 consulto
1645 692 1828 737 ferendae,

447 764 728 803 concursabant
755 762 979 800 barbatuli·
965 774 1142 813 juvenes,
1175 770 1280 798 totus
1302 760 1369 798 ille
1388 773 1483 812 grex
1505 759 1700 804 Catilinae,
1731 758 1831 796 duce

447 830 570 868 filiola
597 828 810 872 Curionis;
843 838 881 865 et
912 827 1121 880 populum,
1153 835 1196 863 ut
1227 826 1461 878 antiquaret,
1493 824 1695 877 rogabant.
1743 823 1830 861 Piso

446 905 578 934 autem
614 893 777 938 Consul,
809 894 908 931 lator
935 893 1162 944 rogationis,
1203 891 1306 929 idem
1336 900 1416 928 erat
1445 890 1640 929 dissuasor.
1690 890 1830 941 Operae

446 960 649 998 Clodianae
683 968 820 1012 pontes
855 967 1116 1009 occuparant:
1151 956 1301 994 tabellae
1334 955 1667 999 ministrabantur,
1699 954 1754 991 ita
1788 963 1831 991 ut

448 1026 556 1063 nulla
576 1025 730 1062 daretur
754 1036 835 1061 UTI
862 1035 1029 1060 RooAs.
1062 1022 1145 1059 Hic
1168 1021 1242 1058 tibi
1263 1020 1400 1059 Rostra
1422 1021 1522 1059 Cato
1541 1019 1710 1065 advolat,
1731 1033 1829 1058 con-

447 1091 597 1129 vicium
628 1089 758 1128 Pisoni
787 1087 951 1126 Consuli
980 1086 1196 1124 mirificum
1227 1085 1349 1131 facit;
1383 1087 1408 1124 fi
1443 1086 1483 1124 id
1509 1086 1562 1124 est
1587 1086 1830 1130 convicium,

448 1170 524 1194 vox
546 1156 660 1208 plena
679 1154 893 1207 gravitatis,
924 1153 1039 1205 plena
1063 1153 1318 1194 auctoritatis.
1350 1152 1464 1204 plena
1484 1151 1654 1204 denique
1681 1151 1830 1190 salutis.

448 1221 616 1260 Accedit
635 1220 773 1258 eodem
792 1219 910 1257 etiam
932 1217 1057 1255 noster
1082 1217 1330 1262 Hortensius,
1362 1217 1479 1255 multi
1509 1226 1691 1269 praeterea
1721 1217 1832 1255 boni.

449 1287 615 1340 Insignis
646 1299 736 1323 vero
766 1297 882 1337 opera
914 1283 1076 1321 Favonii
1106 1281 1198 1320 fuit.
1245 1283 1337 1320 Hoc
1367 1282 1559 1320 concursu
1592 1282 1834 1335 optimatum

447 1353 610 1391 comitia
629 1351 910 1389 dimittuntur:
945 1349 1105 1386 Senatus
1126 1356 1301 1386 vocatur.
1334 1348 1440 1386 Cum
1461 1347 1732 1386 decerneretur
1752 1346 1832 1385 fre-

448 1418 586 1470 quenti
608 1418 764 1461 Senatu,
795 1424 931 1453 contra
949 1423 1149 1467 pugnante
1171 1413 1323 1458 Pisone,
1349 1412 1395 1451 ad
1416 1413 1532 1466 pedes
1553 1413 1735 1451 omnium
1756 1413 1834 1451 sin-

448 1483 620 1536 gillatim
642 1481 842 1520 accidente
863 1480 1021 1524 Clodio,
1043 1489 1088 1517 ut
1109 1478 1300 1517 Consules
1322 1479 1516 1532 populum
1536 1477 1836 1518 cohortarentur

449 1549 496 1587 ad
518 1549 759 1601 rogationem
780 1545 1075 1599 accipiendam;
1107 1544 1288 1583 homines
1321 1545 1367 1583 ad
1402 1558 1456 1583 xv
1481 1545 1648 1583 Curioni
1677 1529 1836 1584 nullum

449 1615 623 1654 senatus·
628 1613 853 1652 consultum
874 1611 1036 1650 facienti
1064 1611 1326 1649 ass‘enserunt:
1357 1624 1406 1649 ex
1436 1610 1554 1648 altera
1582 1619 1691 1663 parte
1721 1610 1837 1649 facile

450 1693 563 1719 cccc
586 1679 760 1718 fuerunt.
794 1680 891 1716 Ae'ta
912 1691 969 1716 res
990 1677 1056 1715 est.
1095 1676 1232 1715 Fufius
1255 1676 1416 1715 tertium
1436 1675 1635 1715 conceffit.
1669 1676 1836 1715 Clodius

449 1747 658 1785 conciones
679 1744 833 1783 miseras
855 1743 1037 1787 habebat,
1068 1742 1109 1780 in
1131 1742 1276 1794 quibus
1299 1741 1533 1786 Lucullum,
1562 1741 1835 1787 Hortensium,

450 1813 499 1850 C.
526 1810 721 1854 Pisonem,
753 1808 970 1847 Messallam
993 1806 1210 1851 consulem,
1242 1806 1524 1845 contumeliose
1550 1806 1740 1851 laedebat;
1774 1821 1837 1846 me

450 1886 605 1915 tantum
626 1874 852 1927 comperisse
872 1873 1005 1912 omnia
1024 1872 1321 1911 criminabatur.
1366 1873 1527 1911 Senatus
1548 1882 1586 1910 et
1607 1872 1653 1911 de
1674 1874 1836 1926 provin-

450 1942 522 1980 ciis
545 1942 776 1984 Praetorum,
807 1949 846 1978 et
866 1940 912 1977 de
933 1939 1211 1991 legationibus,
1243 1948 1281 1976 et
1302 1937 1348 1976 de
1369 1939 1516 1977 caeteris
1539 1939 1668 1983 rebus,
1700 1939 1836 1977 decer-

451 2007 580 2051 nebat,
605 2016 662 2051 ut,
693 2015 780 2043 ante
801 2018 919 2058 quam
942 2005 1091 2057 rogatio
1112 2003 1188 2042 lata
1207 2003 1311 2049 effer,
1336 2018 1382 2042 ne
1403 2003 1499 2057 quid
1520 2015 1710 2057 ageretur.
1750 2005 1835 2042 Ha-

452 2073 517 2111 bes
541 2085 596 2110 res
620 2072 814 2109 Romanas
835 2086 842 2109 :
876 2070 938 2108 sed
961 2079 1088 2108 tamen
1110 2069 1228 2107 etiam
1250 2069 1365 2115 illud,
1396 2069 1503 2122 quod
1526 2083 1603 2107 non
1632 2069 1836 2122 speraram,

451 2138 554 2177 audi.
603 2137 779 2176 Messalla
807 2136 942 2175 consul
970 2135 1022 2174 est
1043 2135 1235 2188 egregius,
1268 2135 1396 2181 fortis,
1429 2135 1621 2179 constans,
1653 2136 1836 2188 diligens,

451 2204 569 2242 nostri
591 2203 779 2248 laudator,
811 2211 972 2247 amator,
1008 2202 1196 2239 imitator.
1245 2201 1316 2239 Ille
1347 2202 1443 2240 alter
1474 2215 1553 2239 uuo
1580 2201 1678 2239 vitio
1706 2203 1837 2240 minus

451 2269 640 2313 vitiosus;
685 2268 791 2321 quod
827 2268 943 2311 iners,
983 2266 1090 2319 quod
1126 2266 1251 2304 somni
1287 2267 1441 2319 plenus,
1473 2266 1578 2318 quod
1615 2267 1836 2320 imperitus,

450 2334 556 2388 quod
590 2333 850 2386 ἀπρακτότατος,
888 2332 950 2370 sed
982 2332 1182 2370 voluntate
1219 2332 1270 2370 ita
1304 2331 1481 2376 καχέκτης.
1523 2342 1565 2369 ut
1603 2333 1837 2384 Pompeium

451 2400 534 2454 post
557 2399 664 2437 illam
685 2399 934 2443 concionem,
966 2412 1042 2451 qua
1071 2398 1119 2435 ab
1150 2412 1195 2436 co
1227 2400 1386 2435 Senatus
1419 2397 1596 2435 laudatus
1624 2397 1689 2442 cst,
1722 2397 1839 2436 odiffe

450 2467 628 2519 coeperit.
664 2466 797 2516 Itaque
819 2465 965 2503 mirum
989 2466 1026 2502 in
1050 2463 1211 2502 moduni
1235 2477 1370 2502 omncs
1392 2477 1411 2500 a
1435 2462 1467 2500 sc
1490 2463 1613 2501 bonos
1639 2463 1836 2502 =ilicnavit.

451 2533 593 2585 Neque
614 2530 653 2569 id
675 2530 799 2583 magis
827 2530 1001 2569 amicitia
1033 2529 1167 2569 Clodii
1199 2530 1386 2568 adductus
1421 2527 1530 2575 facit,
1562 2542 1679 2582 quam
1714 2527 1839 2567 studio
