2243 3008
533 257 609 299 352
885 239 1573 279 EPISTOLARUM

530 345 560 383 fi
582 357 645 382 me
665 341 783 381 levari
803 341 876 387 vis,
898 340 980 379 haec
1001 340 1054 378 est
1075 340 1226 378 summa
1245 339 1401 385 levatio,
1418 340 1479 378 vel
1504 340 1548 392 (fi
1570 353 1705 378 verum
1726 339 1820 379 scire
1839 339 1916 389 vis)

533 423 625 448 una.
656 408 784 447 Hirtii
802 406 1003 459 epistolam
1026 406 1052 443 si
1074 406 1229 457 legeris,
1260 420 1346 458 quae
1366 404 1468 443 mihi
1488 405 1593 458 quasi
1613 402 1838 454 πρόπλαιτμσι
1858 406 1920 443 vi-

533 475 650 513 detur
677 475 760 526 ejus
781 471 1094 524 vituperationis,
1126 483 1245 522 quam
1268 470 1393 508 Caesar
1413 470 1562 523 scripsit
1582 471 1628 508 de
1650 472 1828 516 Catone;
1860 470 1919 508 fa-

533 542 614 579 cies
642 553 720 584 me,
751 538 849 591 quid
880 537 955 574 tibi
986 536 1113 573 visum
1145 536 1205 579 fit,
1237 535 1263 572 fi
1285 535 1359 573 tibi
1379 536 1453 573 erit
1472 536 1745 581 commodum,
1776 536 1921 574 certio-

535 619 634 643 rem.
679 604 813 642 Redeo
833 602 879 640 ad
899 600 1053 639 fanum.
1096 600 1184 638 Nifi
1204 598 1277 637 hac
1297 599 1422 637 aestate
1441 599 1665 639 absolutum
1685 602 1774 646 erit,
1804 614 1923 655 quam

536 670 644 712 vides
665 670 859 721 integram
879 666 1029 712 restare,
1061 665 1201 704 scelere
1221 678 1285 704 me
1304 665 1517 704 liberatum
1537 679 1615 705 non
1636 666 1799 720 putabo.

875 869 1122 907 Crenko
1165 870 1422 907 ATT1co
1465 869 1595 907 SAL.

540 999 674 1038 XLII.
699 996 1001 1070 NULLUM
1030 1012 1051 1036 a
1071 1006 1107 1035 te
1128 996 1335 1035 defideravi
1359 996 1464 1035 diem
1485 996 1687 1034 literarum
1706 1010 1715 1034 :
1747 995 1930 1035 videbam

815 1066 923 1103 enim
945 1079 1032 1117 quae
1053 1063 1189 1102 scribis
1207 1082 1218 1107 ;
1250 1071 1288 1100 et
1309 1072 1438 1100 tamen
1461 1062 1694 1115 suspicabar,
1715 1062 1775 1100 vel
1797 1062 1928 1116 potius

539 1129 829 1182 intelligebam,
861 1129 964 1168 nihil
996 1129 1122 1174 fuiffe,
1154 1127 1261 1181 quod
1293 1127 1492 1167 scriberes.
1537 1129 1588 1166 A.
1618 1128 1658 1167 d.
1682 1142 1726 1166 vx
1757 1127 1817 1166 Id.
1840 1140 1932 1166 vero

539 1195 664 1233 abeffe
685 1205 722 1233 te
742 1195 946 1248 putabam,
976 1204 1015 1233 et
1036 1195 1151 1248 plane
1170 1193 1352 1232 videbam
1372 1193 1474 1231 nihil
1495 1203 1534 1231 te
1553 1192 1708 1232 habere.
1755 1194 1844 1245 Ego
1872 1202 1930 1231 ta-

541 1274 633 1299 men
654 1261 701 1298 ad
721 1270 758 1299 te
779 1260 859 1299 fere
879 1260 1058 1314 quotidie
1079 1261 1236 1298 mittam
1255 1274 1264 1298 z
1298 1259 1403 1297 malo
1422 1259 1530 1298 enim
1559 1258 1712 1303 frustra,
1743 1271 1863 1311 quam
1894 1267 1933 1296 te

541 1339 624 1363 non
652 1324 809 1370 habere,
840 1326 906 1363 cui
937 1325 1019 1370 des,
1051 1325 1078 1362 fi
1110 1323 1208 1376 quid
1239 1321 1341 1361 forte
1372 1323 1432 1368 fit,
1463 1323 1570 1376 quod
1602 1332 1715 1375 putes
1747 1336 1810 1361 me
1836 1322 1933 1360 scire

527 1382 735 1443 oportere.
783 1391 920 1443 Itaque
949 1390 1083 1442 accepi
1104 1403 1148 1427 VI
1174 1389 1233 1427 Id.
1256 1388 1386 1427 literas
1408 1398 1492 1427 tuas
1514 1389 1646 1426 inanes
1665 1403 1674 1426 z
1707 1388 1805 1441 quid
1826 1389 1935 1426 enim

540 1455 729 1500 habebas,
760 1455 867 1507 quod
887 1455 1071 1493 scriberes
1089 1456 1102 1492 ?
1134 1454 1199 1491 Mi
1220 1463 1351 1491 tamen
1372 1453 1489 1498 illud,
1520 1454 1716 1505 quidquid
1736 1463 1830 1497 erat,
1854 1466 1933 1492 non

541 1520 754 1559 molestum
785 1519 878 1564 fuit,
924 1518 1027 1557 nihil
1059 1517 1166 1556 aliud
1200 1517 1297 1555 scire
1328 1531 1407 1561 me,
1448 1517 1542 1555 novi
1574 1526 1611 1554 te
1642 1516 1744 1554 nihil
1774 1516 1932 1557 habere.

544 1584 736 1637 Scripfisti
768 1594 899 1623 tamen
920 1578 1050 1622 nescio
1069 1583 1168 1636 quid
1194 1582 1242 1620 de
1264 1582 1419 1621 Clodia.
1463 1582 1547 1620 Ubi
1579 1595 1672 1635 ergo
1692 1596 1734 1620 ea
1753 1582 1807 1620 est
1825 1584 1839 1620 ?
1870 1592 1938 1622 aut

544 1649 704 1703 quando
723 1650 916 1688 ventura?
948 1649 1077 1702 placet
1109 1647 1212 1686 mihi
1244 1661 1302 1686 res
1330 1648 1396 1693 fic,
1428 1656 1472 1685 ut
1493 1647 1708 1686 secundum
1731 1646 1938 1687 Othonem

544 1713 648 1753 nihil
683 1715 823 1767 magis.
870 1713 943 1752 Sed
978 1727 1105 1767 neque
1139 1712 1241 1752 hanc
1275 1713 1524 1751 vendituram
1557 1722 1682 1765 puto:
1724 1712 1938 1752 delectatur

542 1781 668 1826 enim,
699 1790 738 1818 et
769 1779 925 1832 copiosa
954 1779 1035 1818 est:
1067 1789 1107 1818 et
1138 1779 1239 1817 illud
1270 1779 1437 1817 alterum
1469 1791 1588 1830 quam
1618 1777 1665 1816 s1t
1690 1777 1867 1824 difficile,
1899 1788 1938 1817 te

545 1859 626 1884 non
646 1845 767 1897 fugit.
800 1845 873 1883 Sed
893 1845 1053 1883 obsecro
1073 1845 1284 1889 enitamur,
1302 1853 1347 1882 ut
1366 1843 1517 1896 aliquid
1538 1843 1584 1881 ad
1605 1842 1660 1888 id,
1678 1843 1786 1896 quod
1801 1844 1936 1897 cupio,

544 1911 833 1962 excogitemus.
866 1911 954 1962 Ego
975 1924 1037 1948 me
1058 1909 1152 1948 hinc
1174 1909 1358 1962 postridie
1373 1909 1574 1954 exiturum
1595 1918 1707 1961 puto,
1725 1908 1788 1947 sed
1808 1919 1874 1947 aut
1895 1910 1937 1948 in

546 1976 836 2020 Tusculanum,
868 1985 934 2013 aut
954 1975 1147 2021 domum;
1180 1975 1271 2013 inde
1291 1974 1444 2013 fortaffe
1465 1975 1664 2027 Arpinum
1683 1989 1692 2012 ε
1725 1988 1818 2013 cum
1850 1989 1937 2014 cer-

550 2051 638 2080 tum
659 2041 794 2086 sciero,
825 2040 992 2079 scribam
1012 2041 1058 2078 ad
1079 2050 1130 2079 te.
1176 2041 1345 2078 Venerat
1376 2038 1478 2078 mihi
1510 2040 1552 2078 in
1584 2048 1758 2078 mentem
1779 2052 1938 2080 monere

551 2117 605 2151 te,
637 2117 680 2146 ut
701 2107 741 2145 id
762 2107 906 2159 ipsum,
936 2106 1043 2159 quod
1072 2105 1184 2151 facis,
1215 2105 1386 2144 faceres:
1420 2106 1605 2158 putabam
1626 2105 1732 2143 enim
1755 2119 1937 2145 commo-

549 2172 640 2212 dius
662 2182 700 2213 te
720 2171 826 2213 idem
847 2171 949 2212 istud
969 2172 1078 2212 domi
1098 2185 1208 2227 agere
1228 2171 1347 2226 poss‘e,
1378 2171 1694 2225 interpellatione
1713 2169 1876 2211 sublata.
