<?xml version="1.0" encoding="UTF-8"?>
<!DOCTYPE html PUBLIC "-//W3C//DTD XHTML 1.0 Transitional//EN"
    "http://www.w3.org/TR/xhtml1/DTD/xhtml1-transitional.dtd">
<html xmlns="http://www.w3.org/1999/xhtml" xml:lang="en" lang="en">
 <head>
  <title>
</title>
<meta http-equiv="Content-Type" content="text/html;charset=utf-8" />
  <meta name='ocr-system' content='tesseract 3.04.00' />
  <meta name='ocr-capabilities' content='ocr_page ocr_carea ocr_par ocr_line ocrx_word'/>
</head>
<body>
  <div class='ocr_page' id='page_1' title='image "./operacumindicibu08ciceuoft_0272.png"; bbox 0 0 2243 3008; ppageno 0'>
   <div class='ocr_carea' id='block_1_1' title="bbox 581 254 1619 307">
    <p class='ocr_par' dir='ltr' id='par_1_1' title="bbox 581 254 1619 307">
     <span class='ocr_line' id='line_1_1' title="bbox 581 254 1619 307; baseline -0.004 -10"><span class='ocrx_word' id='word_1_1' title='bbox 581 258 660 307; x_wconf 87' lang='lat'>264</span> <span class='ocrx_word' id='word_1_2' title='bbox 933 254 1619 306; x_wconf 76' lang='lat' dir='ltr'>EPISTOLARUM</span> 
     </span>
    </p>
   </div>
   <div class='ocr_carea' id='block_1_2' title="bbox 919 487 1631 526">
    <p class='ocr_par' dir='ltr' id='par_1_2' title="bbox 919 487 1631 526">
     <span class='ocr_line' id='line_1_2' title="bbox 919 487 1631 526; baseline 0 0"><span class='ocrx_word' id='word_1_3' title='bbox 919 488 1162 526; x_wconf 69' lang='lat' dir='ltr'>C1czno</span> <span class='ocrx_word' id='word_1_4' title='bbox 1203 488 1459 525; x_wconf 71' lang='lat' dir='ltr'>AT’rxco</span> <span class='ocrx_word' id='word_1_5' title='bbox 1500 487 1631 526; x_wconf 74' lang='lat' dir='ltr'><strong>SAL.</strong></span> 
     </span>
    </p>
   </div>
   <div class='ocr_carea' id='block_1_3' title="bbox 574 611 1975 1513">
    <p class='ocr_par' dir='ltr' id='par_1_3' title="bbox 581 611 1966 688">
     <span class='ocr_line' id='line_1_3' title="bbox 581 611 1966 688; baseline -0.001 -33"><span class='ocrx_word' id='word_1_6' title='bbox 581 616 717 656; x_wconf 86' lang='lat' dir='ltr'>XVII.</span> <span class='ocrx_word' id='word_1_7' title='bbox 742 611 927 688; x_wconf 79' lang='lat' dir='ltr'>TRE</span> <span class='ocrx_word' id='word_1_8' title='bbox 944 613 1154 652; x_wconf 90' lang='lat' dir='ltr'>BATIU</span> <span class='ocrx_word' id='word_1_9' title='bbox 1170 611 1219 649; x_wconf 94' lang='lat' dir='ltr'><strong>M</strong></span> <span class='ocrx_word' id='word_1_10' title='bbox 1251 625 1274 649; x_wconf 93' lang='lat' dir='ltr'>v</span> <span class='ocrx_word' id='word_1_11' title='bbox 1298 612 1388 650; x_wconf 87' lang='lat' dir='ltr'>Kal.</span> <span class='ocrx_word' id='word_1_12' title='bbox 1411 624 1492 665; x_wconf 93' lang='lat' dir='ltr'>quo</span> <span class='ocrx_word' id='word_1_13' title='bbox 1521 612 1584 650; x_wconf 87' lang='lat' dir='ltr'>die</span> <span class='ocrx_word' id='word_1_14' title='bbox 1612 613 1680 652; x_wconf 91' lang='lat' dir='ltr'>has</span> <span class='ocrx_word' id='word_1_15' title='bbox 1710 613 1840 653; x_wconf 87' lang='lat' dir='ltr'>literas</span> <span class='ocrx_word' id='word_1_16' title='bbox 1862 613 1966 660; x_wconf 85' lang='lat' dir='ltr'>dedi,</span> 
     </span>
    </p>

    <p class='ocr_par' dir='ltr' id='par_1_4' title="bbox 574 677 1975 1513">
     <span class='ocr_line' id='line_1_4' title="bbox 851 677 1969 731; baseline 0.002 -14"><span class='ocrx_word' id='word_1_17' title='bbox 851 679 1118 731; x_wconf 66' lang='lat' dir='ltr'>expectabam.</span> <span class='ocrx_word' id='word_1_18' title='bbox 1163 677 1226 715; x_wconf 87' lang='lat' dir='ltr'>Ex</span> <span class='ocrx_word' id='word_1_19' title='bbox 1252 678 1335 729; x_wconf 90' lang='lat' dir='ltr'>ejus</span> <span class='ocrx_word' id='word_1_20' title='bbox 1356 677 1499 715; x_wconf 92' lang='lat' dir='ltr'>nuntio</span> <span class='ocrx_word' id='word_1_21' title='bbox 1519 677 1719 731; x_wconf 87' lang='lat' dir='ltr'>Matiique</span> <span class='ocrx_word' id='word_1_22' title='bbox 1739 679 1862 718; x_wconf 89' lang='lat' dir='ltr'>literis</span> <span class='ocrx_word' id='word_1_23' title='bbox 1883 693 1969 718; x_wconf 88' lang='lat' dir='ltr'>me·</span> 
     </span>
     <span class='ocr_line' id='line_1_5' title="bbox 580 741 1972 796; baseline -0.001 -11"><span class='ocrx_word' id='word_1_24' title='bbox 580 746 750 790; x_wconf 90' lang='lat' dir='ltr'>ditabor,</span> <span class='ocrx_word' id='word_1_25' title='bbox 781 743 983 796; x_wconf 89' lang='lat' dir='ltr'>quomodo</span> <span class='ocrx_word' id='word_1_26' title='bbox 1003 756 1097 781; x_wconf 91' lang='lat' dir='ltr'>cum</span> <span class='ocrx_word' id='word_1_27' title='bbox 1117 741 1189 780; x_wconf 91' lang='lat' dir='ltr'>illo</span> <span class='ocrx_word' id='word_1_28' title='bbox 1209 742 1363 794; x_wconf 90' lang='lat' dir='ltr'>loquar.</span> <span class='ocrx_word' id='word_1_29' title='bbox 1408 742 1446 780; x_wconf 94' lang='lat' dir='ltr'>O</span> <span class='ocrx_word' id='word_1_30' title='bbox 1475 751 1631 796; x_wconf 90' lang='lat' dir='ltr'>tempus</span> <span class='ocrx_word' id='word_1_31' title='bbox 1652 743 1839 783; x_wconf 88' lang='lat' dir='ltr'>miserum</span> <span class='ocrx_word' id='word_1_32' title='bbox 1858 745 1866 782; x_wconf 90' lang='lat'>!</span> <span class='ocrx_word' id='word_1_33' title='bbox 1898 758 1972 783; x_wconf 92' lang='lat' dir='ltr'>nec</span> 
     </span>
     <span class='ocr_line' id='line_1_6' title="bbox 580 807 1974 862; baseline -0.001 -12"><span class='ocrx_word' id='word_1_34' title='bbox 580 812 722 850; x_wconf 92' lang='lat' dir='ltr'>dubito</span> <span class='ocrx_word' id='word_1_35' title='bbox 742 809 839 862; x_wconf 90' lang='lat' dir='ltr'>quin</span> <span class='ocrx_word' id='word_1_36' title='bbox 860 822 881 846; x_wconf 91' lang='lat' dir='ltr'>a</span> <span class='ocrx_word' id='word_1_37' title='bbox 899 822 964 847; x_wconf 92' lang='lat' dir='ltr'>me</span> <span class='ocrx_word' id='word_1_38' title='bbox 983 807 1210 853; x_wconf 89' lang='lat' dir='ltr'>contendat,</span> <span class='ocrx_word' id='word_1_39' title='bbox 1231 807 1278 845; x_wconf 91' lang='lat' dir='ltr'>ad</span> <span class='ocrx_word' id='word_1_40' title='bbox 1299 807 1439 846; x_wconf 92' lang='lat' dir='ltr'>urbem</span> <span class='ocrx_word' id='word_1_41' title='bbox 1459 808 1636 847; x_wconf 86' lang='lat' dir='ltr'>veniam:</span> <span class='ocrx_word' id='word_1_42' title='bbox 1668 807 1845 847; x_wconf 87' lang='lat' dir='ltr'>senatum</span> <span class='ocrx_word' id='word_1_43' title='bbox 1864 810 1974 848; x_wconf 88' lang='lat' dir='ltr'>enim</span> 
     </span>
     <span class='ocr_line' id='line_1_7' title="bbox 582 873 1972 928; baseline -0.002 -12"><span class='ocrx_word' id='word_1_44' title='bbox 582 877 750 917; x_wconf 86' lang='lat' dir='ltr'><strong>Kalend.</strong></span> <span class='ocrx_word' id='word_1_45' title='bbox 783 875 883 914; x_wconf 91' lang='lat' dir='ltr'>velle</span> <span class='ocrx_word' id='word_1_46' title='bbox 915 874 952 913; x_wconf 93' lang='lat' dir='ltr'>se</span> <span class='ocrx_word' id='word_1_47' title='bbox 982 873 1233 926; x_wconf 87' lang='lat' dir='ltr'>frequentem</span> <span class='ocrx_word' id='word_1_48' title='bbox 1263 873 1399 918; x_wconf 78' lang='lat' dir='ltr'>adesse,</span> <span class='ocrx_word' id='word_1_49' title='bbox 1429 874 1548 911; x_wconf 88' lang='lat' dir='ltr'>etiam</span> <span class='ocrx_word' id='word_1_50' title='bbox 1578 875 1751 914; x_wconf 88' lang='lat' dir='ltr'>Formiis</span> <span class='ocrx_word' id='word_1_51' title='bbox 1780 875 1972 928; x_wconf 84' lang='lat' dir='ltr'>proscribi</span> 
     </span>
     <span class='ocr_line' id='line_1_8' title="bbox 574 938 1973 997; baseline -0.003 -15"><span class='ocrx_word' id='word_1_52' title='bbox 574 942 699 997; x_wconf 89' lang='lat' dir='ltr'>juffit.</span> <span class='ocrx_word' id='word_1_53' title='bbox 739 942 847 993; x_wconf 89' lang='lat' dir='ltr'>Ergo</span> <span class='ocrx_word' id='word_1_54' title='bbox 866 940 903 978; x_wconf 91' lang='lat' dir='ltr'>ei</span> <span class='ocrx_word' id='word_1_55' title='bbox 923 939 1149 992; x_wconf 88' lang='lat' dir='ltr'>negandum</span> <span class='ocrx_word' id='word_1_56' title='bbox 1169 938 1222 977; x_wconf 89' lang='lat' dir='ltr'>est</span> <span class='ocrx_word' id='word_1_57' title='bbox 1240 939 1254 976; x_wconf 92' lang='lat'>?</span> <span class='ocrx_word' id='word_1_58' title='bbox 1286 938 1360 976; x_wconf 88' lang='lat' dir='ltr'>Sed</span> <span class='ocrx_word' id='word_1_59' title='bbox 1380 938 1477 991; x_wconf 92' lang='lat' dir='ltr'>quid</span> <span class='ocrx_word' id='word_1_60' title='bbox 1497 940 1654 992; x_wconf 88' lang='lat' dir='ltr'>praeripi</span> <span class='ocrx_word' id='word_1_61' title='bbox 1672 941 1686 977; x_wconf 89' lang='lat'>?</span> <span class='ocrx_word' id='word_1_62' title='bbox 1717 939 1847 978; x_wconf 89' lang='lat' dir='ltr'>statim</span> <span class='ocrx_word' id='word_1_63' title='bbox 1867 940 1914 978; x_wconf 90' lang='lat' dir='ltr'>ad</span> <span class='ocrx_word' id='word_1_64' title='bbox 1934 948 1973 978; x_wconf 91' lang='lat' dir='ltr'>te</span> 
     </span>
     <span class='ocr_line' id='line_1_9' title="bbox 579 1002 1973 1061; baseline -0.001 -16"><span class='ocrx_word' id='word_1_65' title='bbox 579 1006 817 1061; x_wconf 87' lang='lat' dir='ltr'>perscribam</span> <span class='ocrx_word' id='word_1_66' title='bbox 850 1006 998 1044; x_wconf 88' lang='lat' dir='ltr'>omnia.</span> <span class='ocrx_word' id='word_1_67' title='bbox 1051 1005 1114 1043; x_wconf 83' lang='lat' dir='ltr'>Ex</span> <span class='ocrx_word' id='word_1_68' title='bbox 1148 1003 1256 1042; x_wconf 90' lang='lat' dir='ltr'>illius</span> <span class='ocrx_word' id='word_1_69' title='bbox 1292 1002 1467 1042; x_wconf 88' lang='lat' dir='ltr'>sermone</span> <span class='ocrx_word' id='word_1_70' title='bbox 1499 1003 1679 1050; x_wconf 88' lang='lat' dir='ltr'>statuam,</span> <span class='ocrx_word' id='word_1_71' title='bbox 1720 1005 1973 1058; x_wconf 88' lang='lat' dir='ltr'>Arpinumne</span> 
     </span>
     <span class='ocr_line' id='line_1_10' title="bbox 579 1067 1971 1122; baseline -0.001 -12"><span class='ocrx_word' id='word_1_72' title='bbox 579 1070 685 1111; x_wconf 83' lang='lat' dir='ltr'>mihi</span> <span class='ocrx_word' id='word_1_73' title='bbox 703 1070 880 1109; x_wconf 87' lang='lat' dir='ltr'>eundum</span> <span class='ocrx_word' id='word_1_74' title='bbox 899 1069 961 1115; x_wconf 88' lang='lat' dir='ltr'>fit,</span> <span class='ocrx_word' id='word_1_75' title='bbox 991 1082 1038 1107; x_wconf 91' lang='lat' dir='ltr'>an</span> <span class='ocrx_word' id='word_1_76' title='bbox 1059 1081 1140 1122; x_wconf 91' lang='lat' dir='ltr'>quo</span> <span class='ocrx_word' id='word_1_77' title='bbox 1159 1068 1252 1107; x_wconf 86' lang='lat' dir='ltr'>alio.</span> <span class='ocrx_word' id='word_1_78' title='bbox 1284 1068 1390 1107; x_wconf 94' lang='lat' dir='ltr'>Volo</span> <span class='ocrx_word' id='word_1_79' title='bbox 1411 1067 1597 1107; x_wconf 89' lang='lat' dir='ltr'>Ciceroni</span> <span class='ocrx_word' id='word_1_80' title='bbox 1623 1082 1713 1107; x_wconf 90' lang='lat' dir='ltr'>meo</span> <span class='ocrx_word' id='word_1_81' title='bbox 1733 1079 1868 1122; x_wconf 85' lang='lat' dir='ltr'>togam</span> <span class='ocrx_word' id='word_1_82' title='bbox 1894 1083 1971 1122; x_wconf 86' lang='lat' dir='ltr'>pu·</span> 
     </span>
     <span class='ocr_line' id='line_1_11' title="bbox 581 1134 1974 1188; baseline -0.002 -12"><span class='ocrx_word' id='word_1_83' title='bbox 581 1151 664 1176; x_wconf 89' lang='lat' dir='ltr'>ram</span> <span class='ocrx_word' id='word_1_84' title='bbox 693 1136 809 1174; x_wconf 89' lang='lat' dir='ltr'>dare:</span> <span class='ocrx_word' id='word_1_85' title='bbox 841 1134 926 1180; x_wconf 84' lang='lat' dir='ltr'>istic</span> <span class='ocrx_word' id='word_1_86' title='bbox 956 1143 1069 1188; x_wconf 89' lang='lat' dir='ltr'>puto.</span> <span class='ocrx_word' id='word_1_87' title='bbox 1115 1134 1198 1178; x_wconf 90' lang='lat' dir='ltr'>Tu,</span> <span class='ocrx_word' id='word_1_88' title='bbox 1229 1134 1373 1186; x_wconf 84' lang='lat' dir='ltr'>quaeso,</span> <span class='ocrx_word' id='word_1_89' title='bbox 1404 1134 1536 1186; x_wconf 86' lang='lat' dir='ltr'>cogita</span> <span class='ocrx_word' id='word_1_90' title='bbox 1563 1134 1661 1186; x_wconf 91' lang='lat' dir='ltr'>quid</span> <span class='ocrx_word' id='word_1_91' title='bbox 1681 1134 1849 1173; x_wconf 91' lang='lat' dir='ltr'>deinde:</span> <span class='ocrx_word' id='word_1_92' title='bbox 1881 1147 1974 1173; x_wconf 88' lang='lat' dir='ltr'>nam</span> 
     </span>
     <span class='ocr_line' id='line_1_12' title="bbox 580 1198 1975 1252; baseline -0.002 -12"><span class='ocrx_word' id='word_1_93' title='bbox 580 1215 646 1241; x_wconf 89' lang='lat' dir='ltr'>me</span> <span class='ocrx_word' id='word_1_94' title='bbox 665 1200 850 1239; x_wconf 90' lang='lat' dir='ltr'>hebetem</span> <span class='ocrx_word' id='word_1_95' title='bbox 871 1199 1056 1237; x_wconf 87' lang='lat' dir='ltr'>molestiae</span> <span class='ocrx_word' id='word_1_96' title='bbox 1078 1198 1346 1237; x_wconf 90' lang='lat' dir='ltr'>reddiderunt.</span> <span class='ocrx_word' id='word_1_97' title='bbox 1378 1198 1415 1235; x_wconf 94' lang='lat' dir='ltr'>A</span> <span class='ocrx_word' id='word_1_98' title='bbox 1433 1199 1557 1236; x_wconf 90' lang='lat' dir='ltr'>Curio</span> <span class='ocrx_word' id='word_1_99' title='bbox 1573 1199 1694 1238; x_wconf 88' lang='lat' dir='ltr'>velim</span> <span class='ocrx_word' id='word_1_100' title='bbox 1714 1199 1810 1237; x_wconf 89' lang='lat' dir='ltr'>scire</span> <span class='ocrx_word' id='word_1_101' title='bbox 1829 1198 1975 1252; x_wconf 87' lang='lat' dir='ltr'>ecquid</span> 
     </span>
     <span class='ocr_line' id='line_1_13' title="bbox 581 1263 1970 1318; baseline -0.003 -12"><span class='ocrx_word' id='word_1_102' title='bbox 581 1267 629 1306; x_wconf 91' lang='lat' dir='ltr'>ad</span> <span class='ocrx_word' id='word_1_103' title='bbox 650 1276 687 1305; x_wconf 90' lang='lat' dir='ltr'>te</span> <span class='ocrx_word' id='word_1_104' title='bbox 708 1266 898 1318; x_wconf 88' lang='lat' dir='ltr'>scriptum</span> <span class='ocrx_word' id='word_1_105' title='bbox 918 1265 964 1303; x_wconf 87' lang='lat' dir='ltr'>fit</span> <span class='ocrx_word' id='word_1_106' title='bbox 984 1265 1031 1303; x_wconf 91' lang='lat' dir='ltr'>de</span> <span class='ocrx_word' id='word_1_107' title='bbox 1053 1265 1217 1303; x_wconf 92' lang='lat' dir='ltr'>Tirone.</span> <span class='ocrx_word' id='word_1_108' title='bbox 1256 1263 1321 1302; x_wconf 92' lang='lat' dir='ltr'>Ad</span> <span class='ocrx_word' id='word_1_109' title='bbox 1342 1277 1405 1302; x_wconf 90' lang='lat' dir='ltr'>me</span> <span class='ocrx_word' id='word_1_110' title='bbox 1425 1264 1532 1301; x_wconf 85' lang='lat' dir='ltr'>enim</span> <span class='ocrx_word' id='word_1_111' title='bbox 1553 1263 1632 1317; x_wconf 90' lang='lat' dir='ltr'>ipse</span> <span class='ocrx_word' id='word_1_112' title='bbox 1654 1265 1754 1303; x_wconf 92' lang='lat' dir='ltr'>Tiro</span> <span class='ocrx_word' id='word_1_113' title='bbox 1774 1265 1828 1302; x_wconf 91' lang='lat' dir='ltr'>ita</span> <span class='ocrx_word' id='word_1_114' title='bbox 1847 1264 1970 1317; x_wconf 85' lang='lat' dir='ltr'>scrip-</span> 
     </span>
     <span class='ocr_line' id='line_1_14' title="bbox 581 1329 1974 1382; baseline -0.002 -11"><span class='ocrx_word' id='word_1_115' title='bbox 581 1332 642 1378; x_wconf 87' lang='lat' dir='ltr'>fit,</span> <span class='ocrx_word' id='word_1_116' title='bbox 674 1341 719 1370; x_wconf 90' lang='lat' dir='ltr'>ut</span> <span class='ocrx_word' id='word_1_117' title='bbox 750 1343 878 1370; x_wconf 91' lang='lat' dir='ltr'>verear</span> <span class='ocrx_word' id='word_1_118' title='bbox 909 1330 1006 1382; x_wconf 89' lang='lat' dir='ltr'>quid</span> <span class='ocrx_word' id='word_1_119' title='bbox 1040 1338 1154 1381; x_wconf 90' lang='lat' dir='ltr'>agat:</span> <span class='ocrx_word' id='word_1_120' title='bbox 1187 1329 1257 1381; x_wconf 91' lang='lat' dir='ltr'>qui</span> <span class='ocrx_word' id='word_1_121' title='bbox 1286 1338 1417 1367; x_wconf 90' lang='lat' dir='ltr'>autem</span> <span class='ocrx_word' id='word_1_122' title='bbox 1447 1329 1612 1367; x_wconf 91' lang='lat' dir='ltr'>veniunt</span> <span class='ocrx_word' id='word_1_123' title='bbox 1641 1329 1747 1375; x_wconf 85' lang='lat' dir='ltr'>inde,</span> <span class='ocrx_word' id='word_1_124' title='bbox 1778 1329 1819 1367; x_wconf 92' lang='lat' dir='ltr'>id</span> <span class='ocrx_word' id='word_1_125' title='bbox 1853 1329 1974 1368; x_wconf 89' lang='lat' dir='ltr'>modo</span> 
     </span>
     <span class='ocr_line' id='line_1_15' title="bbox 583 1392 1974 1446; baseline -0.002 -10"><span class='ocrx_word' id='word_1_126' title='bbox 583 1397 783 1436; x_wconf 88' lang='lat' dir='ltr'>nuntiant.</span> <span class='ocrx_word' id='word_1_127' title='bbox 835 1396 931 1433; x_wconf 90' lang='lat' dir='ltr'>Sane</span> <span class='ocrx_word' id='word_1_128' title='bbox 959 1395 1001 1433; x_wconf 90' lang='lat' dir='ltr'>in</span> <span class='ocrx_word' id='word_1_129' title='bbox 1030 1394 1184 1446; x_wconf 89' lang='lat' dir='ltr'>magnis</span> <span class='ocrx_word' id='word_1_130' title='bbox 1214 1395 1319 1432; x_wconf 87' lang='lat' dir='ltr'>curis</span> <span class='ocrx_word' id='word_1_131' title='bbox 1348 1394 1468 1432; x_wconf 84' lang='lat' dir='ltr'>etiam</span> <span class='ocrx_word' id='word_1_132' title='bbox 1497 1392 1580 1432; x_wconf 86' lang='lat' dir='ltr'>haec</span> <span class='ocrx_word' id='word_1_133' title='bbox 1602 1408 1665 1433; x_wconf 90' lang='lat' dir='ltr'>me</span> <span class='ocrx_word' id='word_1_134' title='bbox 1686 1395 1899 1435; x_wconf 88' lang='lat' dir='ltr'>sollicitat:</span> <span class='ocrx_word' id='word_1_135' title='bbox 1931 1395 1974 1433; x_wconf 89' lang='lat' dir='ltr'>in</span> 
     </span>
     <span class='ocr_line' id='line_1_16' title="bbox 582 1457 1828 1513; baseline -0.002 -12"><span class='ocrx_word' id='word_1_136' title='bbox 582 1461 656 1502; x_wconf 91' lang='lat' dir='ltr'>hac</span> <span class='ocrx_word' id='word_1_137' title='bbox 676 1461 784 1500; x_wconf 88' lang='lat' dir='ltr'>enim</span> <span class='ocrx_word' id='word_1_138' title='bbox 803 1459 963 1499; x_wconf 89' lang='lat' dir='ltr'>fortuna</span> <span class='ocrx_word' id='word_1_139' title='bbox 981 1459 1161 1513; x_wconf 88' lang='lat' dir='ltr'>perutilis</span> <span class='ocrx_word' id='word_1_140' title='bbox 1182 1460 1265 1512; x_wconf 89' lang='lat' dir='ltr'>ejus</span> <span class='ocrx_word' id='word_1_141' title='bbox 1285 1468 1325 1498; x_wconf 91' lang='lat' dir='ltr'>et</span> <span class='ocrx_word' id='word_1_142' title='bbox 1344 1471 1460 1512; x_wconf 87' lang='lat' dir='ltr'>opera</span> <span class='ocrx_word' id='word_1_143' title='bbox 1479 1468 1518 1497; x_wconf 90' lang='lat' dir='ltr'>et</span> <span class='ocrx_word' id='word_1_144' title='bbox 1537 1457 1704 1499; x_wconf 89' lang='lat' dir='ltr'>fidelitas</span> <span class='ocrx_word' id='word_1_145' title='bbox 1724 1459 1828 1499; x_wconf 84' lang='lat' dir='ltr'>effet.</span> 
     </span>
    </p>
   </div>
   <div class='ocr_carea' id='block_1_4' title="bbox 918 1661 1632 1701">
    <p class='ocr_par' dir='ltr' id='par_1_5' title="bbox 918 1661 1632 1701">
     <span class='ocr_line' id='line_1_17' title="bbox 918 1661 1632 1701; baseline -0.003 0"><span class='ocrx_word' id='word_1_146' title='bbox 918 1663 1162 1701; x_wconf 78' lang='lat' dir='ltr'>CICERO</span> <span class='ocrx_word' id='word_1_147' title='bbox 1202 1661 1459 1699; x_wconf 75' lang='lat' dir='ltr'>ATTrco</span> <span class='ocrx_word' id='word_1_148' title='bbox 1500 1661 1632 1700; x_wconf 74' lang='lat' dir='ltr'><strong>SAL.</strong></span> 
     </span>
    </p>
   </div>
   <div class='ocr_carea' id='block_1_5' title="bbox 583 1788 1973 2565">
    <p class='ocr_par' dir='ltr' id='par_1_6' title="bbox 583 1788 1973 1862">
     <span class='ocr_line' id='line_1_18' title="bbox 583 1788 1973 1862; baseline -0.001 -32"><span class='ocrx_word' id='word_1_149' title='bbox 583 1791 742 1830; x_wconf 89' lang='lat' dir='ltr'>XVIII.</span> <span class='ocrx_word' id='word_1_150' title='bbox 769 1788 1185 1862; x_wconf 66' lang='lat' dir='ltr'>UTRUMQUE</span> <span class='ocrx_word' id='word_1_151' title='bbox 1215 1802 1264 1828; x_wconf 89' lang='lat' dir='ltr'>ex</span> <span class='ocrx_word' id='word_1_152' title='bbox 1285 1797 1355 1826; x_wconf 90' lang='lat' dir='ltr'>tuo</span> <span class='ocrx_word' id='word_1_153' title='bbox 1374 1789 1557 1827; x_wconf 74' lang='lat' dir='ltr'>consilio:</span> <span class='ocrx_word' id='word_1_154' title='bbox 1581 1801 1671 1826; x_wconf 84' lang='lat' dir='ltr'>nam</span> <span class='ocrx_word' id='word_1_155' title='bbox 1690 1796 1730 1826; x_wconf 87' lang='lat' dir='ltr'>et</span> <span class='ocrx_word' id='word_1_156' title='bbox 1749 1788 1874 1826; x_wconf 84' lang='lat' dir='ltr'>oratio</span> <span class='ocrx_word' id='word_1_157' title='bbox 1893 1788 1973 1829; x_wconf 85' lang='lat' dir='ltr'>fuit</span> 
     </span>
    </p>

    <p class='ocr_par' dir='ltr' id='par_1_7' title="bbox 583 1853 1973 2565">
     <span class='ocr_line' id='line_1_19' title="bbox 866 1853 1972 1906; baseline 0.001 -14"><span class='ocrx_word' id='word_1_158' title='bbox 866 1868 910 1893; x_wconf 90' lang='lat' dir='ltr'>ea</span> <span class='ocrx_word' id='word_1_159' title='bbox 929 1854 1070 1900; x_wconf 87' lang='lat' dir='ltr'>nostra,</span> <span class='ocrx_word' id='word_1_160' title='bbox 1094 1864 1137 1892; x_wconf 89' lang='lat' dir='ltr'>ut</span> <span class='ocrx_word' id='word_1_161' title='bbox 1158 1854 1256 1893; x_wconf 91' lang='lat' dir='ltr'>bene</span> <span class='ocrx_word' id='word_1_162' title='bbox 1276 1853 1408 1906; x_wconf 88' lang='lat' dir='ltr'>potius</span> <span class='ocrx_word' id='word_1_163' title='bbox 1429 1853 1497 1892; x_wconf 88' lang='lat' dir='ltr'>ille</span> <span class='ocrx_word' id='word_1_164' title='bbox 1517 1853 1565 1891; x_wconf 93' lang='lat' dir='ltr'>de</span> <span class='ocrx_word' id='word_1_165' title='bbox 1586 1853 1699 1891; x_wconf 89' lang='lat' dir='ltr'>nobis</span> <span class='ocrx_word' id='word_1_166' title='bbox 1719 1853 1972 1901; x_wconf 87' lang='lat' dir='ltr'>existimaret,</span> 
     </span>
     <span class='ocr_line' id='line_1_20' title="bbox 583 1917 1973 1973; baseline -0.001 -15"><span class='ocrx_word' id='word_1_167' title='bbox 583 1933 703 1973; x_wconf 89' lang='lat' dir='ltr'>quam</span> <span class='ocrx_word' id='word_1_168' title='bbox 723 1920 864 1972; x_wconf 86' lang='lat' dir='ltr'>gratias</span> <span class='ocrx_word' id='word_1_169' title='bbox 885 1929 1037 1972; x_wconf 84' lang='lat' dir='ltr'>ageret;</span> <span class='ocrx_word' id='word_1_170' title='bbox 1060 1928 1098 1957; x_wconf 91' lang='lat' dir='ltr'>et</span> <span class='ocrx_word' id='word_1_171' title='bbox 1119 1919 1160 1957; x_wconf 93' lang='lat' dir='ltr'>in</span> <span class='ocrx_word' id='word_1_172' title='bbox 1180 1932 1226 1957; x_wconf 91' lang='lat' dir='ltr'>eo</span> <span class='ocrx_word' id='word_1_173' title='bbox 1247 1918 1474 1963; x_wconf 89' lang='lat' dir='ltr'>manfimus,</span> <span class='ocrx_word' id='word_1_174' title='bbox 1497 1931 1544 1956; x_wconf 91' lang='lat' dir='ltr'>ne</span> <span class='ocrx_word' id='word_1_175' title='bbox 1564 1918 1610 1955; x_wconf 89' lang='lat' dir='ltr'>ad</span> <span class='ocrx_word' id='word_1_176' title='bbox 1632 1917 1785 1956; x_wconf 88' lang='lat' dir='ltr'>urbem.</span> <span class='ocrx_word' id='word_1_177' title='bbox 1818 1918 1892 1957; x_wconf 88' lang='lat' dir='ltr'>Illa</span> <span class='ocrx_word' id='word_1_178' title='bbox 1911 1918 1973 1958; x_wconf 84' lang='lat' dir='ltr'>fe-</span> 
     </span>
     <span class='ocr_line' id='line_1_21' title="bbox 584 1983 1973 2036; baseline -0.001 -12"><span class='ocrx_word' id='word_1_179' title='bbox 584 1985 787 2031; x_wconf 88' lang='lat' dir='ltr'>fellerunt,</span> <span class='ocrx_word' id='word_1_180' title='bbox 808 1985 968 2024; x_wconf 90' lang='lat' dir='ltr'>facilem</span> <span class='ocrx_word' id='word_1_181' title='bbox 988 1984 1095 2036; x_wconf 89' lang='lat' dir='ltr'>quod</span> <span class='ocrx_word' id='word_1_182' title='bbox 1116 1994 1364 2036; x_wconf 86' lang='lat' dir='ltr'>putaramus:</span> <span class='ocrx_word' id='word_1_183' title='bbox 1389 1983 1490 2022; x_wconf 88' lang='lat' dir='ltr'>nihil</span> <span class='ocrx_word' id='word_1_184' title='bbox 1512 1983 1592 2021; x_wconf 89' lang='lat' dir='ltr'>vidi</span> <span class='ocrx_word' id='word_1_185' title='bbox 1614 1983 1746 2022; x_wconf 87' lang='lat' dir='ltr'>minus</span> <span class='ocrx_word' id='word_1_186' title='bbox 1765 1999 1773 2021; x_wconf 93' lang='lat'>:</span> <span class='ocrx_word' id='word_1_187' title='bbox 1797 1984 1973 2023; x_wconf 87' lang='lat' dir='ltr'>damnari</span> 
     </span>
     <span class='ocr_line' id='line_1_22' title="bbox 585 2048 1971 2103; baseline -0.001 -13"><span class='ocrx_word' id='word_1_188' title='bbox 585 2051 621 2090; x_wconf 89' lang='lat' dir='ltr'>se</span> <span class='ocrx_word' id='word_1_189' title='bbox 642 2051 772 2090; x_wconf 91' lang='lat' dir='ltr'>nostro</span> <span class='ocrx_word' id='word_1_190' title='bbox 786 2050 956 2103; x_wconf 84' lang='lat' dir='ltr'>judicio,</span> <span class='ocrx_word' id='word_1_191' title='bbox 975 2049 1160 2088; x_wconf 87' lang='lat' dir='ltr'>tardiores</span> <span class='ocrx_word' id='word_1_192' title='bbox 1181 2048 1264 2087; x_wconf 91' lang='lat' dir='ltr'>fore</span> <span class='ocrx_word' id='word_1_193' title='bbox 1285 2049 1471 2100; x_wconf 89' lang='lat' dir='ltr'>reliquos,</span> <span class='ocrx_word' id='word_1_194' title='bbox 1494 2049 1519 2087; x_wconf 84' lang='lat' dir='ltr'>fi</span> <span class='ocrx_word' id='word_1_195' title='bbox 1543 2062 1611 2087; x_wconf 91' lang='lat' dir='ltr'>nos</span> <span class='ocrx_word' id='word_1_196' title='bbox 1635 2063 1712 2087; x_wconf 90' lang='lat' dir='ltr'>non</span> <span class='ocrx_word' id='word_1_197' title='bbox 1735 2051 1971 2096; x_wconf 89' lang='lat' dir='ltr'>venerimus,</span> 
     </span>
     <span class='ocr_line' id='line_1_23' title="bbox 583 2115 1971 2169; baseline -0.001 -13"><span class='ocrx_word' id='word_1_198' title='bbox 583 2117 726 2156; x_wconf 90' lang='lat' dir='ltr'>dicere.</span> <span class='ocrx_word' id='word_1_199' title='bbox 774 2117 876 2169; x_wconf 88' lang='lat' dir='ltr'>Ego,</span> <span class='ocrx_word' id='word_1_200' title='bbox 907 2115 1133 2154; x_wconf 81' lang='lat' dir='ltr'>diffimilem</span> <span class='ocrx_word' id='word_1_201' title='bbox 1163 2115 1325 2153; x_wconf 89' lang='lat' dir='ltr'>illorum</span> <span class='ocrx_word' id='word_1_202' title='bbox 1355 2115 1427 2153; x_wconf 81' lang='lat' dir='ltr'>esse</span> <span class='ocrx_word' id='word_1_203' title='bbox 1461 2115 1627 2153; x_wconf 81' lang='lat' dir='ltr'>causam.</span> <span class='ocrx_word' id='word_1_204' title='bbox 1675 2116 1781 2153; x_wconf 89' lang='lat' dir='ltr'>Cum</span> <span class='ocrx_word' id='word_1_205' title='bbox 1817 2117 1971 2161; x_wconf 82' lang='lat' dir='ltr'>multa;</span> 
     </span>
     <span class='ocr_line' id='line_1_24' title="bbox 584 2181 1973 2236; baseline -0.001 -14"><span class='ocrx_word' id='word_1_206' title='bbox 584 2184 687 2222; x_wconf 91' lang='lat' dir='ltr'>Veni</span> <span class='ocrx_word' id='word_1_207' title='bbox 710 2184 846 2236; x_wconf 89' lang='lat' dir='ltr'>igitur,</span> <span class='ocrx_word' id='word_1_208' title='bbox 877 2192 915 2221; x_wconf 85' lang='lat' dir='ltr'>et</span> <span class='ocrx_word' id='word_1_209' title='bbox 936 2196 1005 2235; x_wconf 83' lang='lat' dir='ltr'>age</span> <span class='ocrx_word' id='word_1_210' title='bbox 1025 2182 1072 2219; x_wconf 92' lang='lat' dir='ltr'>de</span> <span class='ocrx_word' id='word_1_211' title='bbox 1097 2195 1203 2234; x_wconf 86' lang='lat' dir='ltr'>pace.</span> <span class='ocrx_word' id='word_1_212' title='bbox 1251 2181 1413 2226; x_wconf 84' lang='lat' dir='ltr'>Meone‚</span> <span class='ocrx_word' id='word_1_213' title='bbox 1446 2181 1623 2233; x_wconf 85' lang='lat' dir='ltr'>inquam,</span> <span class='ocrx_word' id='word_1_214' title='bbox 1655 2182 1875 2220; x_wconf 83' lang='lat' dir='ltr'>arbitratu?</span> <span class='ocrx_word' id='word_1_215' title='bbox 1908 2185 1973 2221; x_wconf 88' lang='lat' dir='ltr'>An</span> 
     </span>
     <span class='ocr_line' id='line_1_25' title="bbox 584 2247 1973 2302; baseline -0.001 -15"><span class='ocrx_word' id='word_1_216' title='bbox 584 2250 675 2295; x_wconf 86' lang='lat' dir='ltr'>tibi,</span> <span class='ocrx_word' id='word_1_217' title='bbox 716 2249 862 2302; x_wconf 89' lang='lat' dir='ltr'>inquit,</span> <span class='ocrx_word' id='word_1_218' title='bbox 893 2262 966 2301; x_wconf 86' lang='lat' dir='ltr'>ego</span> <span class='ocrx_word' id='word_1_219' title='bbox 1001 2247 1278 2301; x_wconf 85' lang='lat' dir='ltr'>praescribam?</span> <span class='ocrx_word' id='word_1_220' title='bbox 1319 2247 1397 2292; x_wconf 86' lang='lat' dir='ltr'>Sic,</span> <span class='ocrx_word' id='word_1_221' title='bbox 1431 2247 1608 2299; x_wconf 83' lang='lat' dir='ltr'>inquam,</span> <span class='ocrx_word' id='word_1_222' title='bbox 1639 2260 1777 2299; x_wconf 80' lang='lat' dir='ltr'>agam:</span> <span class='ocrx_word' id='word_1_223' title='bbox 1816 2249 1973 2286; x_wconf 84' lang='lat' dir='ltr'>Senatui</span> 
     </span>
     <span class='ocr_line' id='line_1_26' title="bbox 585 2312 1971 2367; baseline -0.001 -14"><span class='ocrx_word' id='word_1_224' title='bbox 585 2328 663 2352; x_wconf 94' lang='lat' dir='ltr'>non</span> <span class='ocrx_word' id='word_1_225' title='bbox 687 2315 836 2367; x_wconf 88' lang='lat' dir='ltr'>placere</span> <span class='ocrx_word' id='word_1_226' title='bbox 867 2314 906 2351; x_wconf 89' lang='lat' dir='ltr'>in</span> <span class='ocrx_word' id='word_1_227' title='bbox 936 2312 1143 2366; x_wconf 87' lang='lat' dir='ltr'>Hispanias</span> <span class='ocrx_word' id='word_1_228' title='bbox 1165 2313 1227 2357; x_wconf 81' lang='lat' dir='ltr'>iri,</span> <span class='ocrx_word' id='word_1_229' title='bbox 1260 2326 1330 2350; x_wconf 89' lang='lat' dir='ltr'>nec</span> <span class='ocrx_word' id='word_1_230' title='bbox 1351 2312 1544 2350; x_wconf 83' lang='lat' dir='ltr'>exercitus</span> <span class='ocrx_word' id='word_1_231' title='bbox 1568 2313 1606 2349; x_wconf 91' lang='lat' dir='ltr'>in</span> <span class='ocrx_word' id='word_1_232' title='bbox 1630 2312 1824 2350; x_wconf 75' lang='lat' dir='ltr'>Graeciam</span> <span class='ocrx_word' id='word_1_233' title='bbox 1848 2313 1971 2351; x_wconf 82' lang='lat' dir='ltr'>trans-</span> 
     </span>
     <span class='ocr_line' id='line_1_27' title="bbox 587 2377 1970 2432; baseline -0.001 -15"><span class='ocrx_word' id='word_1_234' title='bbox 587 2381 759 2432; x_wconf 84' lang='lat' dir='ltr'>portari;</span> <span class='ocrx_word' id='word_1_235' title='bbox 793 2379 1010 2430; x_wconf 87' lang='lat' dir='ltr'>multaque,</span> <span class='ocrx_word' id='word_1_236' title='bbox 1043 2379 1218 2431; x_wconf 84' lang='lat' dir='ltr'>inquam,</span> <span class='ocrx_word' id='word_1_237' title='bbox 1251 2377 1296 2415; x_wconf 93' lang='lat' dir='ltr'>de</span> <span class='ocrx_word' id='word_1_238' title='bbox 1331 2379 1450 2415; x_wconf 73' lang='lat' dir='ltr'>Cnaeo</span> <span class='ocrx_word' id='word_1_239' title='bbox 1483 2377 1708 2430; x_wconf 80' lang='lat' dir='ltr'>deplorabo.</span> <span class='ocrx_word' id='word_1_240' title='bbox 1753 2378 1863 2415; x_wconf 90' lang='lat' dir='ltr'>Tum</span> <span class='ocrx_word' id='word_1_241' title='bbox 1889 2378 1970 2422; x_wconf 86' lang='lat' dir='ltr'>ille,</span> 
     </span>
     <span class='ocr_line' id='line_1_28' title="bbox 586 2442 1972 2497; baseline -0.003 -13"><span class='ocrx_word' id='word_1_242' title='bbox 586 2446 674 2497; x_wconf 86' lang='lat' dir='ltr'>Ego</span> <span class='ocrx_word' id='word_1_243' title='bbox 704 2458 794 2483; x_wconf 90' lang='lat' dir='ltr'>vero</span> <span class='ocrx_word' id='word_1_244' title='bbox 824 2444 891 2482; x_wconf 84' lang='lat' dir='ltr'>ista</span> <span class='ocrx_word' id='word_1_245' title='bbox 920 2444 999 2481; x_wconf 87' lang='lat' dir='ltr'>dici</span> <span class='ocrx_word' id='word_1_246' title='bbox 1031 2444 1137 2482; x_wconf 89' lang='lat' dir='ltr'>nolo.</span> <span class='ocrx_word' id='word_1_247' title='bbox 1186 2445 1243 2481; x_wconf 86' lang='lat' dir='ltr'>lta</span> <span class='ocrx_word' id='word_1_248' title='bbox 1273 2443 1474 2497; x_wconf 77' lang='lat' dir='ltr'>putabam,</span> <span class='ocrx_word' id='word_1_249' title='bbox 1508 2444 1696 2495; x_wconf 83' lang='lat' dir='ltr'>inquam:</span> <span class='ocrx_word' id='word_1_250' title='bbox 1731 2442 1792 2480; x_wconf 90' lang='lat' dir='ltr'>scd</span> <span class='ocrx_word' id='word_1_251' title='bbox 1822 2457 1896 2495; x_wconf 84' lang='lat' dir='ltr'>ego</span> <span class='ocrx_word' id='word_1_252' title='bbox 1926 2458 1972 2481; x_wconf 82' lang='lat' dir='ltr'>eo</span> 
     </span>
     <span class='ocr_line' id='line_1_29' title="bbox 586 2507 1973 2565; baseline -0.003 -15"><span class='ocrx_word' id='word_1_253' title='bbox 586 2510 679 2550; x_wconf 91' lang='lat' dir='ltr'>nolo</span> <span class='ocrx_word' id='word_1_254' title='bbox 699 2510 833 2557; x_wconf 80' lang='lat' dir='ltr'>adeffc,</span> <span class='ocrx_word' id='word_1_255' title='bbox 864 2508 972 2565; x_wconf 85' lang='lat' dir='ltr'>quod</span> <span class='ocrx_word' id='word_1_256' title='bbox 1001 2519 1066 2549; x_wconf 87' lang='lat' dir='ltr'>aut</span> <span class='ocrx_word' id='word_1_257' title='bbox 1097 2510 1146 2549; x_wconf 78' lang='lat' dir='ltr'>sic</span> <span class='ocrx_word' id='word_1_258' title='bbox 1178 2507 1278 2549; x_wconf 81' lang='lat' dir='ltr'>mihi</span> <span class='ocrx_word' id='word_1_259' title='bbox 1306 2508 1518 2549; x_wconf 83' lang='lat' dir='ltr'>dicendum</span> <span class='ocrx_word' id='word_1_260' title='bbox 1538 2508 1606 2555; x_wconf 86' lang='lat' dir='ltr'>est,</span> <span class='ocrx_word' id='word_1_261' title='bbox 1638 2508 1856 2562; x_wconf 83' lang='lat' dir='ltr'>multaque,</span> <span class='ocrx_word' id='word_1_262' title='bbox 1887 2521 1973 2561; x_wconf 71' lang='lat' dir='ltr'>qua·</span> 
     </span>
    </p>
   </div>
  </div>
 </body>
</html>
