2243 3008
586 212 664 264 296
939 210 1627 250 EPISTOLARUM

924 448 1166 486 Crczsso
1207 447 1462 484 Arrrco
1503 447 1634 485 SAL.

583 575 640 614 11.
665 573 762 647 LI
777 575 815 613 T
830 575 863 613 E
879 575 915 612 R
928 575 964 612 A
980 574 1002 611 S
1033 582 1116 610 tuas
1137 571 1269 624 accepi
1297 571 1423 624 pridie
1442 571 1580 610 Nonas
1601 572 1719 612 Febr.
1741 585 1865 627 eoque
1885 573 1969 626 ipso

762 640 825 678 die
844 654 891 678 ex
912 639 1141 677 testamento
1162 638 1266 676 crevi
1292 636 1565 675 hereditatem.
1610 638 1673 676 Ex
1702 639 1840 678 multis
1870 639 1968 677 meis

582 706 810 746 miserrimis
845 705 948 742 curis
982 703 1036 742 est
1070 716 1147 741 una
1178 703 1317 747 levata,
1349 702 1390 748 fi,
1423 710 1467 740 ut
1497 701 1648 747 scribis,
1681 702 1748 741 ista
1775 703 1969 743 hereditas

583 771 704 810 fidem
724 779 762 808 et
783 769 929 807 famam
949 782 1076 807 meam
1098 768 1198 806 tueri
1218 767 1343 820 potest
1355 787 1368 813 ς
1391 780 1509 820 quam
1531 766 1694 820 quidem
1715 777 1752 805 te
1772 769 1969 822 intelligo,

583 837 702 874 etiam
723 835 800 873 fine
821 833 1049 878 hereditate,
1081 833 1159 871 tuis
1181 833 1324 885 opibus
1345 831 1597 871 defensurum
1618 831 1743 871 fuiffe.
1790 834 1853 872 De
1881 833 1971 872 dote

582 901 691 954 quod
711 900 862 945 scribis,
894 913 962 952 per
981 911 1118 937 omnes
1139 898 1231 936 deos
1252 907 1290 936 te
1309 897 1494 943 obtestor,
1527 907 1571 936 ut
1597 907 1721 937 totam
1747 912 1829 936 rem
1851 898 1971 937 susci-

581 968 680 1019 pias,
711 975 750 1005 et
782 966 892 1003 illam
923 964 1103 1003 miseram
1136 977 1222 1002 mea
1250 963 1367 1017 culpa
1395 972 1434 1002 et
1462 964 1704 1016 negligentia
1724 974 1853 1002 tueare
1873 965 1971 1003 meis

581 1033 741 1086 opibus,
773 1031 800 1070 fi
821 1044 906 1083 quae
926 1030 1044 1075 sunt;
1077 1029 1170 1074 tuis,
1197 1029 1344 1082 quibus
1366 1029 1440 1067 tibi
1461 1029 1669 1068 molestum
1691 1043 1768 1068 non
1789 1030 1878 1075 erit,
1909 1029 1968 1068 fa-

580 1096 821 1136 cultatibus:
853 1096 919 1134 cui
939 1094 1104 1148 quidem
1123 1093 1244 1132 deesse
1263 1093 1411 1139 omnia,
1442 1093 1549 1147 quod
1571 1093 1721 1139 scribis,
1752 1094 1912 1133 obsecro
1933 1104 1971 1134 te

582 1163 666 1201 noli
686 1162 795 1215 pati;
827 1162 869 1199 in
898 1173 997 1213 quos
1027 1160 1135 1198 enim
1162 1159 1342 1212 sumptus
1363 1159 1509 1197 abeunt
1529 1158 1679 1198 fructus
1700 1160 1935 1212 praediorum
1955 1162 1969 1197 ?

581 1229 671 1280 Jam
702 1227 770 1266 illa
799 1225 893 1265 H-S
926 1239 999 1264 Lx.
1032 1238 1118 1278 quae
1148 1223 1300 1269 scribis,
1331 1237 1449 1263 nemo
1477 1223 1579 1263 mihi
1605 1238 1780 1278 unquam
1801 1225 1902 1264 dixit
1922 1236 1971 1264 ex

581 1295 674 1333 dote
692 1293 765 1333 effe
784 1292 980 1337 detracta,
1013 1304 1218 1344 nunquam
1237 1291 1344 1330 enim
1364 1290 1480 1330 effem
1500 1290 1640 1344 passus.
1686 1291 1759 1329 Sed
1784 1290 1868 1330 haec
1890 1292 1969 1330 mi-

581 1362 691 1399 nima
709 1359 763 1398 est
781 1372 830 1397 ex
850 1359 898 1396 iis
918 1357 1089 1410 injuriis,
1110 1370 1206 1410 quas
1226 1356 1359 1410 accepi
1375 1375 1387 1402 ς
1418 1357 1466 1395 de
1487 1357 1632 1409 quibus
1653 1356 1699 1395 ad
1721 1366 1757 1395 te
1778 1356 1912 1396 dolore
1931 1367 1972 1396 et

579 1424 765 1477 lacrymis
786 1423 952 1462 scribere
971 1420 1197 1475 prohibeor.
1241 1423 1305 1460 Ex
1324 1434 1368 1459 ea
1388 1422 1568 1474 pecunia,
1598 1436 1686 1475 quae
1705 1421 1784 1460 fuit
1803 1423 1845 1461 in
1867 1423 1970 1468 Afia,

581 1501 733 1546 partem
753 1489 962 1528 dimidiam
986 1487 1066 1527 fere
1094 1488 1223 1540 exegi.
1268 1488 1418 1525 Tutius
1447 1487 1653 1526 videbatur
1681 1487 1766 1526 fore
1796 1488 1869 1533 ibi,
1900 1489 1971 1527 ubi

578 1557 649 1603 est,
680 1569 799 1610 quam
819 1554 921 1608 apud
946 1554 1195 1606 publicanos.
1241 1552 1362 1604 Qod
1391 1565 1455 1590 me
1483 1552 1652 1591 hortaris
1682 1562 1726 1591 ut
1755 1553 1872 1592 firmo
1901 1554 1972 1593 [im

578 1624 727 1668 animo,
765 1621 908 1660 vellem
942 1619 1064 1673 poss‘es
1098 1617 1250 1671 aliquid
1284 1617 1433 1663 afferre,
1476 1619 1735 1671 quamobrem
1770 1619 1811 1657 id
1844 1619 1971 1659 facere

580 1687 756 1743 possem:
789 1687 867 1732 sed,
899 1686 925 1724 sl
960 1685 1007 1724 ad
1040 1694 1196 1724 caeteras
1230 1683 1402 1723 miserias
1437 1684 1590 1723 acceffit
1623 1685 1741 1723 etiam
1775 1685 1831 1730 id,
1862 1686 1971 1739 quod

578 1753 682 1795 mihi
703 1753 948 1805 Chryfippus
968 1751 1071 1790 dixit
1090 1750 1230 1804 parari,
1264 1751 1327 1802 (tu
1357 1750 1459 1789 nihil
1490 1750 1729 1803 significasti)
1761 1749 1809 1788 de
1832 1750 1968 1796 domo,

578 1821 670 1874 quis
691 1833 754 1858 me
775 1818 952 1857 miserior
978 1830 1058 1856 uno
1079 1818 1163 1869 jam
1192 1815 1304 1854 fuit?
1337 1817 1435 1861 Oro,
1465 1816 1640 1861 obsecro,
1672 1815 1856 1868 ignosce:
1889 1830 1968 1855 non

578 1886 733 1940 pofl‘um
752 1885 866 1938 plura
886 1883 1065 1922 scribere.
1099 1884 1262 1934 Qanto
1281 1895 1448 1921 moerore
1469 1895 1618 1935 urgear,
1641 1880 1817 1934 profecto
1837 1881 1942 1921 vides
1956 1897 1968 1921 ε

580 1951 689 2005 quod
718 1951 744 1989 fi
775 1949 876 1989 mihi
896 1962 1109 1988 commune
1129 1961 1224 1986 cum
1244 1948 1392 1986 caeteris
1412 1947 1519 1992 esset,
1549 1948 1618 2001 qui
1638 1947 1822 1986 videntur
1842 1947 1882 1985 in
1903 1961 1969 1986 ea-

580 2018 671 2056 dem
691 2016 802 2055 causa
821 2014 907 2060 effe,
939 2015 1070 2053 minor
1090 2026 1176 2053 mea
1203 2013 1321 2066 culpa
1342 2013 1550 2058 videretur,
1581 2022 1620 2051 et
1649 2027 1695 2052 eo
1727 2013 1972 2052 tolerabilior

577 2083 684 2122 effet.
723 2083 847 2122 Nunc
868 2080 969 2119 nihil
990 2079 1057 2125 est,
1089 2078 1195 2133 quod
1215 2079 1466 2125 consoletur,
1500 2079 1568 2118 nili
1590 2079 1686 2131 quid
1708 2087 1749 2117 tu
1771 2078 1910 2124 efficis,
1941 2079 1967 2117 fi

578 2148 700 2188 modo
732 2148 850 2186 etiam
887 2160 992 2187 nunc
1025 2146 1127 2184 effici
1164 2145 1302 2198 potest,
1345 2154 1390 2184 ut
1422 2158 1470 2184 ne
1501 2159 1578 2198 qua
1610 2144 1792 2197 lingulati
1824 2144 1970 2182 afficiar

578 2214 801 2253 calamitate
829 2223 869 2251 et
899 2213 1055 2265 injuria.
1102 2211 1272 2250 Tardius
1294 2211 1339 2249 ad
1362 2221 1397 2250 te
1419 2211 1544 2250 remisi
1569 2210 1830 2254 tabellarium,
1861 2210 1968 2262 quod

580 2281 744 2334 potestas
766 2279 951 2319 mittendi
980 2291 1058 2317 non
1087 2277 1179 2316 fuit.
1228 2279 1261 2316 Α
1285 2278 1362 2316 tuis
1384 2287 1421 2317 et
1444 2289 1698 2316 nummorum
1720 2277 1852 2328 accepi
1876 2277 1968 2315 H-S

581 2360 686 2386 Lxx.
710 2356 748 2385 et
769 2346 1089 2384 vestimentorum
1111 2344 1217 2397 quod
1249 2358 1348 2397 opus
1381 2343 1473 2383 fuit.
1520 2343 1677 2392 Qibus
1710 2342 1783 2380 tibi
1814 2342 1966 2381 videbi·

578 2422 658 2459 tur,
689 2412 810 2452 velim
841 2412 907 2451 des
940 2411 1069 2450 literas
1102 2424 1191 2450 meo
1223 2410 1399 2450 nomine.
1446 2409 1561 2449 Nosti
1597 2422 1704 2447 meos
1739 2407 1964 2447 familiares.
