2243 3008
551 271 658 310 AD
716 268 1150 308 ATTICUM
1217 269 1360 309 LIB.
1412 273 1464 311 V.
1630 279 1701 327 1¹43

315 379 514 425 acceperat
551 369 697 413 literas,
742 381 947 421 nunquam
985 367 1183 421 hospitem
1216 369 1379 409 viderat.
1434 372 1540 410 Illud
1573 383 1706 412 autem

316 448 471 491 tempus
493 436 704 488 quotannis
724 444 814 472 ante
833 447 897 472 me
917 433 1043 472 fuerat
1064 434 1103 472 in
1125 433 1203 473 hoc
1222 435 1384 487 quaestu.
1431 437 1620 477 Civitates
1642 440 1704 477 lo-

315 504 506 557 cupletes,
538 515 587 539 ne
615 502 657 539 in
687 500 852 539 hiberna
881 500 1030 538 milites
1060 501 1293 553 reciperent,
1323 515 1484 554 magnas
1520 507 1705 556 pecunias

315 569 484 607 dabant:
517 567 656 619 Cyprii
678 566 824 604 talenta
843 566 979 604 Attica
1000 578 1052 604 cc
1069 584 1080 611 ;
1104 579 1182 618 qua
1200 580 1248 605 ex
1268 567 1394 605 insula
1417 571 1515 620 (non
1535 567 1705 618 omem-

314 631 389 674 κῶς,
418 634 483 672 sed
511 633 702 672 veriffime
731 632 890 685 loquor)
924 645 1112 670 nummus
1142 633 1278 671 nullus
1308 647 1373 672 me
1393 635 1598 673 obtinente
1618 649 1705 674 ero-

315 700 487 753 gabitur.
535 699 603 737 Ob
628 697 712 737 haec
742 697 946 742 beneficia,
977 697 1123 750 quibus
1152 698 1215 735 illi
1249 698 1543 751 obstupescunt,
1575 701 1706 739 nullos

314 765 484 804 honores
508 762 626 809 mihi,
657 763 728 801 nifi
749 762 974 807 verborum,
1005 762 1162 800 decerni
1191 763 1272 801 s1no
1288 783 1300 808 5
1332 763 1488 809 statuas,
1519 763 1622 810 fana,
1653 767 1705 798 π’-

315 827 461 879 θριππτι,
490 828 710 882 prohibeo:
743 842 814 866 nec
845 827 931 866 sum
960 828 1003 865 in
1033 827 1114 866 ulla
1142 842 1182 867 re
1211 829 1285 866 alia
1313 829 1499 868 molestus
1531 831 1707 868 civitati-

316 897 389 935 bus
406 915 419 942 ;
452 896 514 934 sed
534 894 688 934 fortasse
708 895 798 940 tibi,
821 895 891 947 qui
910 893 994 932 haec
1015 894 1225 947 praedicem
1245 895 1293 933 de
1313 909 1391 933 rne.
1424 895 1572 941 Perfer,
1595 897 1621 934 fi
1643 910 1707 935 me

316 975 448 1000 amas:
482 970 525 999 tu
554 961 663 999 enim
691 974 756 998 me
789 959 872 998 haec
907 958 1034 997 facere
1062 959 1234 998 voluisti.
1281 961 1361 998 Iter
1394 961 1518 1013 igitur
1552 962 1606 999 ita
1639 975 1710 1015 per

316 1027 449 1065 Asiam
469 1025 563 1071 feci,
593 1035 639 1064 ut
657 1026 777 1064 etiam
797 1024 936 1070 fames,
967 1038 1045 1077 qua
1075 1024 1178 1063 nihil
1207 1025 1386 1064 miserius
1413 1025 1482 1071 est,
1513 1040 1599 1080 quae
1621 1036 1709 1065 tum

316 1102 396 1131 erat
416 1093 457 1130 in
478 1091 551 1130 hac
572 1104 659 1129 mea
678 1091 782 1136 Afia,
816 1091 961 1144 (meffis
982 1091 1090 1129 enim
1112 1090 1222 1129 nulla
1247 1090 1392 1142 fuerat)
1416 1091 1517 1130 mihi
1538 1092 1710 1145 optanda

316 1158 451 1196 fuerit.
498 1159 748 1210 Qacunque
780 1156 856 1195 iter
888 1155 982 1202 feci,
1024 1157 1134 1194 nulla
1166 1157 1221 1202 vi,
1256 1157 1369 1195 nullo
1397 1157 1568 1209 judicio,
1599 1158 1710 1196 nulla

315 1222 559 1261 contumelia
574 1239 586 1266 3
617 1221 847 1260 au&oritate
875 1219 1216 1259 et·c0h0rtati0ne
1242 1220 1405 1274 perfeci,
1437 1231 1481 1259 ut
1501 1231 1539 1260 et
1560 1222 1708 1267 Graeci,

316 1297 356 1326 et
374 1288 478 1326 cives
499 1288 688 1333 Romani,
722 1287 792 1340 qui
812 1285 1061 1324 frumentum
1081 1286 1396 1339 compresserant,
1419 1300 1609 1339 magnum
1631 1301 1708 1326 nu-

317 1366 472 1391 merum
492 1352 651 1406 populis
672 1352 970 1405 pollicerentur.
1017 1351 1155 1390 Idibus
1186 1352 1425 1397 Februariis,
1456 1366 1537 1405 quo
1557 1352 1620 1390 die
1639 1352 1710 1391 has

316 1419 448 1457 literas
469 1418 574 1465 dedi,
605 1418 739 1457 forum
759 1418 1004 1456 institueram
1032 1431 1145 1470 agere
1173 1418 1377 1456 Laodiceae
1402 1419 1707 1471 Cybiraticum:

319 1484 538 1536 Apamense
571 1497 620 1522 ex
653 1483 790 1522 Idibus
826 1483 982 1529 Martii,
1022 1484 1173 1522 ibidem
1209 1483 1469 1535 Synnadense,
1506 1483 1710 1537 Pamphy-

318 1550 435 1594 lium,
468 1551 576 1601 (tum
597 1548 766 1587 Phemio
785 1549 991 1602 dispiciam
1021 1547 1136 1599 κέρας)
1168 1550 1431 1601 Lycaonium,
1464 1550 1708 1588 Isauricum:

318 1629 366 1653 ex
388 1615 524 1653 Idibus
545 1615 664 1660 Maii,
694 1615 736 1653 in
758 1615 960 1660 Ciliciam,
982 1623 1027 1652 ut
1047 1615 1104 1652 ibi
1125 1615 1269 1666 Junius
1290 1615 1566 1654 consumatur:
1589 1616 1711 1654 velim

319 1680 532 1733 tranquille
558 1694 578 1718 a
610 1679 780 1719 Parthis.
828 1680 1040 1732 Qintilis,
1072 1680 1098 1718 fi
1119 1681 1192 1718 erit
1215 1690 1259 1718 ut
1277 1681 1478 1726 volumus,
1508 1681 1550 1719 in
1571 1682 1712 1719 itinere

318 1745 373 1784 est
402 1759 470 1799 per
499 1745 744 1798 provinciam
775 1745 1030 1783 redeuntibus
1051 1745 1369 1784 consumendus:
1402 1747 1582 1785 venimus
1602 1747 1712 1785 enim

320 1813 361 1850 in
392 1812 636 1865 provinciam
671 1812 923 1856 Laodiceam,
956 1811 1133 1864 Sulpicio
1162 1821 1201 1850 et
1232 1812 1426 1850 Marcello
1457 1812 1548 1851 coff.
1584 1813 1713 1865 pridie

321 1878 411 1916 Kal.
435 1877 629 1916 Sextiles:
666 1877 757 1915 inde
787 1890 858 1916 nos
884 1886 1041 1930 oportet
1061 1877 1245 1915 decedere
1279 1891 1315 1916 a.
1346 1877 1386 1916 d.
1419 1891 1463 1916 1v
1486 1878 1576 1917 Kal.
1601 1879 1709 1918 Sext.

321 1944 503 1982 Primum
523 1943 760 1982 contendam
791 1957 812 1982 a
836 1944 994 1995 Qinto
1025 1943 1158 1988 fratre,
1189 1952 1234 1981 ut
1265 1943 1301 1981 se
1332 1944 1479 1996 praefici
1510 1944 1709 1997 patiatur:

321 2009 428 2063 quod
447 2018 487 2048 et
506 2009 578 2048 illo
598 2018 638 2047 et
657 2023 721 2048 me
742 2009 972 2047 invitiffimo
993 2008 1061 2047 fiet
1079 2024 1087 2047 :
1121 2008 1184 2046 sed
1205 2009 1316 2047 aliter
1336 2008 1495 2047 honeste
1516 2008 1600 2047 fieri
1632 2023 1712 2048 non

320 2075 460 2128 potest,
491 2074 705 2128 praesertim
725 2089 835 2121 cum,
865 2075 996 2114 virum
1016 2075 1232 2128 optimum,
1264 2075 1498 2114 Pontinium
1530 2089 1579 2113 ne
1605 2089 1712 2114 nunc

320 2141 483 2193 quidem
504 2140 669 2179 retinere
688 2141 843 2194 poffim.
881 2141 1003 2194 Rapit
1022 2141 1130 2179 enim
1150 2139 1356 2179 hominem
1379 2141 1603 2179 Postumius
1625 2141 1710 2179 Ro-

321 2220 443 2253 mam,
474 2205 628 2246 fortaffe
656 2208 776 2246 etiam
809 2207 1021 2246 Postumia.
1069 2207 1203 2245 Habes
1235 2207 1395 2245 confilia
1420 2206 1571 2244 nostra:
1605 2220 1713 2245 nunc

323 2272 513 2324 cognosce
544 2272 592 2311 de
626 2274 764 2311 Bruto.
812 2273 1040 2311 Familiares
1072 2272 1192 2310 habet
1222 2273 1366 2310 Brutus
1401 2280 1490 2309 tuus
1522 2271 1712 2324 quosdam

323 2337 532 2375 creditores
554 2337 857 2377 Salaminiorum
877 2352 925 2376 ex
948 2340 1097 2390 Cypro,
1129 2338 1193 2376 M.
1218 2337 1421 2389 Scaptium
1448 2346 1487 2375 et
1514 2337 1559 2375 P.
1583 2337 1711 2375 Mati-

324 2403 452 2447 nium,
483 2416 582 2454 quos
611 2403 714 2442 mihi
739 2406 929 2458 majorem
959 2405 1001 2442 in
1033 2404 1199 2443 modum
1231 2403 1538 2441 commendavit.
1584 2403 1711 2440 Mati-

325 2468 438 2505 nium
459 2480 535 2505 non
559 2468 664 2506 novi.
697 2470 874 2522 Scaptius
894 2470 942 2508 ad
962 2483 1025 2508 me
1046 2471 1086 2508 in
1107 2470 1226 2508 castra
1241 2470 1362 2507 venit.
1397 2469 1604 2507 Pollicitus
1627 2468 1711 2505 sum

325 2541 552 2572 curaturum
579 2546 643 2571 me
674 2533 788 2573 Bruti
818 2535 943 2581 causa,
975 2544 1019 2574 ut
1048 2536 1084 2573 ei
1117 2535 1319 2574 Salaminii
1350 2534 1558 2587 pecuniam
1587 2533 1710 2571 solve—
