2243 3008
469 232 577 271 AD
635 227 1064 268 ATTICUM
1131 229 1441 271 L1B.X1v.
1570 246 1649 286 399

265 330 435 368 Antonii
461 326 630 373 ὃιαᾉεσ-ινι
661 341 782 380 quem
810 327 971 380 quidem
996 340 1070 380 ego
1097 328 1302 380 epularum
1331 332 1454 383 magis
1481 333 1649 371 arbitror

268 396 458 433 rationem
477 393 634 438 habere,
664 406 784 446 quam
804 393 1022 446 quidquam
1042 393 1136 431 mali
1156 393 1341 445 cogitare.
1385 397 1467 442 Tu,
1497 399 1524 436 fi
1550 398 1649 451 quid

258 459 513 512 pragmaticon
545 458 681 502 habes,
717 458 867 497 scribe:
910 459 964 497 s1n
999 459 1147 503 minus,
1183 458 1322 511 populi
1354 455 1577 508 ἐπισημα-ίαν
1608 472 1649 500 et

265 524 483 563 mimorum
504 523 606 561 dicta
625 524 870 577 perscribito.
904 524 1012 562 Piliae
1032 533 1071 562 et
1091 524 1236 562 Atticae
1256 523 1437 564 salutem.

601 724 842 762 CICERO
883 724 1138 761 AT'rxco
1179 723 1311 764 SAL.

264 852 340 889 IV.
363 850 446 922 N
462 851 600 889 UNC
631 851 728 903 quid
756 860 868 904 putas
895 864 959 888 me
979 849 1148 889 Lanuvii
1166 851 1180 888 ?
1211 852 1268 888 At
1287 865 1360 904 ego
1381 861 1418 891 te
1438 853 1522 892 istic
1543 868 1646 907 quo-

480 916 575 954 tidie
604 917 755 969 aliquid
784 917 875 954 novi
902 916 1086 969 suspicor.
1131 917 1311 955 Tument
1340 920 1522 971 negotia:
1556 934 1649 959 nam

264 994 357 1019 cum
378 981 545 1026 Matius,
567 981 663 1033 quid
683 981 812 1019 censes
833 991 990 1019 caeteros
1009 983 1022 1018 ?
1045 980 1242 1032 Equidem
1263 981 1392 1028 doleo,
1415 984 1521 1036 quod
1541 998 1648 1023 nun-

263 1060 382 1098 quam
403 1048 444 1084 in
466 1047 546 1084 ulla
566 1047 723 1085 civitate
744 1047 902 1091 accidit,
926 1060 1004 1084 non
1026 1060 1102 1084 una
1122 1060 1215 1084 cum
1235 1047 1414 1086 libertate
1435 1049 1646 1102 Rempub-

263 1111 382 1149 licam
414 1121 696 1164 recuperatam.
739 1112 944 1149 Horribile
975 1111 1028 1149 est
1054 1125 1140 1163 quae
1160 1112 1386 1163 loquantur,
1417 1127 1502 1165 quae
1523 1115 1647 1153 mini-

263 1186 423 1221 tentur;
456 1191 499 1214 ac
520 1191 652 1214 vereor
673 1176 828 1214 Gallica
847 1177 965 1214 etiam
988 1177 1116 1221 bella3
1139 1177 1218 1229 ipse
1239 1178 1376 1215 Sextus
1398 1192 1476 1230 quo
1497 1180 1646 1218 evadat.

264 1241 336 1278 Sed
357 1243 490 1279 omnia
509 1243 602 1279 licet
622 1251 870 1286 concurrant,
903 1242 995 1280 Idus
1025 1242 1181 1279 Martiae
1202 1242 1465 1283 consolantur.
1512 1245 1651 1283 Nostri

262 1316 394 1344 autem
427 1304 530 1356 ἥρωες,
573 1307 679 1359 quod
712 1321 780 1359 per
811 1307 912 1359 ipsos
948 1307 1094 1345 confici
1125 1308 1271 1359 potuit,
1309 1309 1575 1360 gloriofiffime
1608 1320 1649 1349 et

261 1371 642 1424 magnificentissime
672 1371 956 1411 confecerunt:
989 1372 1148 1424 reliquae
1173 1385 1233 1410 res
1254 1386 1345 1425 opes
1367 1383 1405 1411 et
1425 1375 1555 1427 copias
1577 1375 1648 1412 de-

261 1438 440 1483 fiderant,
471 1452 566 1490 quas
586 1438 713 1476 nullas
733 1438 944 1477 habemus.
972 1438 1071 1476 Haec
1091 1451 1164 1490 ego
1184 1437 1231 1475 ad
1251 1447 1304 1484 te,
1326 1448 1370 1477 ut
1390 1440 1416 1477 fi
1437 1440 1534 1492 quid
1554 1442 1649 1479 novi

265 1505 376 1553 (nam
396 1503 574 1556 quotidie
594 1503 745 1554 aliquid
764 1503 943 1555 expecto)
973 1501 1181 1541 confestim
1208 1503 1256 1540 ad
1285 1517 1377 1549 me;
1409 1515 1462 1550 et,
1493 1505 1521 1542 fi
1554 1508 1648 1544 novi

261 1567 380 1613 nihil,
424 1568 554 1606 nostro
588 1582 696 1605 more
731 1578 861 1606 tamen
894 1582 942 1606 ne
976 1569 1171 1620 patiamur
1203 1568 1418 1608 intermitti
1453 1571 1644 1609 literulas.

259 1633 461 1686 Equidem
482 1647 562 1671 non
582 1634 848 1671 committam.

600 1834 842 1871 CICERO
882 1833 1139 1872 Arrxco
1180 1834 1313 1873 SAL.

263 1962 317 2001 V.
339 1961 386 2033 S
405 1962 482 2000 PE
501 1961 590 1999 Ro
621 1959 697 1997 tibi
724 1961 809 2011 jam
842 1959 914 1998 effe
949 1969 993 1998 ut
1021 1960 1234 2007 volumus;
1265 1961 1455 2014 quoniam
1483 1962 1646 2014 quidem

414 2024 584 2071 ἧσ-ίτηο-αις,
615 2038 708 2063 curn
729 2025 866 2063 leviter
886 2035 1110 2064 commotus
1130 2027 1220 2065 effes
1238 2041 1248 2065 x
1279 2026 1344 2064 sed
1373 2036 1503 2065 tamen
1523 2028 1646 2065 velim

262 2091 357 2130 scire
389 2091 486 2144 quid
517 2104 619 2143 agas.
666 2091 784 2142 Signa
815 2090 932 2135 bella,
963 2091 1071 2143 quod
1101 2092 1273 2130 Calvena
1299 2091 1460 2130 moleste
1485 2091 1577 2137 fert,
1607 2092 1644 2129 se

260 2157 478 2211 suspectum
500 2156 572 2194 effe
593 2158 743 2195 Bruto:
775 2156 844 2194 illa
872 2156 978 2208 signa
1005 2171 1085 2195 non
1110 2158 1226 2203 bona,
1257 2158 1284 2195 fi
1314 2170 1408 2194 cum
1436 2157 1553 2209 fignis
1584 2157 1642 2195 le-

261 2224 397 2276 giones
417 2223 581 2262 veniunt
600 2236 620 2261 e
642 2222 787 2261 Gallia.
831 2222 943 2274 Qid
971 2232 1016 2261 tu
1044 2223 1129 2262 illas
1155 2234 1282 2276 putas,
1313 2236 1400 2274 quae
1419 2221 1579 2260 fuerunt
1600 2224 1644 2260 in

260 2289 466 2341 Hispania,
497 2302 627 2326 nonne
646 2287 751 2326 idem
771 2287 1028 2341 postulaturas
1047 2290 1061 2326 Ρ
1092 2289 1204 2341 quid,
1225 2301 1319 2341 quas
1340 2288 1496 2325 Annius
1518 2288 1642 2325 trans-

259 2355 429 2407 portavit
448 2355 460 2391 ?
493 2354 708 2391 Caninium
727 2354 851 2398 volui,
876 2352 940 2391 sed
958 2352 1143 2399 μνημονικὶν
1157 2353 1360 2406 ἀμάς-νημαι,
1390 2353 1457 2391 Ab
1477 2353 1642 2391 aleatore

261 2417 387 2471 φνςμὲς
404 2413 520 2455 πολύς.
565 2417 606 2454 N
610 2430 685 2461 am,
703 2417 772 2455 ista
800 2418 963 2470 quidem
990 2416 1148 2455 Caesaris
1167 2416 1401 2455 libertorum
1422 2419 1642 2469 conjuratio

257 2483 375 2522 facile
395 2483 696 2536 opprimeretur,
726 2482 753 2521 fi
774 2485 876 2522 recta
891 2483 1040 2536 saperet
1059 2483 1275 2523 Antonius.
1319 2483 1457 2522 Meam
1483 2483 1644 2521 stultam
