2243 3008
565 298 640 340 342
913 282 1598 322 EPISTOLARUM

562 384 738 438 negotiO,
769 382 795 422 fi
829 381 1038 422 Castricius
1066 395 1136 434 pro
1165 382 1372 434 mancipiis
1402 383 1611 435 pecuniam
1629 381 1803 435 accipere
1823 381 1943 428 volet,

562 464 727 504 eamque
746 450 781 489 ei
801 449 912 494 solvi,
944 458 988 487 ut
1008 461 1113 486 nunc
1134 447 1323 492 solvitur;
1346 458 1450 486 certe
1469 448 1572 487 nihil
1592 448 1645 487 est
1665 448 1914 487 commodius
1932 462 1942 487 ε

563 517 618 556 sm
641 525 771 555 autem
791 515 843 553 ita
863 516 991 552 actum
1012 512 1079 556 est.
1111 521 1155 550 ut
1174 511 1255 564 ipsa
1273 513 1469 565 mancipia
1488 513 1711 558 abduceret,
1743 527 1822 552 non
1842 512 1946 552 mihi

563 581 718 620 videtur
746 580 818 619 effe
847 592 1030 631 aequum:
1064 590 1174 629 rogas
1203 577 1309 614 enim
1338 591 1417 623 me,
1450 587 1494 616 ut
1526 579 1603 616 tibi
1636 579 1816 625 scribam,
1848 577 1945 631 quid

564 647 667 687 mihi
686 647 875 685 videatur.
908 644 1016 683 Nolo
1036 644 1143 682 enirn
1165 643 1313 695 negotii
1329 644 1531 695 Qintum
1552 642 1711 682 fratrem
1727 645 1945 697 quidquam

564 712 705 751 habere
722 731 733 757 ;
757 710 878 764 quod,
899 709 1033 748 videor
1052 707 1154 747 mihi
1173 708 1420 753 intellexisse,
1443 708 1517 746 tibi
1538 709 1643 747 idem
1662 709 1800 749 videri.
1834 709 1944 747 Pub-

563 779 656 823 lius,
688 777 714 815 fi
745 775 1026 829 aequinofflum
1049 766 1241 827 expectat,
1272 783 1316 811 ut
1336 773 1471 812 scribis
1493 774 1681 812 Aledium
1702 773 1844 819 dicere,
1874 787 1945 812 na-

563 844 763 895 vigaturus
795 841 975 879 videtur:
1008 839 1111 878 mihi
1129 848 1261 878 autem
1281 839 1430 877 dixerat
1461 853 1528 892 per
1548 839 1737 878 Siciliam.
1781 841 1945 884 Utrum,

562 918 602 947 et
622 907 794 960 quando,
824 907 945 945 velim
974 905 1083 944 scire.
1130 906 1184 944 Et
1211 905 1332 943 velim
1361 904 1585 957 aliquando,
1616 918 1709 943 cum
1729 905 1804 943 erit
1829 915 1946 943 tuum

564 973 837 1017 commodum,
882 971 1101 1010 Lentulum
1135 983 1302 1023 puerum
1336 969 1449 1016 visas,
1490 971 1605 1023 eique
1639 970 1687 1009 de
1720 970 1944 1024 mancipiis,

563 1052 649 1090 quae
671 1038 745 1077 tibi
766 1037 977 1083 videbitur,
1009 1036 1212 1075 attribuas.
1257 1035 1382 1081 Piliae‚
1413 1036 1573 1082 Atticae,
1605 1035 1783 1075 salutem.

899 1238 1142 1277 C1C13Ro
1182 1237 1438 1276 A'rrlco
1478 1237 1610 1275 SAL.

564 1368 720 1407 XXIX.
746 1365 793 1436 S
810 1367 875 1405 IL
891 1366 961 1405 1U
976 1366 1015 1410 S,
1046 1373 1091 1403 ut
1111 1364 1263 1410 scribis,
1293 1363 1439 1403 hodie:
1470 1377 1553 1403 cras
1573 1364 1710 1418 igitur,
1732 1364 1793 1403 vel
1813 1364 1946 1418 potius

822 1444 916 1470 cum
949 1431 1110 1484 poteris,
1142 1430 1299 1475 scribes,
1339 1430 1366 1468 fi
1401 1430 1498 1483 quid
1531 1431 1620 1475 erit,
1660 1443 1752 1468 cum
1787 1430 1943 1469 videris.

563 1498 652 1537 Nec
672 1511 745 1550 ego
765 1498 934 1535 Brutum
953 1496 1050 1539 vito,
1082 1508 1153 1533 nec
1175 1504 1303 1533 tamen
1325 1494 1373 1533 ab
1393 1507 1439 1532 eo
1459 1494 1696 1532 levationem
1725 1495 1847 1532 ullam
1876 1509 1947 1534 ex-

563 1565 703 1616 pecto:
737 1563 799 1601 sed
828 1572 937 1601 erant
966 1561 1100 1606 causa‘,
1131 1574 1202 1600 cur
1232 1560 1309 1599 hoc
1339 1569 1515 1613 tempore
1545 1560 1629 1598 istic
1663 1560 1735 1599 effe
1769 1561 1947 1601 nollem:

563 1643 649 1681 quae
670 1629 697 1667 fi
717 1629 949 1673 manebunt,
980 1626 1186 1679 quaerenda
1204 1627 1279 1664 erit
1296 1626 1494 1665 excusatio
1513 1626 1561 1664 ad
1590 1627 1759 1665 Brutum
1776 1645 1788 1673 ;
1819 1636 1873 1672 et,
1905 1637 1950 1666 ut

563 1707 670 1733 nunc
690 1694 758 1740 est,
790 1693 976 1732 mansurae
997 1693 1193 1732 videntur.
1236 1693 1300 1731 De
1319 1691 1444 1731 hortis
1465 1692 1593 1745 quaeso
1612 1693 1780 1745 explica.
1819 1693 1951 1745 Caput

562 1760 664 1798 illud
697 1759 765 1806 est,
796 1759 903 1813 quod
937 1759 1037 1798 scis:
1070 1759 1258 1812 sequitur,
1290 1768 1335 1797 ut
1367 1759 1485 1797 etiam
1519 1757 1622 1797 mihi
1655 1758 1724 1811 ipsi
1759 1758 1950 1811 quiddam

562 1839 662 1878 opus
688 1826 760 1870 sit;
793 1839 865 1864 nec
895 1826 1002 1864 enim
1030 1824 1102 1863 esse
1131 1825 1172 1863 in
1203 1825 1318 1862 turba
1346 1824 1514 1878 possum,
1545 1837 1616 1862 nec
1636 1837 1657 1861 a
1676 1823 1786 1862 vobis
1807 1824 1946 1863 abesse.

563 1891 675 1929 Huic
695 1903 785 1928 meo
805 1891 966 1929 consilio
987 1889 1089 1928 nihil
1114 1891 1263 1943 reperio
1283 1889 1354 1928 isto
1375 1890 1463 1928 loco
1483 1889 1611 1942 aptius
1630 1904 1639 1927 ι
1670 1899 1710 1927 et
1738 1889 1786 1927 de
1815 1888 1887 1927 hac
1910 1904 1949 1928 re

563 1956 662 2009 quid
692 1957 750 1995 tui
780 1956 932 1994 consilii
962 1957 1021 2001 fit,
1052 1955 1154 1994 mihi
1184 1955 1404 2008 persuasum
1435 1955 1502 2000 est,
1532 1965 1571 1993 et
1597 1968 1644 1993 eo
1671 1955 1810 2008 magis,
1841 1956 1949 2009 quod

563 2022 670 2060 idem
691 2021 868 2061 intellexi
891 2021 964 2060 tibi
985 2021 1121 2066 videri,
1153 2035 1216 2059 me
1242 2021 1290 2058 ab
1313 2021 1448 2074 Oppio
1467 2030 1506 2059 et
1537 2020 1659 2060 Balbo
1678 2021 1788 2059 valde
1817 2021 1947 2074 diligi.

564 2088 671 2126 Cum
694 2088 740 2126 iis
761 2087 1032 2127 communices
1052 2095 1200 2140 quanto
1220 2099 1334 2139 opere
1354 2096 1392 2124 et
1412 2099 1529 2138 quare
1550 2086 1667 2124 velim
1691 2085 1824 2125 hortos
1843 2106 1854 2132 ς
1887 2086 1950 2125 sed

564 2151 604 2190 id
639 2152 693 2190 ita
726 2151 843 2204 poss‘e,
874 2151 901 2190 fi
935 2151 1164 2205 expediatur
1196 2151 1296 2189 illud
1334 2151 1608 2189 Faberianum.
1655 2151 1793 2190 Sintne
1827 2152 1950 2203 igitur

563 2219 736 2256 auctores
757 2216 882 2255 futuri
901 2235 911 2262 ;
944 2217 969 2255 fi
991 2229 1068 2270 qua
1086 2217 1204 2255 etiam
1219 2217 1370 2268 jactura
1388 2215 1565 2255 facienda
1592 2216 1637 2254 sit
1668 2216 1706 2253 in
1742 2216 1949 2269 repr-,csen-

566 2283 699 2328 tando,
730 2282 858 2336 quoad
880 2282 1034 2335 pofl‘unt
1055 2282 1222 2321 adduci:
1256 2291 1384 2321 totum
1415 2283 1523 2320 enim
1557 2281 1655 2320 illud
1687 2282 1946 2334 desperatum.

566 2348 751 2400 Denique
784 2348 996 2400 intelliges,
1026 2347 1168 2401 ecquid
1198 2347 1391 2386 inclinent
1411 2347 1457 2386 ad
1488 2347 1563 2385 hoc
1586 2361 1718 2385 mcum
1741 2347 1948 2386 consilium

564 2413 843 2466 adjuvandum.
891 2414 929 2451 Si
959 2413 1055 2465 quid
1084 2414 1172 2458 erit,
1203 2427 1393 2466 magnum
1414 2413 1466 2451 est
1486 2414 1787 2465 adjumentum:
1821 2413 1846 2452 fi
1867 2413 1947 2452 mi-

567 2492 654 2524 nuS‚
685 2492 920 2532 quacunque
951 2480 1108 2517 ratione·
1131 2480 1428 2519 contendamus,
1467 2479 1591 2517 Vetus
1626 2478 1725 2517 illud
1758 2474 1944 2527 iamimpe-

564 2544 901 2599 quemadmodum
922 2544 1115 2598 scripsisti,
1146 2545 1206 2584 vel
1227 2543 1379 2593 ἱντειφιον,
1409 2554 1559 2598 putato.
1603 2545 1665 2584 De
1689 2544 1761 2584 illo
1781 2543 1946 2583 Ostienti
