2243 3008
535 280 613 322 334
882 265 1565 306 EPISTOLARUM

526 366 725 419 jusseram.
768 365 879 405 Tum
901 366 974 404 tibi
1003 366 1167 419 placuit,
1198 375 1243 404 ut
1263 366 1461 404 mitterem
1482 365 1528 404 ad
1550 365 1719 411 Silium3
1752 365 1842 404 inde
1860 364 1914 404 est

531 441 685 477 natum,
715 440 761 470 ut
790 431 837 469 ad
870 431 1118 471 Publilium:
1151 431 1215 471 sed
1241 431 1387 470 necess‘e
1413 441 1597 471 neutrum
1617 431 1710 470 fuit.
1757 431 1849 471 Hoc
1870 439 1913 469 tu

531 498 714 537 tractabis
735 506 779 537 ut
801 497 873 536 tibi
894 498 1061 536 videtur.

858 700 1104 738 CICERO
1145 698 1401 736 Αττιεο
1445 698 1575 736 SAL.

531 829 646 868 XIX.
672 827 736 899 E
750 827 823 866 ST
854 826 920 866 hic
940 826 1104 879 quidem
1124 826 1235 865 locus
1255 839 1448 871 amoenus,
1479 836 1518 865 et
1538 826 1579 864 in
1600 825 1699 864 mari
1719 825 1816 879 ipso,
1846 826 1917 878 qui

767 902 806 930 et
826 893 951 931 Antio
976 901 1016 930 et
1037 891 1197 930 Circaeis
1217 890 1336 944 aspici
1355 892 1470 945 possit
1487 907 1497 930 :
1530 891 1592 930 sed
1613 891 1783 930 ineunda
1802 891 1916 930 nobis

531 959 630 998 ratio
649 959 716 1005 est,
748 957 1083 1011 quemadmodum
1112 958 1154 995 in
1174 957 1285 996 omni
1310 958 1528 996 mutatione
1547 957 1816 1003 dominorum,
1843 957 1917 1010 qui

529 1025 836 1063 innumerabiles
857 1023 941 1062 fieri
960 1023 1117 1077 poffunt
1136 1023 1178 1061 in
1198 1022 1356 1062 infinita
1372 1023 1609 1077 posteritate,
1630 1024 1675 1076 (s1
1695 1023 1814 1062 modo
1834 1021 1916 1061 haec

531 1091 706 1142 stabunt)
729 1090 845 1136 illud,
875 1091 982 1144 quasi
1002 1089 1287 1136 consecratum,
1318 1103 1515 1129 remanere
1543 1089 1670 1143 poffit.
1716 1088 1917 1143 Equidem

525 1158 609 1210 jam
639 1156 742 1196 nihil
768 1170 863 1209 egeo
892 1156 1163 1209 vectigalibus,
1193 1165 1232 1194 et
1261 1169 1380 1209 parvo
1408 1164 1617 1194 contentus
1646 1155 1719 1195 effe
1746 1155 1914 1209 poffum.

531 1224 680 1277 Cogito
699 1223 899 1262 interdum
920 1232 1024 1262 trans
1045 1222 1229 1262 Tiberim
1248 1221 1384 1262 hortos
1404 1223 1556 1276 aliquos
1583 1236 1728 1276 parare,
1758 1231 1797 1260 et
1823 1222 1916 1275 qui-

530 1291 623 1328 dem
649 1290 701 1329 ob
727 1289 829 1329 hanc
858 1289 1010 1328 causam
1041 1289 1240 1327 maxime:
1273 1288 1375 1327 nihil
1404 1289 1512 1327 enim
1540 1289 1668 1335 video,
1699 1288 1806 1342 quod
1837 1298 1916 1326 tam

529 1356 685 1395 celebre
703 1355 775 1394 effe
796 1355 936 1408 poffit;
969 1355 1033 1394 sed
1054 1368 1152 1408 quos
1179 1368 1311 1393 coram
1331 1354 1579 1401 videbimus;
1612 1355 1666 1394 ita
1694 1364 1840 1400 tamen,
1873 1363 1917 1392 ut

531 1420 605 1461 hac
626 1421 750 1459 aestate
770 1419 908 1460 fanum
928 1420 1151 1459 absolutum
1173 1420 1232 1459 fit.
1276 1422 1342 1459 Tu
1371 1430 1501 1459 tamen
1527 1434 1622 1458 cum
1643 1416 1785 1472 Apella
1811 1419 1918 1458 Chio

530 1486 684 1526 confice
704 1486 750 1524 de
771 1486 983 1524 columnis.
1029 1486 1092 1524 De
1114 1485 1285 1524 Cocceio
1313 1494 1352 1523 et
1381 1486 1536 1524 Libone
1557 1499 1643 1538 quae
1664 1485 1815 1530 scribis,
1845 1499 1916 1538 ap-

532 1553 658 1606 probo
674 1571 686 1598 3
719 1551 906 1596 maxime,
936 1550 1045 1604 quod
1073 1550 1121 1588 de
1143 1550 1325 1602 judicatu
1352 1563 1454 1589 meo.
1502 1551 1564 1588 De
1594 1549 1734 1603 sponsu
1764 1551 1790 1589 si
1820 1549 1917 1603 quid

531 1618 772 1672 prospexeris
785 1636 796 1662 ;
829 1626 866 1655 et
889 1626 1017 1655 tamen
1039 1616 1135 1670 quid
1156 1625 1422 1670 procuratores
1445 1615 1652 1655 Cornificii
1672 1616 1819 1662 dicant,
1849 1630 1918 1655 ve-

531 1685 606 1723 lim
627 1684 748 1729 scire;
782 1683 834 1721 ita
854 1692 897 1721 ut
918 1683 958 1721 in
979 1696 1022 1721 ea
1042 1697 1081 1721 re
1102 1692 1153 1728 te,
1176 1696 1268 1721 cum
1289 1691 1369 1721 tam
1389 1692 1603 1735 occupatus
1625 1683 1686 1728 fis,
1709 1696 1787 1721 non
1808 1683 1917 1721 mul-

530 1758 619 1788 tum
640 1763 764 1802 operae
784 1748 903 1787 velim
932 1762 1089 1801 ponere.
1129 1749 1191 1786 De
1217 1748 1396 1787 Antonio
1423 1761 1581 1801 quoque
1609 1748 1752 1786 Balbus
1779 1748 1825 1785 ad
1853 1761 1917 1787 me

531 1829 623 1854 cum
658 1815 795 1868 Oppio
823 1814 1064 1867 conscripsit,
1096 1814 1216 1867 idque
1246 1814 1319 1853 tibi
1350 1813 1546 1867 placuiffe,
1579 1827 1625 1852 ne
1656 1813 1913 1867 perturbarer.

533 1882 619 1922 Illis
639 1882 701 1934 egi
721 1881 862 1933 gratias
881 1896 889 1919 :
924 1891 960 1919 te
982 1891 1126 1926 tamen,
1158 1891 1202 1919 ut
1217 1883 1301 1934 jam
1321 1891 1408 1919 ante
1429 1881 1475 1919 ad
1497 1890 1533 1919 te
1555 1881 1698 1934 scripsi,
1731 1880 1824 1918 scire
1845 1894 1914 1919 vo-

532 1949 588 1993 lo,
619 1961 682 1986 me
703 1961 828 1999 neque
849 1947 920 1984 isto
941 1947 1082 1985 nuntio
1102 1947 1173 1985 effe
1194 1947 1480 1999 perturbatum,
1513 1961 1583 1985 nec
1608 1948 1690 1999 jam
1722 1946 1806 1985 ullo
1826 1960 1914 1999 per·

532 2014 737 2053 turbatum
758 2013 819 2051 iri.
868 2013 986 2051 Pansa
1007 2013 1031 2051 si
1059 2012 1190 2058 hodie,
1222 2023 1265 2051 ut
1287 2014 1462 2066 putabas,
1495 2012 1689 2066 profedlus
1709 2013 1777 2057 est,
1809 2013 1914 2066 post-

531 2079 605 2119 hac
620 2081 703 2132 jam
731 2079 899 2132 incipito
926 2078 1090 2117 scribere
1119 2079 1165 2116 ad
1196 2093 1272 2124 me,
1304 2079 1350 2117 de
1383 2080 1492 2118 Bruti
1522 2079 1689 2117 adventu
1719 2079 1815 2131 quid
1844 2093 1914 2117 ex-

532 2148 675 2199 pectes,
706 2144 746 2183 id
779 2143 848 2189 est,
879 2157 977 2197 quos
1008 2144 1054 2182 ad
1085 2144 1192 2182 dies:
1228 2145 1280 2188 id,
1314 2144 1336 2182 si
1370 2144 1462 2182 scies
1493 2144 1560 2182 ubi
1591 2146 1674 2196 jam
1706 2145 1763 2189 sit,
1802 2143 1917 2182 facile

533 2212 755 2263 conjectura
775 2209 980 2262 ass‘equere.
1026 2209 1146 2261 Qod
1176 2209 1221 2247 ad
1252 2211 1444 2247 Tironem
1474 2209 1520 2247 de
1548 2210 1734 2247 Terentia
1764 2209 1913 2253 scribis,

532 2277 692 2315 obsecro
715 2286 766 2320 te,
797 2276 852 2313 mi
876 2275 1024 2320 Attice,
1057 2275 1203 2328 suscipe
1226 2285 1353 2314 totum
1377 2275 1578 2328 negotium
1599 2290 1607 2313 :
1640 2275 1745 2312 vides
1766 2285 1803 2313 et
1823 2276 1914 2313 offi-

533 2342 640 2379 cium
663 2343 722 2393 agi
746 2354 877 2378 mcum
899 2340 1112 2393 quoddam,
1144 2341 1208 2379 cui
1235 2351 1276 2379 tu
1298 2355 1336 2379 cs
1357 2341 1550 2384 conscius,
1581 2351 1634 2382 et.
1667 2351 1709 2378 ut
1733 2341 1914 2378 nonnulli

535 2416 688 2459 putant,
721 2407 923 2444 Ciceronis
953 2420 1048 2444 rem.
1096 2407 1165 2444 Mc
1195 2406 1356 2459 quidem
1388 2406 1426 2443 id
1457 2407 1586 2444 multo
1617 2406 1738 2458 magis
1770 2416 1913 2451 movet,

533 2472 641 2525 quod
663 2471 761 2511 mihi
783 2472 833 2510 cst
855 2481 892 2509 ct
916 2471 1078 2509 s-mffius
1099 2482 1136 2510 ct
1159 2473 1383 2524 anti-quium
1418 2473 1625 2524 pra-sertim
1646 2486 1738 2511 cum
1760 2472 1835 2511 hoc
1856 2471 1914 2510 al-

534 2547 662 2577 terum
684 2551 809 2591 neque
831 2537 1021 2577 sincerum
1044 2551 1168 2590 neque
1190 2537 1350 2576 firmum
1371 2547 1506 2591 putem
1528 2536 1624 2578 sore.
