<?xml version="1.0" encoding="UTF-8"?>
<!DOCTYPE html PUBLIC "-//W3C//DTD XHTML 1.0 Transitional//EN"
    "http://www.w3.org/TR/xhtml1/DTD/xhtml1-transitional.dtd">
<html xmlns="http://www.w3.org/1999/xhtml" xml:lang="en" lang="en">
 <head>
  <title>
</title>
<meta http-equiv="Content-Type" content="text/html;charset=utf-8" />
  <meta name='ocr-system' content='tesseract 3.04.00' />
  <meta name='ocr-capabilities' content='ocr_page ocr_carea ocr_par ocr_line ocrx_word'/>
</head>
<body>
  <div class='ocr_page' id='page_1' title='image "./operacumindicibu08ciceuoft_0321.png"; bbox 0 0 2243 3008; ppageno 0'>
   <div class='ocr_carea' id='block_1_1' title="bbox 578 222 1733 277">
    <p class='ocr_par' dir='ltr' id='par_1_1' title="bbox 578 222 1733 277">
     <span class='ocr_line' id='line_1_1' title="bbox 578 222 1733 277; baseline -0.001 -13"><span class='ocrx_word' id='word_1_1' title='bbox 578 222 1508 264; x_wconf 77' lang='lat' dir='ltr'><strong>ADATTICUML113.X1.</strong></span> <span class='ocrx_word' id='word_1_2' title='bbox 1659 239 1733 277; x_wconf 75' lang='lat'>3¹3</span> 
     </span>
    </p>
   </div>
   <div class='ocr_carea' id='block_1_2' title="bbox 346 320 1735 1155">
    <p class='ocr_par' dir='ltr' id='par_1_2' title="bbox 346 320 1735 1155">
     <span class='ocr_line' id='line_1_2' title="bbox 349 320 1732 377; baseline -0.001 -14"><span class='ocrx_word' id='word_1_3' title='bbox 349 339 429 377; x_wconf 78' lang='lat' dir='ltr'>quae</span> <span class='ocrx_word' id='word_1_4' title='bbox 456 337 517 376; x_wconf 84' lang='lat' dir='ltr'>ego</span> <span class='ocrx_word' id='word_1_5' title='bbox 544 323 669 361; x_wconf 81' lang='lat' dir='ltr'>audire</span> <span class='ocrx_word' id='word_1_6' title='bbox 696 321 833 360; x_wconf 81' lang='lat' dir='ltr'>vellem.</span> <span class='ocrx_word' id='word_1_7' title='bbox 880 321 1000 372; x_wconf 87' lang='lat' dir='ltr'>Qod</span> <span class='ocrx_word' id='word_1_8' title='bbox 1021 321 1074 358; x_wconf 85' lang='lat' dir='ltr'>ais</span> <span class='ocrx_word' id='word_1_9' title='bbox 1096 320 1211 358; x_wconf 89' lang='lat' dir='ltr'>illum</span> <span class='ocrx_word' id='word_1_10' title='bbox 1233 321 1279 357; x_wconf 90' lang='lat' dir='ltr'>ad</span> <span class='ocrx_word' id='word_1_11' title='bbox 1310 330 1346 359; x_wconf 83' lang='lat' dir='ltr'>te</span> <span class='ocrx_word' id='word_1_12' title='bbox 1369 323 1546 367; x_wconf 87' lang='lat' dir='ltr'>scribere,</span> <span class='ocrx_word' id='word_1_13' title='bbox 1580 337 1641 361; x_wconf 89' lang='lat' dir='ltr'>me</span> <span class='ocrx_word' id='word_1_14' title='bbox 1663 324 1732 360; x_wconf 80' lang='lat' dir='ltr'>sibi</span> 
     </span>
     <span class='ocr_line' id='line_1_3' title="bbox 350 385 1730 440; baseline -0.002 -13"><span class='ocrx_word' id='word_1_15' title='bbox 350 389 477 427; x_wconf 88' lang='lat' dir='ltr'>nullas</span> <span class='ocrx_word' id='word_1_16' title='bbox 498 389 626 426; x_wconf 80' lang='lat' dir='ltr'>literas</span> <span class='ocrx_word' id='word_1_17' title='bbox 649 388 874 431; x_wconf 77' lang='lat' dir='ltr'>remittere3</span> <span class='ocrx_word' id='word_1_18' title='bbox 908 386 1023 424; x_wconf 88' lang='lat' dir='ltr'>semel</span> <span class='ocrx_word' id='word_1_19' title='bbox 1056 385 1103 423; x_wconf 84' lang='lat' dir='ltr'>ab</span> <span class='ocrx_word' id='word_1_20' title='bbox 1132 385 1216 438; x_wconf 90' lang='lat' dir='ltr'>ipso</span> <span class='ocrx_word' id='word_1_21' title='bbox 1243 387 1402 438; x_wconf 87' lang='lat' dir='ltr'>accepi:</span> <span class='ocrx_word' id='word_1_22' title='bbox 1436 388 1480 423; x_wconf 83' lang='lat' dir='ltr'>ad</span> <span class='ocrx_word' id='word_1_23' title='bbox 1511 401 1552 424; x_wconf 77' lang='lat' dir='ltr'>ea</span> <span class='ocrx_word' id='word_1_24' title='bbox 1575 387 1730 440; x_wconf 80' lang='lat' dir='ltr'>Cepha-</span> 
     </span>
     <span class='ocr_line' id='line_1_4' title="bbox 348 451 1730 504; baseline -0.001 -13"><span class='ocrx_word' id='word_1_25' title='bbox 348 454 447 492; x_wconf 86' lang='lat' dir='ltr'>lioni</span> <span class='ocrx_word' id='word_1_26' title='bbox 486 453 589 498; x_wconf 91' lang='lat' dir='ltr'>dedi,</span> <span class='ocrx_word' id='word_1_27' title='bbox 635 453 703 504; x_wconf 90' lang='lat' dir='ltr'>qui</span> <span class='ocrx_word' id='word_1_28' title='bbox 743 452 890 490; x_wconf 85' lang='lat' dir='ltr'>multos</span> <span class='ocrx_word' id='word_1_29' title='bbox 932 451 1080 490; x_wconf 88' lang='lat' dir='ltr'>menses</span> <span class='ocrx_word' id='word_1_30' title='bbox 1120 451 1413 503; x_wconf 86' lang='lat' dir='ltr'>tempestatibus</span> <span class='ocrx_word' id='word_1_31' title='bbox 1455 461 1625 489; x_wconf 81' lang='lat' dir='ltr'>retentus</span> <span class='ocrx_word' id='word_1_32' title='bbox 1665 453 1730 489; x_wconf 83' lang='lat' dir='ltr'>est.</span> 
     </span>
     <span class='ocr_line' id='line_1_5' title="bbox 350 515 1734 570; baseline -0.001 -14"><span class='ocrx_word' id='word_1_33' title='bbox 350 519 551 570; x_wconf 87' lang='lat' dir='ltr'>Qintum</span> <span class='ocrx_word' id='word_1_34' title='bbox 587 517 715 555; x_wconf 85' lang='lat' dir='ltr'>filium</span> <span class='ocrx_word' id='word_1_35' title='bbox 748 517 794 554; x_wconf 81' lang='lat' dir='ltr'>ad</span> <span class='ocrx_word' id='word_1_36' title='bbox 826 530 889 554; x_wconf 88' lang='lat' dir='ltr'>me</span> <span class='ocrx_word' id='word_1_37' title='bbox 919 516 1159 554; x_wconf 85' lang='lat' dir='ltr'>acerbiffime</span> <span class='ocrx_word' id='word_1_38' title='bbox 1186 515 1368 567; x_wconf 74' lang='lat' dir='ltr'>scripfiss‘e</span> <span class='ocrx_word' id='word_1_39' title='bbox 1394 517 1478 567; x_wconf 82' lang='lat' dir='ltr'>jam</span> <span class='ocrx_word' id='word_1_40' title='bbox 1506 526 1594 553; x_wconf 86' lang='lat' dir='ltr'>ante</span> <span class='ocrx_word' id='word_1_41' title='bbox 1623 517 1668 553; x_wconf 86' lang='lat' dir='ltr'>ad</span> <span class='ocrx_word' id='word_1_42' title='bbox 1698 527 1734 554; x_wconf 79' lang='lat' dir='ltr'>te</span> 
     </span>
     <span class='ocr_line' id='line_1_6' title="bbox 348 581 1734 636; baseline -0.001 -15"><span class='ocrx_word' id='word_1_43' title='bbox 348 583 493 636; x_wconf 75' lang='lat' dir='ltr'>scripsi.</span> <span class='ocrx_word' id='word_1_44' title='bbox 526 584 763 621; x_wconf 85' lang='lat' dir='ltr'>Extremum</span> <span class='ocrx_word' id='word_1_45' title='bbox 784 582 836 620; x_wconf 89' lang='lat' dir='ltr'>est</span> <span class='ocrx_word' id='word_1_46' title='bbox 857 583 963 634; x_wconf 92' lang='lat' dir='ltr'>quod</span> <span class='ocrx_word' id='word_1_47' title='bbox 985 591 1022 620; x_wconf 92' lang='lat' dir='ltr'>te</span> <span class='ocrx_word' id='word_1_48' title='bbox 1042 595 1165 626; x_wconf 90' lang='lat' dir='ltr'>orem,</span> <span class='ocrx_word' id='word_1_49' title='bbox 1198 581 1223 618; x_wconf 89' lang='lat' dir='ltr'>fi</span> <span class='ocrx_word' id='word_1_50' title='bbox 1245 590 1357 632; x_wconf 87' lang='lat' dir='ltr'>putas</span> <span class='ocrx_word' id='word_1_51' title='bbox 1380 583 1527 618; x_wconf 61' lang='lat' dir='ltr'>rectum</span> <span class='ocrx_word' id='word_1_52' title='bbox 1548 581 1633 626; x_wconf 76' lang='lat' dir='ltr'>effe,</span> <span class='ocrx_word' id='word_1_53' title='bbox 1656 592 1694 619; x_wconf 85' lang='lat' dir='ltr'>et</span> <span class='ocrx_word' id='word_1_54' title='bbox 1715 597 1734 619; x_wconf 79' lang='lat' dir='ltr'>a</span> 
     </span>
     <span class='ocr_line' id='line_1_7' title="bbox 347 646 1732 701; baseline -0.001 -15"><span class='ocrx_word' id='word_1_55' title='bbox 347 658 385 686; x_wconf 88' lang='lat' dir='ltr'>te</span> <span class='ocrx_word' id='word_1_56' title='bbox 407 648 547 701; x_wconf 87' lang='lat' dir='ltr'>suscipi</span> <span class='ocrx_word' id='word_1_57' title='bbox 569 648 686 700; x_wconf 72' lang='lat' dir='ltr'>poss‘e,</span> <span class='ocrx_word' id='word_1_58' title='bbox 715 662 807 686; x_wconf 92' lang='lat' dir='ltr'>cum</span> <span class='ocrx_word' id='word_1_59' title='bbox 830 648 1002 686; x_wconf 89' lang='lat' dir='ltr'>Camillo</span> <span class='ocrx_word' id='word_1_60' title='bbox 1022 646 1309 690; x_wconf 85' lang='lat' dir='ltr'>communices,</span> <span class='ocrx_word' id='word_1_61' title='bbox 1331 655 1375 683; x_wconf 92' lang='lat' dir='ltr'>ut</span> <span class='ocrx_word' id='word_1_62' title='bbox 1395 646 1622 684; x_wconf 81' lang='lat' dir='ltr'>Terentiam</span> <span class='ocrx_word' id='word_1_63' title='bbox 1645 661 1732 685; x_wconf 84' lang='lat' dir='ltr'>mo-</span> 
     </span>
     <span class='ocr_line' id='line_1_8' title="bbox 347 711 1732 765; baseline -0.003 -13"><span class='ocrx_word' id='word_1_64' title='bbox 347 714 469 752; x_wconf 88' lang='lat' dir='ltr'>neatis</span> <span class='ocrx_word' id='word_1_65' title='bbox 491 714 538 752; x_wconf 94' lang='lat' dir='ltr'>de</span> <span class='ocrx_word' id='word_1_66' title='bbox 559 713 801 752; x_wconf 89' lang='lat' dir='ltr'>testamento.</span> <span class='ocrx_word' id='word_1_67' title='bbox 834 714 1034 765; x_wconf 85' lang='lat' dir='ltr'>Tempora</span> <span class='ocrx_word' id='word_1_68' title='bbox 1056 721 1219 750; x_wconf 86' lang='lat' dir='ltr'>monent</span> <span class='ocrx_word' id='word_1_69' title='bbox 1241 721 1283 749; x_wconf 92' lang='lat' dir='ltr'>ut</span> <span class='ocrx_word' id='word_1_70' title='bbox 1305 711 1446 756; x_wconf 87' lang='lat' dir='ltr'>videat,</span> <span class='ocrx_word' id='word_1_71' title='bbox 1479 721 1522 749; x_wconf 92' lang='lat' dir='ltr'>ut</span> <span class='ocrx_word' id='word_1_72' title='bbox 1544 711 1732 749; x_wconf 82' lang='lat' dir='ltr'>satisfaci-</span> 
     </span>
     <span class='ocr_line' id='line_1_9' title="bbox 347 776 1734 832; baseline -0.002 -15"><span class='ocrx_word' id='word_1_73' title='bbox 347 789 400 825; x_wconf 89' lang='lat' dir='ltr'>at,</span> <span class='ocrx_word' id='word_1_74' title='bbox 433 780 577 832; x_wconf 88' lang='lat' dir='ltr'>quibus</span> <span class='ocrx_word' id='word_1_75' title='bbox 599 779 751 817; x_wconf 84' lang='lat' dir='ltr'>debeat.</span> <span class='ocrx_word' id='word_1_76' title='bbox 797 777 994 816; x_wconf 89' lang='lat' dir='ltr'>Auditum</span> <span class='ocrx_word' id='word_1_77' title='bbox 1021 792 1069 816; x_wconf 82' lang='lat' dir='ltr'>ex</span> <span class='ocrx_word' id='word_1_78' title='bbox 1098 777 1318 816; x_wconf 89' lang='lat' dir='ltr'>Philotimo</span> <span class='ocrx_word' id='word_1_79' title='bbox 1343 776 1410 821; x_wconf 89' lang='lat' dir='ltr'>est,</span> <span class='ocrx_word' id='word_1_80' title='bbox 1442 790 1525 814; x_wconf 90' lang='lat' dir='ltr'>eam</span> <span class='ocrx_word' id='word_1_81' title='bbox 1556 777 1734 814; x_wconf 87' lang='lat' dir='ltr'>scelerate</span> 
     </span>
     <span class='ocr_line' id='line_1_10' title="bbox 348 841 1733 896; baseline -0.002 -15"><span class='ocrx_word' id='word_1_82' title='bbox 348 844 526 896; x_wconf 82' lang='lat' dir='ltr'>quaedam</span> <span class='ocrx_word' id='word_1_83' title='bbox 547 842 685 881; x_wconf 86' lang='lat' dir='ltr'>facere.</span> <span class='ocrx_word' id='word_1_84' title='bbox 719 843 921 881; x_wconf 87' lang='lat' dir='ltr'>Credibile</span> <span class='ocrx_word' id='word_1_85' title='bbox 941 843 1006 881; x_wconf 86' lang='lat' dir='ltr'>vix</span> <span class='ocrx_word' id='word_1_86' title='bbox 1026 841 1080 880; x_wconf 88' lang='lat' dir='ltr'>est</span> <span class='ocrx_word' id='word_1_87' title='bbox 1098 857 1106 880; x_wconf 93' lang='lat'><strong>:</strong></span> <span class='ocrx_word' id='word_1_88' title='bbox 1140 841 1202 879; x_wconf 91' lang='lat' dir='ltr'>sed</span> <span class='ocrx_word' id='word_1_89' title='bbox 1222 851 1340 886; x_wconf 88' lang='lat' dir='ltr'>certe,</span> <span class='ocrx_word' id='word_1_90' title='bbox 1374 841 1400 878; x_wconf 88' lang='lat' dir='ltr'>fi</span> <span class='ocrx_word' id='word_1_91' title='bbox 1421 841 1518 893; x_wconf 91' lang='lat' dir='ltr'>quid</span> <span class='ocrx_word' id='word_1_92' title='bbox 1539 841 1605 884; x_wconf 88' lang='lat' dir='ltr'>est,</span> <span class='ocrx_word' id='word_1_93' title='bbox 1628 842 1733 893; x_wconf 88' lang='lat' dir='ltr'>quod</span> 
     </span>
     <span class='ocr_line' id='line_1_11' title="bbox 347 906 1733 961; baseline -0.001 -14"><span class='ocrx_word' id='word_1_94' title='bbox 347 910 430 947; x_wconf 86' lang='lat' dir='ltr'>fieri</span> <span class='ocrx_word' id='word_1_95' title='bbox 454 908 580 961; x_wconf 74' lang='lat' dir='ltr'>possit,</span> <span class='ocrx_word' id='word_1_96' title='bbox 613 908 898 961; x_wconf 90' lang='lat' dir='ltr'>providendum</span> <span class='ocrx_word' id='word_1_97' title='bbox 917 907 986 946; x_wconf 88' lang='lat' dir='ltr'>est.</span> <span class='ocrx_word' id='word_1_98' title='bbox 1033 909 1096 946; x_wconf 91' lang='lat' dir='ltr'>De</span> <span class='ocrx_word' id='word_1_99' title='bbox 1118 907 1305 945; x_wconf 86' lang='lat' dir='ltr'>omnibus</span> <span class='ocrx_word' id='word_1_100' title='bbox 1327 907 1440 944; x_wconf 87' lang='lat' dir='ltr'>rebus</span> <span class='ocrx_word' id='word_1_101' title='bbox 1463 906 1581 944; x_wconf 87' lang='lat' dir='ltr'>velim</span> <span class='ocrx_word' id='word_1_102' title='bbox 1604 908 1649 945; x_wconf 89' lang='lat' dir='ltr'>ad</span> <span class='ocrx_word' id='word_1_103' title='bbox 1671 921 1733 945; x_wconf 87' lang='lat' dir='ltr'>me</span> 
     </span>
     <span class='ocr_line' id='line_1_12' title="bbox 349 973 1735 1026; baseline -0.001 -14"><span class='ocrx_word' id='word_1_104' title='bbox 349 975 506 1019; x_wconf 85' lang='lat' dir='ltr'>scribas,</span> <span class='ocrx_word' id='word_1_105' title='bbox 538 984 576 1011; x_wconf 88' lang='lat' dir='ltr'>et</span> <span class='ocrx_word' id='word_1_106' title='bbox 607 975 778 1012; x_wconf 82' lang='lat' dir='ltr'>maxime</span> <span class='ocrx_word' id='word_1_107' title='bbox 807 974 903 1026; x_wconf 93' lang='lat' dir='ltr'>quid</span> <span class='ocrx_word' id='word_1_108' title='bbox 934 974 1075 1012; x_wconf 88' lang='lat' dir='ltr'>scribas</span> <span class='ocrx_word' id='word_1_109' title='bbox 1105 973 1152 1010; x_wconf 92' lang='lat' dir='ltr'>de</span> <span class='ocrx_word' id='word_1_110' title='bbox 1181 987 1249 1011; x_wconf 91' lang='lat' dir='ltr'>ea:</span> <span class='ocrx_word' id='word_1_111' title='bbox 1289 973 1330 1010; x_wconf 89' lang='lat' dir='ltr'>in</span> <span class='ocrx_word' id='word_1_112' title='bbox 1360 986 1440 1024; x_wconf 90' lang='lat' dir='ltr'>quo</span> <span class='ocrx_word' id='word_1_113' title='bbox 1471 982 1539 1010; x_wconf 91' lang='lat' dir='ltr'>tuo</span> <span class='ocrx_word' id='word_1_114' title='bbox 1573 974 1735 1011; x_wconf 76' lang='lat' dir='ltr'>consilio</span> 
     </span>
     <span class='ocr_line' id='line_1_13' title="bbox 346 1037 1729 1092; baseline -0.001 -14"><span class='ocrx_word' id='word_1_115' title='bbox 346 1054 455 1092; x_wconf 86' lang='lat' dir='ltr'>egeo,</span> <span class='ocrx_word' id='word_1_116' title='bbox 487 1040 604 1078; x_wconf 89' lang='lat' dir='ltr'>etiam</span> <span class='ocrx_word' id='word_1_117' title='bbox 636 1040 662 1077; x_wconf 90' lang='lat' dir='ltr'>fi</span> <span class='ocrx_word' id='word_1_118' title='bbox 693 1039 795 1078; x_wconf 85' lang='lat' dir='ltr'>nihil</span> <span class='ocrx_word' id='word_1_119' title='bbox 825 1040 1050 1092; x_wconf 84' lang='lat' dir='ltr'>excogitas:</span> <span class='ocrx_word' id='word_1_120' title='bbox 1083 1039 1123 1077; x_wconf 87' lang='lat' dir='ltr'>id</span> <span class='ocrx_word' id='word_1_121' title='bbox 1153 1039 1260 1077; x_wconf 89' lang='lat' dir='ltr'>enim</span> <span class='ocrx_word' id='word_1_122' title='bbox 1282 1037 1383 1076; x_wconf 83' lang='lat' dir='ltr'>mihi</span> <span class='ocrx_word' id='word_1_123' title='bbox 1410 1039 1484 1077; x_wconf 89' lang='lat' dir='ltr'>erit</span> <span class='ocrx_word' id='word_1_124' title='bbox 1504 1052 1574 1091; x_wconf 91' lang='lat' dir='ltr'>pro</span> <span class='ocrx_word' id='word_1_125' title='bbox 1596 1039 1729 1091; x_wconf 86' lang='lat' dir='ltr'>despe-</span> 
     </span>
     <span class='ocr_line' id='line_1_14' title="bbox 349 1104 809 1155; baseline 0 -13"><span class='ocrx_word' id='word_1_126' title='bbox 349 1115 445 1144; x_wconf 79' lang='lat' dir='ltr'>rato.</span> <span class='ocrx_word' id='word_1_127' title='bbox 479 1105 555 1143; x_wconf 91' lang='grc' dir='ltr'><strong>ΙΙΙ.</strong></span> <span class='ocrx_word' id='word_1_128' title='bbox 580 1104 690 1143; x_wconf 88' lang='lat' dir='ltr'>Non.</span> <span class='ocrx_word' id='word_1_129' title='bbox 714 1106 809 1155; x_wconf 91' lang='lat' dir='ltr'>Jun.</span> 
     </span>
    </p>
   </div>
   <div class='ocr_carea' id='block_1_3' title="bbox 688 1305 1398 1345">
    <p class='ocr_par' dir='ltr' id='par_1_3' title="bbox 688 1305 1398 1345">
     <span class='ocr_line' id='line_1_15' title="bbox 688 1305 1398 1345; baseline -0.003 -1"><span class='ocrx_word' id='word_1_130' title='bbox 688 1306 930 1345; x_wconf 79' lang='lat' dir='ltr'>C1C1-:Ro</span> <span class='ocrx_word' id='word_1_131' title='bbox 971 1305 1226 1343; x_wconf 81' lang='lat' dir='ltr'>ATTxco</span> <span class='ocrx_word' id='word_1_132' title='bbox 1269 1305 1398 1342; x_wconf 74' lang='lat' dir='ltr'><strong>SAL.</strong></span> 
     </span>
    </p>
   </div>
   <div class='ocr_carea' id='block_1_4' title="bbox 348 1431 1733 1505">
    <p class='ocr_par' dir='ltr' id='par_1_4' title="bbox 348 1431 1733 1505">
     <span class='ocr_line' id='line_1_16' title="bbox 348 1431 1733 1505; baseline -0.001 -33"><span class='ocrx_word' id='word_1_133' title='bbox 348 1434 484 1473; x_wconf 90' lang='lat' dir='ltr'>XVII.</span> <span class='ocrx_word' id='word_1_134' title='bbox 510 1432 745 1505; x_wconf 87' lang='lat' dir='ltr'><strong>PROPE</strong></span> <span class='ocrx_word' id='word_1_135' title='bbox 760 1433 1064 1472; x_wconf 89' lang='lat' dir='ltr'><strong>RANTIBU</strong></span> <span class='ocrx_word' id='word_1_136' title='bbox 1079 1433 1100 1470; x_wconf 90' lang='lat' dir='ltr'>S</span> <span class='ocrx_word' id='word_1_137' title='bbox 1124 1431 1333 1470; x_wconf 74' lang='lat' dir='ltr'>tabellariis</span> <span class='ocrx_word' id='word_1_138' title='bbox 1354 1432 1489 1470; x_wconf 86' lang='lat' dir='ltr'>alienis</span> <span class='ocrx_word' id='word_1_139' title='bbox 1511 1431 1611 1470; x_wconf 88' lang='lat' dir='ltr'>hanc</span> <span class='ocrx_word' id='word_1_140' title='bbox 1633 1433 1733 1485; x_wconf 76' lang='lat' dir='ltr'>epis-</span> 
     </span>
    </p>
   </div>
   <div class='ocr_carea' id='block_1_5' title="bbox 345 1496 1737 2463">
    <p class='ocr_par' dir='ltr' id='par_1_5' title="bbox 345 1496 1737 2463">
     <span class='ocr_line' id='line_1_17' title="bbox 590 1496 1734 1547; baseline -0.001 -12"><span class='ocrx_word' id='word_1_141' title='bbox 590 1498 712 1535; x_wconf 88' lang='lat' dir='ltr'>tolam</span> <span class='ocrx_word' id='word_1_142' title='bbox 733 1498 848 1541; x_wconf 85' lang='lat' dir='ltr'>dedi;</span> <span class='ocrx_word' id='word_1_143' title='bbox 879 1511 925 1535; x_wconf 91' lang='lat' dir='ltr'>eo</span> <span class='ocrx_word' id='word_1_144' title='bbox 947 1497 1099 1534; x_wconf 90' lang='lat' dir='ltr'>brevior</span> <span class='ocrx_word' id='word_1_145' title='bbox 1119 1496 1194 1540; x_wconf 80' lang='lat' dir='ltr'>est;</span> <span class='ocrx_word' id='word_1_146' title='bbox 1227 1506 1280 1540; x_wconf 91' lang='lat' dir='ltr'>et,</span> <span class='ocrx_word' id='word_1_147' title='bbox 1303 1497 1409 1547; x_wconf 90' lang='lat' dir='ltr'>quod</span> <span class='ocrx_word' id='word_1_148' title='bbox 1430 1510 1533 1534; x_wconf 79' lang='lat' dir='ltr'>eram</span> <span class='ocrx_word' id='word_1_149' title='bbox 1555 1497 1734 1534; x_wconf 79' lang='lat' dir='ltr'>missurus</span> 
     </span>
     <span class='ocr_line' id='line_1_18' title="bbox 348 1560 1737 1613; baseline -0.002 -11"><span class='ocrx_word' id='word_1_150' title='bbox 348 1577 471 1602; x_wconf 87' lang='lat' dir='ltr'>meos.</span> <span class='ocrx_word' id='word_1_151' title='bbox 505 1563 643 1602; x_wconf 86' lang='lat' dir='ltr'>Tullia</span> <span class='ocrx_word' id='word_1_152' title='bbox 663 1576 748 1600; x_wconf 86' lang='lat' dir='ltr'>mea</span> <span class='ocrx_word' id='word_1_153' title='bbox 768 1563 874 1600; x_wconf 90' lang='lat' dir='ltr'>venit</span> <span class='ocrx_word' id='word_1_154' title='bbox 895 1562 941 1600; x_wconf 86' lang='lat' dir='ltr'>ad</span> <span class='ocrx_word' id='word_1_155' title='bbox 963 1575 1025 1599; x_wconf 86' lang='lat' dir='ltr'>me</span> <span class='ocrx_word' id='word_1_156' title='bbox 1046 1561 1172 1613; x_wconf 88' lang='lat' dir='ltr'>pridie</span> <span class='ocrx_word' id='word_1_157' title='bbox 1194 1560 1285 1598; x_wconf 84' lang='lat' dir='ltr'>Idus</span> <span class='ocrx_word' id='word_1_158' title='bbox 1302 1562 1396 1611; x_wconf 89' lang='lat' dir='ltr'>Jun.</span> <span class='ocrx_word' id='word_1_159' title='bbox 1417 1561 1541 1612; x_wconf 87' lang='lat' dir='ltr'>deque</span> <span class='ocrx_word' id='word_1_160' title='bbox 1563 1570 1627 1599; x_wconf 86' lang='lat' dir='ltr'>tua</span> <span class='ocrx_word' id='word_1_161' title='bbox 1646 1575 1737 1613; x_wconf 85' lang='lat' dir='ltr'>erga</span> 
     </span>
     <span class='ocr_line' id='line_1_19' title="bbox 349 1625 1733 1679; baseline -0.001 -12"><span class='ocrx_word' id='word_1_162' title='bbox 349 1631 385 1668; x_wconf 87' lang='lat' dir='ltr'>se</span> <span class='ocrx_word' id='word_1_163' title='bbox 405 1629 647 1667; x_wconf 80' lang='lat' dir='ltr'>observantia</span> <span class='ocrx_word' id='word_1_164' title='bbox 677 1628 1026 1679; x_wconf 84' lang='lat' dir='ltr'>benevolentiaque</span> <span class='ocrx_word' id='word_1_165' title='bbox 1048 1625 1148 1664; x_wconf 86' lang='lat' dir='ltr'>mihi</span> <span class='ocrx_word' id='word_1_166' title='bbox 1168 1627 1340 1678; x_wconf 85' lang='lat' dir='ltr'>plurima</span> <span class='ocrx_word' id='word_1_167' title='bbox 1359 1627 1552 1678; x_wconf 80' lang='lat' dir='ltr'>exposuit,</span> <span class='ocrx_word' id='word_1_168' title='bbox 1585 1627 1733 1665; x_wconf 76' lang='lat' dir='ltr'>literas-</span> 
     </span>
     <span class='ocr_line' id='line_1_20' title="bbox 347 1691 1732 1748; baseline -0.002 -15"><span class='ocrx_word' id='word_1_169' title='bbox 347 1709 424 1748; x_wconf 90' lang='lat' dir='ltr'>que</span> <span class='ocrx_word' id='word_1_170' title='bbox 446 1694 614 1732; x_wconf 86' lang='lat' dir='ltr'>reddidit</span> <span class='ocrx_word' id='word_1_171' title='bbox 636 1693 769 1731; x_wconf 89' lang='lat' dir='ltr'>trinas.</span> <span class='ocrx_word' id='word_1_172' title='bbox 814 1694 902 1745; x_wconf 86' lang='lat' dir='ltr'>Ego</span> <span class='ocrx_word' id='word_1_173' title='bbox 923 1702 1052 1730; x_wconf 91' lang='lat' dir='ltr'>autem</span> <span class='ocrx_word' id='word_1_174' title='bbox 1075 1706 1122 1730; x_wconf 83' lang='lat' dir='ltr'>ex</span> <span class='ocrx_word' id='word_1_175' title='bbox 1144 1692 1260 1744; x_wconf 76' lang='lat' dir='ltr'>ipsius</span> <span class='ocrx_word' id='word_1_176' title='bbox 1282 1692 1441 1737; x_wconf 86' lang='lat' dir='ltr'>virtute,</span> <span class='ocrx_word' id='word_1_177' title='bbox 1473 1691 1732 1737; x_wconf 82' lang='lat' dir='ltr'>humanitate,</span> 
     </span>
     <span class='ocr_line' id='line_1_21' title="bbox 345 1757 1733 1813; baseline -0.001 -15"><span class='ocrx_word' id='word_1_178' title='bbox 345 1761 505 1813; x_wconf 90' lang='lat' dir='ltr'>pietate,</span> <span class='ocrx_word' id='word_1_179' title='bbox 537 1773 615 1798; x_wconf 91' lang='lat' dir='ltr'>non</span> <span class='ocrx_word' id='word_1_180' title='bbox 637 1759 756 1797; x_wconf 89' lang='lat' dir='ltr'>modo</span> <span class='ocrx_word' id='word_1_181' title='bbox 775 1772 861 1796; x_wconf 90' lang='lat' dir='ltr'>eam</span> <span class='ocrx_word' id='word_1_182' title='bbox 881 1758 1125 1810; x_wconf 87' lang='lat' dir='ltr'>voluptatem</span> <span class='ocrx_word' id='word_1_183' title='bbox 1147 1770 1225 1795; x_wconf 89' lang='lat' dir='ltr'>non</span> <span class='ocrx_word' id='word_1_184' title='bbox 1247 1757 1348 1810; x_wconf 84' lang='lat' dir='ltr'>cepi,</span> <span class='ocrx_word' id='word_1_185' title='bbox 1381 1769 1500 1809; x_wconf 88' lang='lat' dir='ltr'>quam</span> <span class='ocrx_word' id='word_1_186' title='bbox 1526 1771 1660 1810; x_wconf 88' lang='lat' dir='ltr'>capere</span> <span class='ocrx_word' id='word_1_187' title='bbox 1687 1771 1733 1796; x_wconf 83' lang='lat' dir='ltr'>ex</span> 
     </span>
     <span class='ocr_line' id='line_1_22' title="bbox 346 1822 1733 1878; baseline -0.002 -14"><span class='ocrx_word' id='word_1_188' title='bbox 346 1825 530 1878; x_wconf 84' lang='lat' dir='ltr'>fingulari</span> <span class='ocrx_word' id='word_1_189' title='bbox 551 1824 632 1863; x_wconf 92' lang='lat' dir='ltr'>filia</span> <span class='ocrx_word' id='word_1_190' title='bbox 651 1823 798 1868; x_wconf 85' lang='lat' dir='ltr'>debui;</span> <span class='ocrx_word' id='word_1_191' title='bbox 831 1823 894 1861; x_wconf 88' lang='lat' dir='ltr'>sed</span> <span class='ocrx_word' id='word_1_192' title='bbox 913 1823 1031 1861; x_wconf 90' lang='lat' dir='ltr'>etiam</span> <span class='ocrx_word' id='word_1_193' title='bbox 1052 1822 1277 1861; x_wconf 87' lang='lat' dir='ltr'>incredibili</span> <span class='ocrx_word' id='word_1_194' title='bbox 1297 1822 1383 1860; x_wconf 90' lang='lat' dir='ltr'>sum</span> <span class='ocrx_word' id='word_1_195' title='bbox 1405 1822 1537 1860; x_wconf 92' lang='lat' dir='ltr'>dolore</span> <span class='ocrx_word' id='word_1_196' title='bbox 1558 1822 1733 1868; x_wconf 68' lang='lat' dir='ltr'>affectus,</span> 
     </span>
     <span class='ocr_line' id='line_1_23' title="bbox 348 1887 1736 1943; baseline -0.002 -13"><span class='ocrx_word' id='word_1_197' title='bbox 348 1892 424 1930; x_wconf 89' lang='lat' dir='ltr'>tale</span> <span class='ocrx_word' id='word_1_198' title='bbox 454 1891 660 1943; x_wconf 88' lang='lat' dir='ltr'>ingenium</span> <span class='ocrx_word' id='word_1_199' title='bbox 691 1890 731 1927; x_wconf 90' lang='lat' dir='ltr'>in</span> <span class='ocrx_word' id='word_1_200' title='bbox 767 1898 847 1927; x_wconf 83' lang='lat' dir='ltr'>tam</span> <span class='ocrx_word' id='word_1_201' title='bbox 877 1888 1014 1926; x_wconf 87' lang='lat' dir='ltr'>misera</span> <span class='ocrx_word' id='word_1_202' title='bbox 1042 1887 1201 1926; x_wconf 88' lang='lat' dir='ltr'>fortuna</span> <span class='ocrx_word' id='word_1_203' title='bbox 1229 1887 1382 1932; x_wconf 88' lang='lat' dir='ltr'>versari,</span> <span class='ocrx_word' id='word_1_204' title='bbox 1413 1888 1532 1940; x_wconf 90' lang='lat' dir='ltr'>idque</span> <span class='ocrx_word' id='word_1_205' title='bbox 1561 1888 1736 1927; x_wconf 87' lang='lat' dir='ltr'>accidere</span> 
     </span>
     <span class='ocr_line' id='line_1_24' title="bbox 348 1954 1734 2009; baseline -0.004 -13"><span class='ocrx_word' id='word_1_206' title='bbox 348 1957 460 1996; x_wconf 90' lang='lat' dir='ltr'>nullo</span> <span class='ocrx_word' id='word_1_207' title='bbox 481 1956 598 2009; x_wconf 86' lang='lat' dir='ltr'>ipfius</span> <span class='ocrx_word' id='word_1_208' title='bbox 619 1955 776 2000; x_wconf 64' lang='lat' dir='ltr'>delicto,</span> <span class='ocrx_word' id='word_1_209' title='bbox 795 1954 946 1992; x_wconf 88' lang='lat' dir='ltr'>summa</span> <span class='ocrx_word' id='word_1_210' title='bbox 964 1954 1081 2006; x_wconf 87' lang='lat' dir='ltr'>culpa</span> <span class='ocrx_word' id='word_1_211' title='bbox 1101 1967 1199 1991; x_wconf 79' lang='lat' dir='ltr'>mea.</span> <span class='ocrx_word' id='word_1_212' title='bbox 1234 1954 1371 2006; x_wconf 90' lang='lat' dir='ltr'>Itaque</span> <span class='ocrx_word' id='word_1_213' title='bbox 1391 1967 1411 1991; x_wconf 91' lang='lat' dir='ltr'>a</span> <span class='ocrx_word' id='word_1_214' title='bbox 1431 1962 1468 1991; x_wconf 86' lang='lat' dir='ltr'>te</span> <span class='ocrx_word' id='word_1_215' title='bbox 1490 1967 1615 2006; x_wconf 90' lang='lat' dir='ltr'>neque</span> <span class='ocrx_word' id='word_1_216' title='bbox 1636 1967 1734 1991; x_wconf 89' lang='lat' dir='ltr'>con—</span> 
     </span>
     <span class='ocr_line' id='line_1_25' title="bbox 349 2019 1734 2074; baseline -0.003 -14"><span class='ocrx_word' id='word_1_217' title='bbox 349 2022 578 2060; x_wconf 86' lang='lat' dir='ltr'>solationem</span> <span class='ocrx_word' id='word_1_218' title='bbox 594 2022 694 2074; x_wconf 87' lang='lat' dir='ltr'>jam,</span> <span class='ocrx_word' id='word_1_219' title='bbox 724 2034 801 2073; x_wconf 89' lang='lat' dir='ltr'>qua</span> <span class='ocrx_word' id='word_1_220' title='bbox 820 2033 962 2073; x_wconf 87' lang='lat' dir='ltr'>cupere</span> <span class='ocrx_word' id='word_1_221' title='bbox 984 2029 1021 2057; x_wconf 91' lang='lat' dir='ltr'>te</span> <span class='ocrx_word' id='word_1_222' title='bbox 1042 2019 1100 2057; x_wconf 89' lang='lat' dir='ltr'>uti</span> <span class='ocrx_word' id='word_1_223' title='bbox 1120 2019 1247 2064; x_wconf 87' lang='lat' dir='ltr'>video,</span> <span class='ocrx_word' id='word_1_224' title='bbox 1282 2032 1350 2056; x_wconf 86' lang='lat' dir='ltr'>nec</span> <span class='ocrx_word' id='word_1_225' title='bbox 1373 2019 1595 2063; x_wconf 84' lang='lat' dir='ltr'>confilium,</span> <span class='ocrx_word' id='word_1_226' title='bbox 1626 2019 1734 2071; x_wconf 91' lang='lat' dir='ltr'>quod</span> 
     </span>
     <span class='ocr_line' id='line_1_26' title="bbox 348 2083 1732 2140; baseline -0.004 -15"><span class='ocrx_word' id='word_1_227' title='bbox 348 2087 435 2140; x_wconf 88' lang='lat' dir='ltr'>capi</span> <span class='ocrx_word' id='word_1_228' title='bbox 463 2087 620 2125; x_wconf 89' lang='lat' dir='ltr'>nullum</span> <span class='ocrx_word' id='word_1_229' title='bbox 646 2085 785 2138; x_wconf 88' lang='lat' dir='ltr'>potest,</span> <span class='ocrx_word' id='word_1_230' title='bbox 815 2086 1007 2137; x_wconf 71' lang='grc' dir='ltr'>εκρεᾶος</span> <span class='ocrx_word' id='word_1_231' title='bbox 1040 2093 1157 2136; x_wconf 90' lang='lat' dir='ltr'>teque</span> <span class='ocrx_word' id='word_1_232' title='bbox 1186 2084 1319 2122; x_wconf 83' lang='lat' dir='ltr'>onmia</span> <span class='ocrx_word' id='word_1_233' title='bbox 1348 2097 1441 2121; x_wconf 88' lang='lat' dir='ltr'>cum</span> <span class='ocrx_word' id='word_1_234' title='bbox 1471 2083 1732 2135; x_wconf 88' lang='lat' dir='ltr'>superioribus</span> 
     </span>
     <span class='ocr_line' id='line_1_27' title="bbox 349 2148 1732 2204; baseline -0.004 -14"><span class='ocrx_word' id='word_1_235' title='bbox 349 2152 444 2204; x_wconf 86' lang='lat' dir='ltr'>saepe</span> <span class='ocrx_word' id='word_1_236' title='bbox 465 2152 604 2196; x_wconf 87' lang='lat' dir='ltr'>literis,</span> <span class='ocrx_word' id='word_1_237' title='bbox 637 2160 722 2189; x_wconf 89' lang='lat' dir='ltr'>tum</span> <span class='ocrx_word' id='word_1_238' title='bbox 744 2150 950 2203; x_wconf 86' lang='lat' dir='ltr'>proximis,</span> <span class='ocrx_word' id='word_1_239' title='bbox 982 2149 1139 2188; x_wconf 87' lang='lat' dir='ltr'>tentasse</span> <span class='ocrx_word' id='word_1_240' title='bbox 1169 2149 1365 2200; x_wconf 86' lang='lat' dir='ltr'>intelligo.</span> <span class='ocrx_word' id='word_1_241' title='bbox 1414 2150 1500 2200; x_wconf 89' lang='lat' dir='ltr'>Ego</span> <span class='ocrx_word' id='word_1_242' title='bbox 1529 2161 1622 2185; x_wconf 92' lang='lat' dir='ltr'>cum</span> <span class='ocrx_word' id='word_1_243' title='bbox 1648 2148 1732 2185; x_wconf 87' lang='lat' dir='ltr'>Sal-</span> 
     </span>
     <span class='ocr_line' id='line_1_28' title="bbox 347 2212 1731 2266; baseline -0.004 -11"><span class='ocrx_word' id='word_1_244' title='bbox 347 2216 464 2255; x_wconf 88' lang='lat' dir='ltr'>lustio</span> <span class='ocrx_word' id='word_1_245' title='bbox 485 2217 719 2255; x_wconf 90' lang='lat' dir='ltr'>Ciceronem</span> <span class='ocrx_word' id='word_1_246' title='bbox 739 2216 786 2253; x_wconf 91' lang='lat' dir='ltr'>ad</span> <span class='ocrx_word' id='word_1_247' title='bbox 808 2216 998 2254; x_wconf 84' lang='lat' dir='ltr'>Caesarem</span> <span class='ocrx_word' id='word_1_248' title='bbox 1020 2215 1176 2252; x_wconf 88' lang='lat' dir='ltr'>mittere</span> <span class='ocrx_word' id='word_1_249' title='bbox 1196 2214 1433 2266; x_wconf 88' lang='lat' dir='ltr'>cogitabam.</span> <span class='ocrx_word' id='word_1_250' title='bbox 1461 2212 1639 2250; x_wconf 87' lang='lat' dir='ltr'>Tulliam</span> <span class='ocrx_word' id='word_1_251' title='bbox 1661 2226 1731 2250; x_wconf 87' lang='lat' dir='ltr'>au-</span> 
     </span>
     <span class='ocr_line' id='line_1_29' title="bbox 350 2279 1730 2320; baseline -0.003 -2"><span class='ocrx_word' id='word_1_252' title='bbox 350 2290 428 2319; x_wconf 87' lang='lat' dir='ltr'>tem</span> <span class='ocrx_word' id='word_1_253' title='bbox 461 2295 539 2320; x_wconf 90' lang='lat' dir='ltr'>non</span> <span class='ocrx_word' id='word_1_254' title='bbox 571 2281 751 2320; x_wconf 91' lang='lat' dir='ltr'>videbam</span> <span class='ocrx_word' id='word_1_255' title='bbox 782 2281 854 2319; x_wconf 83' lang='lat' dir='ltr'>effe</span> <span class='ocrx_word' id='word_1_256' title='bbox 885 2281 1037 2319; x_wconf 90' lang='lat' dir='ltr'>causam</span> <span class='ocrx_word' id='word_1_257' title='bbox 1072 2293 1143 2317; x_wconf 90' lang='lat' dir='ltr'>cur</span> <span class='ocrx_word' id='word_1_258' title='bbox 1176 2279 1324 2316; x_wconf 89' lang='lat' dir='ltr'>diutius</span> <span class='ocrx_word' id='word_1_259' title='bbox 1356 2291 1512 2316; x_wconf 91' lang='lat' dir='ltr'>mecum</span> <span class='ocrx_word' id='word_1_260' title='bbox 1549 2287 1657 2315; x_wconf 87' lang='lat' dir='ltr'>tanto</span> <span class='ocrx_word' id='word_1_261' title='bbox 1691 2279 1730 2315; x_wconf 91' lang='lat' dir='ltr'>in</span> 
     </span>
     <span class='ocr_line' id='line_1_30' title="bbox 348 2343 1731 2397; baseline -0.003 -13"><span class='ocrx_word' id='word_1_262' title='bbox 348 2347 554 2384; x_wconf 88' lang='lat' dir='ltr'>communi</span> <span class='ocrx_word' id='word_1_263' title='bbox 574 2360 740 2385; x_wconf 88' lang='lat' dir='ltr'>mcerore</span> <span class='ocrx_word' id='word_1_264' title='bbox 761 2347 966 2385; x_wconf 89' lang='lat' dir='ltr'>retinerem</span> <span class='ocrx_word' id='word_1_265' title='bbox 984 2361 992 2383; x_wconf 74' lang='grc' dir='ltr'>ε</span> <span class='ocrx_word' id='word_1_266' title='bbox 1027 2346 1157 2397; x_wconf 84' lang='lat' dir='ltr'>itaque</span> <span class='ocrx_word' id='word_1_267' title='bbox 1178 2343 1292 2381; x_wconf 84' lang='lat' dir='ltr'>matri</span> <span class='ocrx_word' id='word_1_268' title='bbox 1313 2357 1411 2386; x_wconf 87' lang='lat' dir='ltr'>eam,</span> <span class='ocrx_word' id='word_1_269' title='bbox 1443 2357 1534 2381; x_wconf 91' lang='lat' dir='ltr'>cum</span> <span class='ocrx_word' id='word_1_270' title='bbox 1556 2343 1731 2395; x_wconf 90' lang='lat' dir='ltr'>primum</span> 
     </span>
     <span class='ocr_line' id='line_1_31' title="bbox 350 2407 1730 2463; baseline -0.002 -16"><span class='ocrx_word' id='word_1_271' title='bbox 350 2423 418 2463; x_wconf 89' lang='lat' dir='ltr'>per</span> <span class='ocrx_word' id='word_1_272' title='bbox 438 2409 557 2462; x_wconf 90' lang='lat' dir='ltr'>ipsam</span> <span class='ocrx_word' id='word_1_273' title='bbox 579 2410 730 2455; x_wconf 89' lang='lat' dir='ltr'>liceret,</span> <span class='ocrx_word' id='word_1_274' title='bbox 761 2424 865 2450; x_wconf 86' lang='lat' dir='ltr'>eram</span> <span class='ocrx_word' id='word_1_275' title='bbox 887 2410 1123 2450; x_wconf 76' lang='lat' dir='ltr'>remissurus.</span> <span class='ocrx_word' id='word_1_276' title='bbox 1173 2409 1247 2447; x_wconf 89' lang='lat' dir='ltr'>Pro</span> <span class='ocrx_word' id='word_1_277' title='bbox 1273 2421 1328 2453; x_wconf 85' lang='lat' dir='ltr'>ea,</span> <span class='ocrx_word' id='word_1_278' title='bbox 1361 2421 1479 2459; x_wconf 84' lang='lat' dir='ltr'>quam</span> <span class='ocrx_word' id='word_1_279' title='bbox 1501 2407 1547 2445; x_wconf 90' lang='lat' dir='ltr'>ad</span> <span class='ocrx_word' id='word_1_280' title='bbox 1568 2407 1730 2445; x_wconf 87' lang='lat' dir='ltr'>modum</span> 
     </span>
    </p>
   </div>
   <div class='ocr_carea' id='block_1_6' title="bbox 431 2474 1433 2514">
    <p class='ocr_par' dir='ltr' id='par_1_6' title="bbox 431 2474 1433 2514">
     <span class='ocr_line' id='line_1_32' title="bbox 431 2474 1433 2514; baseline -0.004 0"><span class='ocrx_word' id='word_1_281' title='bbox 431 2476 498 2514; x_wconf 90' lang='lat' dir='ltr'>To</span> <span class='ocrx_word' id='word_1_282' title='bbox 511 2487 563 2514; x_wconf 80' lang='grc' dir='ltr'>Μ.</span> <span class='ocrx_word' id='word_1_283' title='bbox 596 2475 712 2513; x_wconf 84' lang='lat' dir='ltr'><strong>VIII.</strong></span> <span class='ocrx_word' id='word_1_284' title='bbox 1349 2474 1383 2511; x_wconf 92' lang='lat' dir='ltr'>R</span> <span class='ocrx_word' id='word_1_285' title='bbox 1415 2487 1433 2510; x_wconf 86' lang='lat' dir='ltr'>r</span> 
     </span>
    </p>
   </div>
  </div>
 </body>
</html>
