2243 3008
594 266 698 304 AD
758 263 1188 302 ATTICUM
1255 266 1504 305 LIB.II.
1690 283 1741 322 45

358 366 617 405 videbantur:
649 373 703 408 et,
734 363 841 415 quod
871 372 990 416 caput
1019 362 1087 407 est,
1118 362 1220 401 mihi
1245 365 1390 416 quaevis
1412 364 1498 402 satis
1514 366 1616 417 justa
1635 368 1744 405 causa

359 430 524 470 ceffandi
555 429 622 467 est.
669 429 780 479 Qin
812 429 929 466 etiam
961 427 1156 473 dubitem,
1187 442 1234 466 an
1266 428 1348 475 hic,
1380 443 1426 467 an
1455 431 1584 476 Antii,
1616 433 1743 470 confi-

359 496 464 540 dam,
496 504 534 532 et
554 493 631 531 hoc
653 502 808 545 tempus
828 506 946 530 omne
966 492 1222 538 consumam,
1255 494 1325 532 ubi
1353 494 1513 546 quidem
1540 509 1613 547 ego
1642 497 1743 534 mal-

359 561 440 598 lem
462 559 749 603 Duumvirum,
780 571 899 610 quam
924 559 1078 603 Romae,
1108 571 1172 596 me
1203 557 1328 597 fuiffe.
1376 561 1441 597 Tu
1475 574 1564 598 vero
1592 561 1744 613 sapien-

360 627 436 664 tior
468 623 655 662 Buthroti
686 623 852 661 domum
884 623 1048 676 parasti:
1081 623 1159 668 sed,
1190 623 1292 662 mihi
1321 625 1448 670 crede,
1480 627 1660 677 proxima
1692 627 1745 665 est

358 691 420 728 illi
441 690 662 742 municipio
686 688 769 727 haec
799 689 1026 727 Antiatium
1055 689 1207 728 civitas.
1253 690 1340 728 Effe
1373 691 1506 729 locum
1539 701 1619 730 tam
1650 707 1744 745 pro-

358 770 406 809 pe
427 757 614 800 Romam,
646 754 715 792 ubi
737 755 855 792 multi
876 755 965 799 fint,
998 755 1068 807 qui
1089 756 1296 794 Vatinium
1317 770 1522 809 nunquam
1542 757 1711 796 viderint
1729 760 1742 795 ?

359 823 428 860 ubi
451 835 567 860 nemo
588 822 647 866 fit,
678 830 816 873 praeter
836 835 914 866 me,
940 821 1010 874 qui
1030 835 1272 874 quemquam
1291 837 1339 860 ex
1359 823 1597 875 vigintiviris
1620 838 1744 862 unum

358 888 431 930 effe
452 888 601 925 salvum
620 887 715 925 velit
734 888 746 923 ?
779 887 849 924 ubi
875 901 938 924 me
959 888 1184 939 interpellet
1214 902 1344 933 nemo,
1377 889 1544 941 diligant
1573 903 1709 928 omnes
1730 892 1742 927 ?

358 955 457 998 Hic,
488 952 554 991 hic
587 953 777 990 nimirum
808 950 1037 990 πολιτώτέονι
1071 966 1162 990 nam
1192 954 1277 992 istic
1310 969 1388 992 non
1421 955 1548 993 solum
1580 970 1657 993 non
1692 957 1743 994 li-

357 1028 434 1063 cet,
466 1018 529 1056 sed
549 1018 666 1055 etiam
697 1016 826 1054 taedet.
873 1017 1009 1068 Itaque
1037 1011 1207 1057 midam,
1237 1032 1323 1070 quae
1354 1020 1427 1056 tibi
1456 1021 1525 1057 uni
1552 1020 1744 1072 legamus,

357 1083 668 1135 Theopompino
706 1095 859 1133 genere,
905 1091 971 1119 aut
1004 1083 1122 1119 etiam
1157 1083 1345 1136 asperiore
1378 1085 1522 1130 multo,
1567 1099 1743 1138 pangen-

356 1157 434 1187 tur.
486 1149 630 1199 Neque
663 1146 771 1185 aliud
799 1147 884 1198 jam
917 1147 1132 1198 quicquam
1165 1145 1373 1195 mmndopaoq,
1407 1151 1476 1188 nifi
1512 1151 1629 1189 odiffe
1664 1153 1743 1190 im-

355 1214 517 1267 probos,
557 1222 595 1250 et
627 1212 668 1250 id
698 1211 828 1265 ipsum
862 1211 975 1249 nullo
1008 1225 1103 1250 cum
1135 1211 1350 1258 stomacho,
1389 1214 1451 1252 sed
1485 1217 1617 1267 potius
1652 1231 1746 1257 cum

356 1280 488 1331 aliqua
507 1277 703 1316 scribendi
723 1277 937 1331 voluptate.
985 1277 1057 1315 Sed
1079 1286 1123 1315 ut
1149 1277 1195 1315 ad
1217 1291 1313 1324 rem,
1345 1279 1475 1332 seripfi
1495 1281 1541 1318 ad
1564 1283 1744 1334 Qaesto-

357 1359 416 1384 res
452 1345 619 1383 urbanos
655 1343 702 1381 de
737 1343 882 1395 Qinti
913 1342 1042 1381 fratris
1075 1344 1262 1395 negotio:
1295 1344 1409 1401 vide,¹
1430 1347 1526 1398 quid
1557 1358 1741 1394 narrent3

357 1425 481 1464 ecqua
514 1411 597 1464 spes
632 1409 677 1448 fit
712 1408 874 1454 denarii,
917 1422 964 1447 an
999 1408 1222 1461 cistophoro
1257 1411 1499 1464 Pompeiano
1527 1414 1742 1465 jaceamus.

359 1477 545 1514 Praeterea
576 1475 623 1513 de
657 1488 771 1512 muro
804 1474 924 1513 statue
956 1474 1053 1526 quid
1086 1473 1313 1513 faciendum
1348 1476 1408 1515 fit.
1454 1477 1579 1515 Aliud
1613 1479 1743 1531 quid?

358 1543 490 1581 etiam.
568 1540 694 1580 uando
715 1549 752 1579 te
772 1540 971 1594 proficisci
988 1539 1102 1578 istinc
1123 1551 1252 1594 putes,
1283 1541 1344 1581 fac
1366 1552 1411 1581 ut
1430 1543 1564 1582 sciam.

698 1743 939 1781 CICERO
980 1744 1235 1782 ATT1co
1277 1746 1406 1783 SAL.

358 1871 453 1910 VII.
474 1870 597 1943 DE
619 1869 854 1923 geographia
874 1871 992 1909 etiam
1013 1881 1129 1924 atque
1148 1873 1266 1910 etiam
1288 1872 1607 1913 deliberabimus.
1641 1875 1743 1912 Ora-

575 1938 700 1975 tiones
721 1946 852 1975 autem
873 1951 936 1975 me
957 1938 1049 1976 duas
1071 1937 1239 1991 postulas
1260 1954 1267 1976 :
1296 1953 1462 1991 quarum
1483 1941 1642 1979 alteram
1664 1955 1742 1979 non

360 2001 508 2040 libebat
529 2001 632 2040 mihi
651 2003 833 2048 scribere,
866 2003 957 2054 quia
976 2003 1241 2049 abscideram;
1275 2005 1448 2050 alteram,
1480 2020 1527 2044 ne
1548 2006 1744 2045 laudarem

358 2081 465 2113 eum,
497 2082 616 2120 quem
637 2082 716 2106 non
736 2069 914 2106 amabam
933 2083 942 2106 :
976 2069 1039 2106 sed
1060 2069 1098 2107 id
1120 2083 1277 2122 quoque
1298 2071 1541 2110 videbimus:
1575 2072 1744 2124 denique

359 2133 510 2185 aliquid
540 2133 704 2179 extabit,
736 2147 784 2171 ne
816 2134 890 2171 tibi
922 2134 1037 2186 plane
1069 2135 1215 2173 ceffaffe
1247 2136 1460 2175 videamur.
1508 2138 1568 2175 De
1600 2137 1744 2175 Publio

359 2212 444 2250 quae
465 2199 511 2236 ad
531 2213 594 2237 me
616 2199 766 2245 scribis,
783 2200 869 2237 sane
890 2199 992 2238 mihi
1007 2201 1184 2252 jucunda
1203 2201 1314 2247 sunt;
1338 2216 1458 2255 eaque
1473 2203 1590 2240 etiam
1607 2203 1741 2248 velim,

360 2264 544 2302 omnibus
566 2264 735 2317 vestigiis
756 2264 951 2317 indagata,
981 2265 1029 2302 ad
1048 2279 1111 2303 me
1131 2265 1279 2311 afferas,
1311 2281 1404 2305 cum
1425 2268 1553 2306 venies
1571 2287 1583 2313 ;
1615 2277 1653 2306 et
1678 2268 1741 2305 in-

361 2337 462 2366 terea
481 2329 637 2375 scribas,
660 2331 686 2368 fi
707 2331 802 2383 quid
824 2330 1038 2383 intelliges,
1059 2341 1125 2369 aut
1146 2331 1385 2384 suspicabere
1405 2348 1412 2370 :
1447 2342 1486 2370 et
1505 2334 1676 2371 maxime
1697 2333 1743 2370 de

362 2394 554 2446 legatione
574 2397 670 2448 quid
691 2397 735 2435 s1t
755 2399 923 2436 acturus.
971 2398 1169 2450 Equidem
1189 2409 1276 2437 ante
1297 2413 1415 2452 quam
1439 2410 1520 2438 tuas
1543 2401 1619 2452 legi
1650 2401 1741 2437 lite-

363 2473 435 2504 ras,
480 2460 520 2497 in
560 2460 764 2501 hominem
802 2464 857 2502 ire
895 2465 1131 2517 cupiebam;
1177 2479 1256 2503 non
1296 2465 1534 2511 mehercule,
1581 2475 1623 2503 ut
1662 2463 1741 2502 dif-

362 2524 503 2564 ferrem
537 2539 630 2564 cum
663 2539 709 2565 eo
742 2528 1027 2576 vadimonium,
1073 2533 1183 2583 (nam
1216 2532 1315 2569 mira
1349 2531 1434 2570 sum
1469 2531 1663 2569 alacritate
1697 2529 1743 2568 ad
