2243 3008
472 216 547 271 388
816 213 1505 254 EPISTOLARUM

471 313 704 367 significarat
733 313 797 359 iis,
827 326 921 366 quas
943 312 989 350 ad
1010 326 1128 352 meas.
1172 314 1228 351 At
1248 311 1391 350 vellem
1411 310 1561 364 aliquid
1582 309 1790 364 degustasse
1811 309 1861 350 de

474 380 632 418 fabulis.
666 378 739 417 Sed
759 392 906 423 coram,
938 388 982 416 ut
1003 378 1153 417 scribis.
1193 377 1290 421 Etsi,
1322 376 1418 429 quid
1439 376 1495 416 mi
1515 378 1648 415 auftor
1667 391 1706 416 es
1726 379 1738 415 ?
1771 375 1858 415 Ad-

474 445 628 489 volone,
659 457 706 482 an
728 457 867 482 maneo
886 445 898 481 ?
931 443 1128 496 Equidem
1151 452 1189 480 et
1218 442 1258 479 in
1280 440 1391 478 libris
1412 440 1554 487 haereo,
1584 451 1623 479 et
1654 442 1772 480 illum
1792 440 1860 480 hic

473 510 652 562 excipere
673 509 791 547 nolo:
823 509 870 546 ad
891 521 1025 561 quem,
1059 517 1101 545 ut
1122 506 1253 551 audio,
1284 514 1392 557 pater
1412 505 1529 544 hodie
1548 506 1595 544 ad
1617 507 1711 545 Saxa
1731 508 1861 545 Acro-

476 588 606 613 noma.
654 574 809 612 Mirum
830 587 949 627 quam
970 572 1157 611 inimicus
1178 572 1288 616 ibat;
1322 579 1364 607 ut
1385 583 1458 622 ego
1478 570 1742 623 objurgarem.
1789 570 1863 609 Sed

475 653 548 692 ego
568 638 648 692 ipse
679 635 882 687 κεπφέμοα.
938 639 1075 690 Itaque
1103 636 1277 690 posthac.
1322 636 1390 672 Tu
1412 644 1544 673 tamen
1567 635 1668 681 vide,
1698 635 1794 688 quid
1813 635 1863 674 de

474 705 641 744 adventu
673 716 762 741 meo
793 702 943 741 censeas
960 723 972 748 ;
1015 712 1054 742 et
1087 700 1133 738 vd
1159 700 1238 742 ’σ’λσι,
1274 714 1356 740 cras
1388 700 1414 739 fi
1446 700 1613 754 perspici
1644 701 1867 755 potuerint„

476 784 589 810 mane
609 769 737 808 statim
760 778 803 807 ut
825 768 956 808 sciam.

807 971 1051 1009 CICERO
1092 969 1347 1006 ATT1co
1392 968 1525 1006 SAL.

477 1099 588 1138 XLI.
614 1097 734 1171 EG
750 1099 787 1136 O
818 1111 908 1137 vero
929 1097 1086 1150 Qinto
1114 1095 1317 1150 epistolam
1347 1095 1394 1134 ad
1423 1096 1593 1134 sororem
1613 1095 1714 1134 mifi.
1759 1095 1865 1135 Cum

705 1163 774 1201 ille
794 1172 1021 1215 quereretur
1041 1161 1125 1200 filio
1145 1175 1239 1200 cum
1260 1170 1383 1199 matre
1404 1160 1571 1206 bellum,
1592 1169 1631 1198 et
1651 1160 1688 1198 se
1708 1159 1759 1198 ob
1779 1173 1866 1199 earn

479 1229 630 1269 causam
652 1229 772 1268 domo
792 1229 984 1267 cessurum
1006 1228 1091 1266 filio
1111 1227 1257 1266 diceret
1273 1245 1286 1272 ς
1317 1226 1401 1265 dixi
1432 1226 1549 1264 illum
1570 1225 1798 1264 commodas
1819 1225 1866 1263 ad

478 1305 643 1336 matrem
671 1295 816 1341 literas,
848 1294 894 1333 ad
926 1303 962 1333 te
993 1293 1148 1332 nullas:
1180 1292 1249 1331 ille
1278 1292 1445 1330 alterum
1477 1291 1719 1337 mirabatur5
1751 1291 1798 1329 de
1828 1301 1867 1330 te

478 1371 609 1401 autem
631 1361 738 1399 suam
758 1360 932 1412 culpam,
950 1359 1057 1412 quod
1077 1359 1174 1411 saepe
1194 1358 1361 1410 graviter
1381 1357 1427 1395 ad
1449 1356 1577 1395 filium
1599 1356 1798 1409 scripfiffet
1819 1357 1866 1395 de

479 1436 545 1465 tua
564 1427 605 1464 in
626 1426 744 1464 illum
765 1425 921 1477 injuria.
966 1423 1086 1476 Qod
1107 1432 1238 1462 autern
1259 1421 1488 1474 relanguiffe
1509 1421 1544 1459 se
1565 1421 1690 1467 dicit;
1721 1435 1795 1473 ego
1814 1422 1869 1467 ei,

480 1491 557 1529 tuis
579 1491 704 1529 literis
724 1491 832 1528 lectis
853 1487 995 1526 σκολιᾶς
1015 1485 1178 1527 ἀπάταις,
1208 1487 1421 1539 fignificavi
1443 1500 1505 1524 me
1526 1500 1605 1524 non
1626 1485 1724 1525 fore.
1756 1488 1870 1525 Tum

479 1557 585 1594 enim
615 1556 766 1594 mentio
788 1556 920 1593 Canae.
967 1552 1162 1597 Omnino,
1194 1553 1220 1591 fi
1253 1552 1293 1590 id
1324 1551 1531 1590 confilium
1563 1552 1747 1604 placeret,
1778 1551 1870 1591 effet

479 1621 638 1663 neceffe.
672 1620 761 1666 Sed,
783 1630 827 1659 ut
848 1618 998 1664 scribis,
1022 1619 1120 1657 ratio
1140 1618 1193 1656 est
1213 1617 1391 1657 habenda
1410 1618 1609 1670 gravitatis
1627 1637 1639 1664 ς
1661 1628 1700 1656 et
1721 1617 1868 1656 utrius-

479 1701 556 1738 que
578 1686 751 1726 nostrum
773 1686 878 1725 idem
898 1684 1108 1724 confilium
1136 1684 1209 1723 effe
1238 1684 1381 1723 debet:
1413 1684 1480 1722 etsi
1510 1684 1551 1722 in
1582 1697 1645 1722 me
1673 1684 1867 1736 graviores

482 1754 646 1805 injuriae,
668 1762 707 1791 et
727 1762 831 1791 certe
852 1751 1041 1790 notiores.
1073 1751 1111 1789 Si
1131 1764 1222 1789 vero
1241 1751 1362 1789 etiam
1383 1751 1527 1789 Brutus
1548 1749 1698 1802 aliquid
1718 1749 1866 1794 afferet,

481 1818 589 1856 nulla
618 1818 814 1857 dubitatio
843 1817 910 1855 est.
959 1816 1031 1854 Sed
1062 1830 1220 1855 coram:
1254 1830 1395 1869 magna
1423 1816 1530 1854 enim
1562 1829 1634 1861 res,
1665 1824 1703 1854 et
1733 1815 1868 1854 multae

481 1884 688 1922 cautionis.
722 1885 816 1923 Cras
839 1883 988 1936 igitur;
1022 1882 1090 1920 nisi
1112 1883 1209 1934 quid
1230 1896 1250 1920 a
1272 1892 1307 1920 te
1328 1890 1587 1920 commeatus.

821 2084 1062 2122 CICERO
1104 2084 1359 2121 Αττιςο
1402 2083 1532 2121 SAL.

484 2213 615 2251 XLll.
640 2210 712 2281 V
731 2212 762 2250 E
779 2211 818 2250 N
837 2212 906 2251 1T
938 2212 1004 2250 ille
1034 2211 1080 2248 ad
1102 2224 1178 2255 mc,
1212 2207 1364 2262 ›53stch
1391 2209 1566 2258 κατηφῆςε
1598 2219 1636 2249 et
1657 2223 1744 2262 ego,
1775 2207 1816 2245 σὺ
1836 2203 1869 2247 δῖ

736 2270 772 2316 δὴ
790 2291 819 2310 τι
840 2273 970 2321 σόννκς;
1004 2276 1134 2328 Rogas
1155 2277 1167 2313 ?
1200 2275 1345 2327 inquit,
1368 2277 1461 2328 quoi
1484 2277 1556 2314 iter
1578 2275 1705 2321 instet,
1736 2285 1774 2314 ct
1797 2276 1870 2313 iter

482 2343 529 2381 ad
558 2343 725 2387 bellum,
756 2341 874 2392 idque
895 2355 987 2380 cum
1019 2342 1298 2393 periculosum,
1330 2351 1416 2380 tum
1448 2342 1565 2379 etiam
1599 2351 1726 2395 turpe.
1771 2343 1871 2393 Qae

483 2410 539 2448 vis
562 2409 697 2461 igitur,
730 2408 891 2459 inquam
912 2408 923 2444 ?
949 2409 1032 2451 AEs,
1066 2408 1210 2459 inquit,
1242 2407 1440 2445 alienum:
1473 2417 1510 2445 ct
1534 2417 1662 2445 tamen
1686 2421 1732 2445 ne
1754 2408 1871 2445 viati-

482 2488 574 2512 cum
591 2474 766 2527 quidem.
801 2473 892 2511 lloc
916 2472 1004 2511 loco
1019 2486 1092 2524 ego
1115 2472 1252 2524 sumpsi
1270 2472 1457 2524 quiddam
1475 2473 1521 2511 de
1543 2482 1608 2512 tua
1622 2473 1867 2527 eloquentia:
