2243 3008
644 262 750 300 AD
810 260 1241 299 ATTICUM
1310 261 1452 300 LIB.
1508 264 1541 301 1.
1742 279 1787 318 15

400 362 513 401 bonis
534 374 613 400 non
633 361 760 414 gravis
779 375 788 399 ι
821 360 953 413 itaque
973 358 1158 412 frigebat.
1204 362 1314 399 Tum
1341 362 1492 401 Pisonis
1514 364 1685 402 consulis
1707 365 1784 403 im-

397 427 513 480 pulsu
547 426 758 465 leviffimus
793 426 977 464 tribunus
1012 425 1139 477 plebis
1176 426 1313 465 Fufius
1349 429 1390 466 in
1425 429 1659 467 concionem
1694 444 1787 483 pro-

396 493 511 531 duxit
539 492 792 545 Pompeium.
839 492 917 529 Res
949 491 1135 543 agebatur
1166 491 1206 528 in
1240 493 1346 531 circo
1380 494 1606 540 Flamini03
1639 505 1677 533 et
1709 507 1788 534 erat

394 559 437 597 in
458 572 504 597 eo
524 558 607 611 ipso
628 559 731 603 Ιοεο,
764 557 835 596 illo
865 557 942 602 die,
974 557 1241 596 nundinarum
1274 558 1456 606 wavriyafflg.
1519 562 1707 613 Qaefivit
1738 577 1787 601 ex

394 638 455 670 eo,
486 625 707 678 placeretne
740 625 776 662 ei
802 623 957 676 judices
989 638 1010 661 a
1042 624 1209 662 Praetore
1244 625 1337 677 legi,
1369 640 1449 678 quo
1484 628 1646 665 consilio
1681 627 1786 667 idem

394 675 542 729 Praetof
564 698 763 728 uteretur:
796 689 836 727 id
866 698 998 728 autem
1027 699 1107 728 erat
1136 690 1182 728 de
1213 691 1404 729 Clodiana
1437 693 1626 745 religione
1647 694 1694 731 ab
1717 696 1784 733 Se-

393 765 487 794 natu
509 755 784 794 constitutum.
831 756 942 794 Tum
970 755 1184 808 Pompeius
1214 751 1304 805 μάλ’
1329 752 1596 807 &ess-anparai&
1628 759 1784 799 locutus

394 821 475 867 est3
523 821 760 874 Senatusque
794 822 1066 860 auctoritatem
1100 821 1172 860 fibi
1206 822 1393 860 omnibus
1429 822 1469 860 in
1505 824 1620 863 rebus
1655 827 1784 864 maxi-

394 900 501 926 mam
532 887 670 933 videri,
714 887 941 940 semperque
973 887 1093 926 visam
1124 887 1212 933 effe,
1252 888 1466 941 respondit,
1504 899 1542 928 et
1574 890 1614 928 id
1645 892 1785 930 multis

392 954 536 992 verbis.
584 953 718 991 Postea
748 953 926 991 Messalla
954 953 1090 991 consul
1123 953 1164 992 in
1194 955 1335 992 Senatu
1365 954 1412 992 de
1433 955 1624 1008 Pompeio
1645 959 1784 1010 quaefi-

393 1020 465 1065 vit,
497 1019 594 1072 quid
627 1019 674 1057 de
705 1019 910 1071 religione,
941 1028 980 1057 et
1012 1019 1059 1057 de
1090 1020 1339 1071 promulgata
1359 1022 1575 1072 rogatione,
1608 1023 1782 1063 sentiret.

394 1086 573 1124 Locutus
606 1085 660 1121 ita
690 1084 744 1121 est
775 1084 816 1121 in
850 1085 1007 1129 Senatu,
1040 1094 1083 1122 ut
1114 1086 1248 1122 omnia
1279 1085 1387 1122 illius
1423 1086 1571 1124 ordinis
1607 1089 1785 1128 consulta

390 1145 738 1195 stv1n55laudaret5
771 1147 966 1201 mihique,
998 1158 1043 1186 ut
1062 1149 1208 1194 assedit,
1241 1149 1357 1194 dixit,
1389 1150 1424 1187 se
1445 1158 1594 1202 putare,
1627 1153 1714 1191 satis
1735 1155 1785 1192 ab

392 1215 428 1253 se
447 1215 566 1252 etiam
596 1213 644 1252 de
673 1213 753 1252 istis
783 1214 897 1252 rebus
928 1213 1000 1252 esse
1032 1214 1271 1267 responsum.
1319 1215 1471 1253 Craffus
1506 1217 1634 1268 postea
1664 1233 1784 1271 quam

392 1280 491 1319 vidit
512 1280 630 1318 illum
650 1279 839 1332 excepiffe
860 1279 1015 1317 laudern
1037 1294 1084 1318 ex
1105 1293 1164 1325 e0‚
1197 1280 1303 1332 quod
1334 1280 1618 1333 suspicarentur
1646 1283 1782 1323 homi-

391 1359 459 1384 nes
480 1346 516 1384 ei
537 1345 800 1384 Consulatum
820 1359 955 1384 meum
979 1346 1147 1398 placere,
1178 1345 1358 1391 surrexit,
1389 1347 1704 1401 ornatissimeque
1736 1350 1785 1388 de

391 1426 480 1451 meo
501 1412 719 1451 Consulatu
740 1413 896 1450 locutus
918 1412 999 1458 est;
1033 1422 1076 1451 ut
1107 1413 1162 1451 ita
1187 1412 1348 1458 diceret,
1380 1413 1431 1458 se,
1463 1415 1570 1467 quod
1601 1415 1691 1454 effet
1722 1417 1780 1455 se-

389 1488 516 1525 nator,
547 1478 655 1532 quod
686 1478 798 1524 civis,
828 1478 937 1531 quod
969 1478 1084 1524 liber,
1115 1479 1222 1532 quod
1254 1480 1414 1526 viveret,
1445 1480 1547 1519 mihi
1574 1491 1781 1535 acceptum

390 1543 532 1583 referre
547 1563 559 1590 ς
592 1545 746 1597 quoties
768 1545 995 1597 conjugem,
1028 1545 1182 1597 quoties
1204 1544 1385 1591 domum,
1418 1546 1572 1598 quoties
1597 1548 1779 1600 patriam,

389 1610 553 1655 videret,
585 1610 700 1649 toties
722 1610 758 1648 se
780 1610 1019 1649 beneficium
1039 1624 1175 1649 meum
1195 1611 1341 1650 videre.
1389 1612 1499 1664 Qid
1526 1613 1652 1651 multa
1670 1615 1683 1652 ?
1717 1625 1779 1653 to—

390 1685 477 1714 tum
508 1675 617 1714 hunc
648 1675 799 1720 locum,
830 1689 950 1728 quem
970 1689 1044 1727 ego
1063 1677 1165 1714 varie
1196 1677 1294 1715 meis
1321 1678 1581 1724 orationibus,
1613 1693 1780 1732 quarum

390 1751 432 1780 tu
457 1740 702 1779 Aristarchus
723 1755 779 1786 es,
809 1741 912 1779 soleo
944 1742 1119 1794 pingere,
1152 1741 1199 1780 de
1231 1742 1402 1788 flamma,
1435 1743 1481 1781 de
1508 1743 1625 1790 ferro,
1661 1746 1779 1797 (nosti

387 1807 474 1845 illas
508 1803 659 1858 ληκύθες)
700 1807 811 1844 valde
849 1807 1018 1859 graviter
1055 1808 1267 1859 pertexuit.
1319 1808 1503 1846 Proxime
1543 1809 1780 1862 Pompeium

388 1872 582 1911 sedebam.
629 1872 813 1911 Intellexi
847 1871 1053 1910 hominem
1087 1873 1264 1917 moveri;
1303 1882 1436 1911 utrum
1470 1873 1647 1912 Craffum
1679 1877 1778 1914 inire

388 1951 474 1976 eam
513 1938 692 1990 gratiam,
736 1951 855 1990 quam
890 1937 969 1990 ipse
1003 1937 1326 1990 praetermififfet;
1372 1951 1419 1975 an
1453 1938 1525 1976 effe
1560 1948 1683 1977 tantas
1719 1955 1776 1979 res

388 2003 549 2049 nostras,
581 2018 667 2056 quae
688 2013 768 2042 tam
789 2004 932 2042 libenti
953 2004 1094 2041 Senatu
1116 2003 1378 2049 laudarentur,
1410 2004 1457 2041 ab
1482 2018 1528 2042 eo
1548 2005 1775 2056 praesertim‚

390 2070 460 2122 qui
488 2068 589 2107 mihi
621 2069 778 2108 laudem
809 2070 920 2107 illam
952 2083 998 2107 eo
1029 2069 1161 2107 minus
1194 2068 1366 2114 deberet,
1398 2069 1504 2122 quod
1525 2071 1621 2108 meis
1642 2073 1775 2110 omni-

388 2135 460 2174 bus
483 2136 605 2174 literis
633 2137 674 2174 in
702 2137 939 2189 Pompeiana
968 2135 1081 2174 laude
1108 2135 1330 2188 perstristus
1350 2136 1455 2175 effet.
1507 2137 1589 2174 Hic
1610 2137 1690 2176 dies
1713 2152 1777 2176 me

388 2201 498 2239 valde
531 2201 662 2239 Craffo
693 2202 901 2253 adjunxit:
934 2210 972 2239 et
1005 2210 1135 2239 tamen
1167 2201 1214 2238 ab
1247 2201 1318 2239 illo
1350 2211 1493 2254 aperte,
1525 2204 1623 2239 teete
1655 2203 1775 2255 quid-

388 2266 485 2318 quid
504 2267 556 2304 est
577 2267 728 2312 datum,
760 2267 929 2305 libenter
960 2267 1107 2319 accepi.
1154 2267 1242 2318 Ego
1273 2276 1403 2305 autem
1434 2266 1528 2319 ipse,
1560 2266 1616 2305 dii
1649 2268 1770 2306 boni!

389 2345 468 2383 quo
493 2333 612 2371 modo
643 2328 940 2386 {vemgmgeuau'pclw
972 2346 1074 2371 novo
1106 2333 1273 2370 auditori
1296 2334 1517 2385 Pompeio?
1550 2333 1575 2370 fi
1598 2347 1774 2386 unquam

389 2395 489 2434 mihi
510 2392 649 2445 περίοδοι,
679 2397 705 2435 sl
735 2395 884 2445 καμπα),
915 2398 940 2435 sl
961 2394 1172 2447 ἐνθυμήματα,
1203 2399 1227 2436 fi
1252 2394 1471 2441 κατασκευαὶ,
1500 2398 1770 2451 suppeditave-

388 2470 494 2505 runt,
541 2461 611 2499 illo
646 2471 835 2515 tempore.
887 2462 997 2514 Qid
1031 2462 1190 2500 multa?
1236 2463 1440 2501 clamores.
1492 2464 1653 2501 Etenim
1689 2464 1770 2502 haec

386 2536 466 2564 erat
499 2522 644 2565 ὑπέθεσις,
674 2526 719 2564 de
753 2528 939 2578 gravitate
973 2527 1138 2574 ordinis,
1181 2528 1227 2567 de
1261 2528 1427 2581 equestri
1462 2529 1684 2574 concordia,
1723 2528 1771 2566 dc
