2243 3008
497 278 570 320 188
840 271 1529 316 EPISTOLARUM

493 378 636 417 viderit
654 378 662 415 ἔ
686 385 802 430 atque
822 375 905 415 haee
925 377 979 414 ait
998 374 1131 414 omnia
1151 372 1276 412 facere
1298 372 1333 411 se
1354 373 1558 427 dignitatis
1578 372 1689 413 causa
1707 387 1717 412 t
1740 372 1809 413 ubi
1828 371 1884 411 est

495 453 626 482 autem
647 443 832 495 dignitas,
865 443 934 480 nifi
957 442 1026 480 ubi
1046 440 1223 479 honestas
1243 441 1255 477 ?
1287 439 1403 478 Num
1423 439 1630 478 honestum
1651 441 1788 493 igitur,
1810 438 1882 477 ha-

495 508 585 547 bere
605 508 823 547 exercitum
845 507 957 545 nullo
977 506 1140 558 publico
1161 503 1347 542 confilio?
1370 517 1561 557 occupare
1582 505 1696 544 urbes
1716 505 1883 547 civium,

495 586 577 624 quo
597 572 751 611 facilior
773 572 817 609 fit
837 571 965 608 aditus
992 570 1037 607 ad
1068 569 1232 622 patriam
1252 569 1265 605 ?
1295 563 1402 617 ge&
1427 561 1609 608 Σωκοπιὶς,
1637 562 1796 615 φυγάδων
1814 580 1884 602 sca.-

496 631 614 684 &63⁸2
655 638 834 676 sexcenta
866 638 939 675 alia
973 636 1127 680 scelera,
1170 633 1318 678 moliri,
1357 628 1408 673 τῖιν
1438 628 1515 674 ,θεῶν
1545 628 1691 680 μαγίς-ἆυ
1718 630 1776 672 ὦς’
1804 629 1887 677 ἔχειν

496 698 660 753 τυραννίδα,
682 705 694 740 ?
728 704 810 742 Sibi
831 703 970 741 habeat
992 702 1098 740 suam
1119 700 1345 739 fortunam:
1369 711 1488 736 unam
1508 696 1733 737 mehercule
1754 707 1887 736 tecum

497 768 779 820 apricationem
809 769 850 806 in
880 768 952 806 illo
981 767 1198 806 Lucretino
1228 774 1297 803 tuo
1327 763 1405 802 sole
1432 763 1584 808 malim,
1617 775 1736 815 quam
1755 762 1889 801 omnia

498 833 716 872 istiusmodi
738 847 882 886 regna;
914 834 974 871 vel
996 833 1128 886 potius
1149 831 1251 870 mori
1271 829 1433 874 millies,
1464 841 1584 881 quam
1614 827 1731 866 semel
1758 827 1886 866 istius·

498 898 609 937 modi
629 898 847 951 quidquam
868 898 1053 950 cogitare.
1087 896 1212 948 Qid,
1235 895 1260 933 fi
1283 904 1325 933 tu
1346 894 1441 932 velis
1461 894 1475 931 ?
1506 893 1655 945 inquis.
1692 894 1779 945 Age
1799 892 1889 945 quis

499 963 568 1008 est,
599 963 664 1002 cui
687 963 788 1001 velle
815 976 894 1001 non
923 963 1072 1000 liceat?
1104 961 1168 999 sed
1194 974 1282 1013 ego,
1314 959 1391 997 hoc
1413 958 1543 1011 ipsum
1562 958 1678 1004 velle,
1709 957 1888 996 miserius

499 1028 573 1066 effe
592 1027 710 1072 duco,
741 1040 860 1080 quam
882 1028 922 1066 in
943 1040 1101 1065 crucem
1123 1025 1227 1064 tolli.
1260 1025 1351 1063 Una
1371 1037 1430 1062 res
1449 1023 1503 1062 est
1522 1037 1565 1062 ea
1584 1023 1777 1069 miserior,
1803 1023 1889 1062 adi-

500 1092 598 1146 pisci
618 1092 725 1146 quod
745 1093 800 1130 ita
819 1093 1004 1132 volueris.
1051 1091 1123 1129 Sed
1153 1090 1236 1129 haec
1266 1089 1479 1128 hactenus:
1512 1089 1683 1128 libenter
1710 1090 1818 1127 enirn
1847 1088 1890 1127 in

498 1159 563 1198 his
584 1159 771 1198 molestiis
791 1154 966 1210 ὲνχολαίζω
993 1172 1053 1193 σοι.
1097 1157 1318 1196 Redeamus
1350 1156 1397 1195 ad
1429 1155 1619 1194 nostrum.
1666 1156 1740 1194 Per
1758 1154 1893 1194 fortu-

501 1239 584 1271 nas,
615 1225 730 1278 quale
750 1225 826 1263 tibi
846 1224 1054 1263 confilium
1075 1224 1256 1278 Pompeii
1282 1222 1468 1261 videtur?
1500 1221 1577 1260 hoc
1606 1235 1752 1274 quaero,
1783 1221 1893 1274 quod

502 1292 642 1330 urbem
663 1291 865 1344 reliquerit
883 1305 892 1329 :
924 1303 998 1342 ego
1017 1290 1125 1328 enim
1144 1286 1279 1339 ίιπορῶε
1313 1298 1400 1327 tum
1421 1287 1524 1326 nihil
1544 1287 1762 1326 absurdius.
1806 1289 1889 1326 Ur-

503 1357 594 1394 bem
616 1365 660 1395 tu
680 1356 875 1408 relinquas
895 1355 908 1393 ?
940 1361 1033 1407 ergo
1063 1354 1184 1400 idem,
1215 1354 1241 1392 si
1264 1354 1373 1393 Galli
1393 1353 1585 1391 venirent.
1618 1353 1714 1391 Non
1734 1352 1802 1397 est,
1824 1353 1890 1391 in-

501 1421 604 1473 quit,
626 1421 666 1458 in
689 1420 902 1473 parietibus
924 1419 1177 1472 Respublica.
1210 1419 1266 1457 At
1286 1419 1327 1456 in
1348 1419 1422 1456 aris
1442 1427 1482 1456 et
1501 1417 1617 1456 focis.
1650 1418 1763 1456 Fecit
1783 1417 1890 1456 idem

501 1485 807 1525 Themistocles.
853 1485 1042 1524 Fluctum
1073 1485 1181 1522 enim
1214 1484 1335 1522 totius
1361 1482 1545 1521 barbariae
1574 1482 1673 1521 ferre
1693 1483 1786 1521 urbs
1814 1495 1892 1520 una

502 1565 582 1590 non
613 1561 778 1605 poterat.
825 1551 882 1589 At
912 1550 1019 1588 idem
1051 1549 1221 1588 Pericles
1256 1562 1336 1587 non
1370 1547 1481 1593 fecit,
1512 1561 1660 1586 annum
1692 1547 1772 1586 fere
1806 1548 1891 1600 post

500 1616 886 1669 quinquagesimum,
928 1629 1022 1653 cum
1057 1623 1194 1667 praeter
1227 1614 1375 1652 moenia
1407 1611 1510 1651 nihil
1545 1621 1709 1652 teneret.
1754 1611 1893 1652 Nostri

500 1682 615 1727 olim,
647 1682 744 1720 urbe
763 1681 914 1733 reliqua
931 1690 1058 1733 capta,
1089 1692 1218 1718 arcem
1239 1688 1371 1717 tamen.
1390 1679 1654 1724 retinuerunt,

636 1744 727 1782 οὕτω
745 1758 794 1782 πυ
812 1743 871 1781 τῶν
887 1741 1025 1795 πρόσθεν
1043 1740 1255 1792 ἐπευθόμεθτι
1273 1742 1364 1781 κλέα.
1382 1740 1509 1791 arhiv.

504 1812 652 1851 Rursus
687 1820 819 1850 autem
853 1824 901 1849 ex
932 1810 1067 1848 dolore
1101 1809 1351 1861 municipali,
1383 1808 1703 1861 sermonibusque
1736 1822 1888 1856 eorum,

503 1891 602 1931 quos
622 1877 830 1920 convenio,
850 1875 1006 1914 videtur
1025 1874 1102 1913 hoc
1122 1874 1331 1912 confilium
1350 1874 1503 1913 exitum
1524 1874 1770 1914 habiturum.
1802 1876 1890 1914 Mi-

504 1957 542 1980 ra
572 1942 783 1980 hominum
812 1941 970 1992 querela
999 1940 1067 1985 est,
1102 1939 1251 1991 (nescio
1281 1939 1395 1977 istic:
1427 1939 1490 1978 sed
1525 1939 1642 1979 facies
1675 1950 1719 1979 ut
1751 1941 1888 1991 sciam)

504 2010 580 2047 sine
602 2007 890 2060 magistratibus
916 2006 1055 2044 urbem
1086 2005 1173 2051 effe,
1205 2006 1282 2043 fine
1313 2007 1469 2044 Senatu.
1517 2007 1689 2059 Fugiens
1722 2007 1892 2060 denique

503 2074 716 2126 Pompeius
738 2071 970 2110 mirabiliter
991 2070 1172 2109 homines
1194 2079 1338 2109 movet.
1364 2071 1474 2123 Qid
1494 2073 1632 2124 qua-ris
1654 2074 1666 2110 ?
1688 2073 1762 2110 alia
1781 2074 1893 2112 causa

506 2138 602 2176 facta
621 2137 696 2176 est:
721 2136 821 2175 nihil
837 2137 921 2189 jam
941 2135 1239 2175 concedendum
1261 2145 1400 2188 putant
1421 2137 1574 2175 Caesati.
1608 2137 1705 2176 Haec
1728 2148 1770 2176 tu
1790 2138 1892 2177 mihi

504 2204 656 2256 explica
677 2203 806 2255 qualia
827 2203 913 2241 sint.
947 2203 1035 2254 Ego
1056 2201 1214 2254 negotio
1236 2202 1398 2254 praesum
1421 2217 1497 2240 non
1521 2203 1772 2241 turbulento:
1805 2204 1891 2242 vult

504 2271 610 2308 enim
633 2283 695 2307 me
719 2269 928 2320 Pompeius
958 2267 1045 2313 effe,
1076 2281 1195 2319 quem
1227 2277 1307 2306 tota
1338 2267 1420 2306 haec
1453 2271 1653 2321 Campana
1677 2279 1715 2307 et
1737 2270 1889 2308 mariti-

504 2348 568 2373 ma
605 2347 670 2372 ora
710 2333 848 2372 habeat
886 2330 1070 2377 imo-mov,
1115 2332 1163 2370 ad
1201 2347 1320 2385 quem
1353 2333 1525 2372 delectus
1559 2344 1597 2372 ct
1634 2334 1783 2372 summa
1819 2349 1889 2374 nc-

503 2400 603 2451 gotii
625 2397 825 2437 referatur.
871 2399 1008 2449 Itaque
1028 2411 1147 2450 vagus
1167 2398 1239 2437 esse
1260 2398 1497 2450 cogitabam.
1531 2401 1591 2437 Tc
1614 2410 1710 2451 puto
1725 2401 1807 2452 jam
1828 2402 1889 2439 vi·

503 2466 607 2508 dere,
638 2477 723 2516 qua:
756 2465 799 2502 sit
834 2460 911 2511 ὁρμὴ
943 2462 1117 2508 Caesaris,
1160 2465 1227 2516 qui
1265 2465 1449 2517 populus,
1481 2466 1549 2517 qui
1587 2465 1707 2504 totius
1740 2467 1890 2518 negotii

504 2533 619 2569 status
638 2545 646 2568 :
678 2544 720 2569 ea
741 2530 860 2569 velim
881 2529 1021 2568 scribas
1043 2529 1088 2567 ad
1110 2544 1187 2576 me,
1219 2540 1256 2570 ct
1277 2531 1453 2584 quidem,
1475 2532 1662 2584 quoniam
1684 2532 1891 2571 mutabilia
