2243 3008
399 315 450 355 68
744 313 1432 356 EPISTOLARUM

738 551 981 589 C1ctRo
1021 549 1278 587 ATT1co
1318 547 1451 585 SAL.

402 679 536 718 XXV.
566 677 632 750 C
650 679 687 716 U
705 677 754 716 M
782 677 957 730 aliquem
976 676 1079 730 apud
1099 684 1138 714 te
1157 674 1316 714 laudaro
1336 684 1497 713 tuorum
1516 673 1790 719 familiarium,

664 743 793 782 volam
814 743 931 780 illum
953 741 1048 779 scire
1067 754 1116 779 ex
1136 750 1174 778 te
1194 753 1257 778 me
1276 739 1317 778 id
1337 738 1467 778 feciffe
1482 757 1495 784 ς
1518 748 1563 777 ut
1582 752 1706 792 nuper
1725 751 1790 777 me

405 809 478 847 scis
499 808 681 862 scripsisse
701 807 748 846 ad
769 817 806 846 te
827 807 874 846 de
895 807 1081 844 Varronis
1101 817 1190 857 erga
1216 818 1282 843 me
1299 804 1432 843 officio
1447 823 1460 850 5
1492 813 1530 842 te
1558 804 1606 842 ad
1634 816 1700 842 me
1727 817 1790 841 re-

406 874 603 928 scripfiffe,
624 887 709 912 eam
729 886 811 911 rem
833 873 994 911 summae
1015 872 1090 910 tibi
1111 870 1305 923 voluptati
1325 870 1398 908 ess‘e
1415 885 1425 909 ι
1454 869 1518 908 sed
1536 882 1611 922 ego
1630 869 1792 908 mallem

405 940 452 977 ad
474 941 589 978 illum
611 937 827 992 scripsisses,
857 937 960 976 mihi
984 937 1100 975 illum
1134 934 1350 974 satisfacere
1366 954 1378 981 3
1410 948 1490 973 non
1519 948 1600 988 quo
1630 934 1791 979 faceret,

406 1005 469 1043 sed
491 1016 533 1044 ut
554 1005 711 1043 faceret.
742 1003 986 1041 Mirabiliter
1003 1002 1111 1040 enim
1132 1009 1305 1039 moratus
1324 999 1393 1045 est,
1415 999 1514 1038 ficut
1533 1000 1648 1046 nosti,
1673 994 1794 1035 ἑλικτοὶ

406 1064 558 1113 &aista
600 1068 671 1106 Sed
706 1081 777 1106 nos
810 1077 988 1106 tenemus
1022 1074 1263 1120 praeceptum
1293 1065 1409 1110 illud,
1439 1061 1501 1104 τὰς
1518 1061 1577 1101 τῶν
1594 1061 1790 1118 ›agar-§vrak

406 1135 462 1171 At
481 1132 642 1171 hercule
660 1133 757 1171 alter
777 1141 868 1170 tuus
888 1131 1092 1170 familiaris
1125 1131 1332 1176 Hortalus,
1363 1142 1484 1182 quarn
1512 1128 1628 1182 plena
1656 1141 1791 1173 manu,

404 1213 523 1252 quam
544 1200 728 1251 ingenue,
759 1210 878 1251 quam
906 1206 1056 1243 ornate,
1087 1196 1232 1235 nostras
1262 1195 1394 1234 laudes
1427 1196 1469 1233 in
1498 1194 1593 1233 astra
1620 1194 1791 1240 sustulit,

405 1279 501 1303 cum
521 1266 567 1302 de
589 1265 722 1303 Flacci
742 1273 922 1317 praetura,
951 1273 991 1301 et
1011 1263 1058 1301 de
1078 1263 1150 1301 illo
1170 1271 1346 1315 tempore
1367 1261 1650 1314 Allobrogum,
1681 1260 1792 1299 dice-

406 1341 463 1369 ret
483 1332 495 1368 ?
519 1332 580 1368 Sic
602 1330 758 1375 habeto,
782 1342 852 1368 nec
872 1329 1082 1373 amantius,
1105 1341 1176 1367 nec
1195 1326 1538 1372 honorificentius,
1560 1339 1632 1365 nec
1652 1325 1792 1378 copio-

407 1396 498 1441 fius,
529 1395 695 1448 potuisse
724 1395 818 1433 dici.
865 1395 915 1432 Ei
945 1403 983 1432 te
1012 1393 1089 1432 hoc
1120 1393 1285 1432 scribere
1304 1406 1326 1431 a
1345 1406 1409 1431 me
1429 1391 1504 1431 tibi
1523 1391 1596 1430 effe
1616 1391 1791 1436 miffum,

409 1461 495 1499 sane
515 1460 619 1499 volo.
666 1460 738 1498 Sed
758 1459 855 1512 quid
885 1469 928 1498 tu
955 1459 1130 1497 scribas?
1160 1472 1280 1512 quem
1305 1460 1389 1511 jam
1417 1470 1491 1510 ego
1516 1457 1648 1496 venire
1676 1465 1794 1509 atque

409 1526 530 1564 adesse
550 1526 716 1564 arbitror
734 1541 742 1564 ε
776 1526 829 1563 ita
848 1525 1037 1579 enimregi
1060 1534 1192 1562 tecum
1213 1523 1476 1577 superioribus
1496 1523 1636 1561 literis.
1669 1522 1796 1560 Valde

409 1602 449 1629 te
467 1593 643 1643 expecto,
666 1591 775 1628 valde
796 1591 966 1628 defidero
982 1609 993 1635 ;
1026 1603 1152 1642 neque
1172 1602 1247 1641 ego
1266 1590 1405 1641 magis,
1436 1601 1556 1641 quam
1578 1588 1657 1640 ipsa
1678 1601 1735 1626 res
1755 1595 1795 1626 et

410 1666 565 1709 tempus
587 1656 726 1708 poscit.
775 1655 852 1694 His
874 1655 921 1693 de
942 1655 1110 1707 negotiis
1132 1654 1228 1707 quid
1249 1654 1417 1692 scribam
1435 1653 1482 1691 ad
1502 1662 1555 1698 te,
1587 1653 1657 1691 nisi
1688 1653 1796 1692 idem

410 1722 515 1773 quod
537 1722 663 1773 saepe?
695 1721 916 1773 Republica
946 1720 1047 1758 nihil
1074 1720 1336 1773 desperatius:
1370 1719 1433 1764 iis,
1464 1731 1636 1771 quorum
1663 1731 1792 1771 opera,

412 1786 511 1825 nihil
533 1788 677 1839 majore
697 1787 802 1824 odio.
835 1787 938 1831 Nos,
971 1795 1013 1823 ut
1033 1786 1184 1838 opinio,
1215 1794 1253 1823 et
1274 1785 1374 1837 spes,
1402 1793 1441 1822 et
1461 1785 1684 1835 conjectura
1704 1783 1794 1821 nos-

409 1863 467 1891 tra
505 1851 595 1898 fert,
642 1851 855 1890 firmissima
894 1851 1166 1889 benevolentia
1202 1850 1414 1889 hominum
1453 1849 1600 1888 muniti
1644 1848 1791 1888 sumus.

410 1918 542 1968 Qare
561 1917 710 1955 advola.
744 1919 825 1954 Aut
846 1916 1027 1969 expedies
1049 1929 1119 1954 nos
1139 1916 1248 1954 omni
1271 1914 1458 1960 molestia,
1489 1923 1555 1953 aut
1575 1915 1649 1952 eris
1670 1915 1794 1967 parti-

409 1995 515 2035 ceps.
550 1982 642 2020 Ideo
663 1982 746 2019 sum
768 1982 935 2027 brevior,
966 1982 1086 2034 quod,
1119 1990 1162 2019 ut
1183 1981 1306 2034 spero,
1336 1993 1468 2019 coram
1489 1980 1596 2019 brevi
1618 1989 1793 2032 tempore

410 2047 586 2087 conferre
607 2062 691 2101 quae
712 2049 894 2087 volumus
915 2047 1066 2087 licebit.
1113 2049 1217 2086 Cura
1238 2056 1281 2086 ut
1300 2047 1437 2085 valeas.
