2243 3008
601 262 708 301 AD
765 261 1197 300 ATTICUM
1268 266 1410 305 LIB.
1461 268 1553 306 XV.
1695 282 1772 322 4‡3

382 360 562 412 expecto.
607 357 709 396 Vide
729 357 871 409 quaes0‚
904 370 952 394 ne
972 357 1068 409 quid
1090 366 1234 396 temere
1256 359 1334 399 fiat.
1384 363 1525 402 Statius
1557 364 1704 417 scripsit
1724 366 1770 402 ad

386 437 465 469 me,
496 424 677 461 locutum
709 422 839 460 secum
870 422 941 460 effe
963 424 1276 474 QCiceronem
1303 426 1413 463 valde
1444 429 1704 474 asseveranter,
1737 431 1772 468 se

385 487 470 525 haec
491 487 589 525 ferre
611 501 689 525 non
711 487 840 540 posse:
873 497 1026 526 certum
1057 488 1127 526 fibi
1156 488 1228 526 effe
1257 489 1304 526 ad
1335 491 1500 530 Brutum
1532 504 1569 531 et
1601 495 1771 533 Casfium

386 553 558 591 transire.
591 552 683 591 Hoc
704 553 809 590 enirn
832 566 922 590 vero
944 566 1049 591 nunc
1070 553 1214 591 discere
1234 568 1326 592 aveo
1345 570 1353 592 :
1386 555 1462 594 hoc
1483 571 1570 609 ego,
1593 559 1688 610 quid
1711 560 1769 602 fit,

387 618 634 670 interpretari
656 632 733 656 non
754 618 920 672 possum.
955 618 1083 656 Potest
1103 619 1252 671 aliquid
1274 620 1392 659 iratus
1415 624 1592 661 Antonio
1611 639 1619 661 :
1650 625 1774 676 potest

386 684 554 736 gloriam
577 697 718 722 novam
739 697 936 736 quaerere:
969 683 1092 737 potest
1123 694 1253 722 totum
1280 685 1352 723 effe
1379 679 1606 735 σχεδῖατμσιε
1639 697 1677 726 et
1711 689 1772 726 ni-

386 750 535 787 mirum
557 750 610 787 ita
629 749 696 788 est.
743 750 816 787 Sed
846 758 976 787 tamen
1006 758 1045 787 et
1074 763 1146 801 ego
1177 763 1323 796 vereor,
1355 760 1393 788 et
1423 761 1531 804 pater
1559 755 1772 791 conturba-

389 824 452 853 tus
482 814 550 853 est.
597 815 678 853 Scit
706 815 830 860 enim,
860 829 947 867 quae
977 815 1044 853 ille
1073 815 1121 853 de
1152 814 1255 853 hoc:
1289 829 1447 854 mecum
1468 817 1629 869 quidem
1650 815 1774 865 ἄφατα,

388 880 503 919 olim.
551 880 670 918 Plane
691 880 788 933 quid
808 881 903 918 velit
928 880 1071 919 nescio.
1118 881 1155 918 A
1177 881 1386 919 Dolabella
1406 882 1586 920 mandata
1605 881 1772 928 habebo,

387 959 475 998 quae
505 944 606 984 mihi
636 945 889 990 videbuntur,
922 946 960 984 id
988 945 1055 990 est,
1087 945 1204 984 nihil.
1252 947 1330 984 Dic
1353 946 1469 991 mihi,
1502 948 1550 985 C.
1575 948 1775 985 Antonius

388 1009 567 1049 voluitne
598 1010 682 1048 fieri
714 1012 963 1064 Septemvir?
995 1010 1074 1049 fuit
1105 1020 1208 1049 certe
1240 1011 1398 1064 dignus.
1445 1013 1507 1050 De
1532 1013 1776 1051 Menedemo

389 1075 458 1122 est,
490 1085 534 1115 ut
555 1076 705 1115 scribis.
743 1075 876 1115 Facies
899 1077 1032 1116 omnia
1051 1076 1154 1115 mihi
1175 1085 1280 1115 nota.

730 1276 973 1314 thERo
1014 1276 1269 1314 AT‘rlco
1312 1276 1442 1315 SAL.

393 1402 487 1442 XX.
512 1401 578 1475 E
593 1403 632 1440 G
650 1403 668 1440 I
698 1402 838 1454 gratias
871 1402 1074 1447 Vedsten05
1107 1401 1210 1440 nihil
1244 1403 1351 1440 enim
1385 1404 1517 1456 potuit
1550 1402 1778 1443 humanius.

610 1467 828 1505 Dolabellae
850 1466 1031 1505 mandata
1051 1466 1124 1504 sint
1145 1466 1331 1519 quenlibet
1350 1482 1358 1505 :
1392 1467 1493 1505 mihi
1523 1467 1687 1520 aliquid,
1719 1468 1779 1507 vel

389 1532 501 1586 quod
530 1533 660 1572 Niciae
680 1533 876 1570 nuntiem.
923 1532 1026 1582 Qis
1058 1533 1166 1569 enim
1195 1531 1294 1576 haec,
1326 1542 1370 1570 ut
1399 1533 1551 1578 scribis,
1582 1535 1701 1571 ante?
1734 1547 1782 1572 ne

394 1611 501 1636 nunc
522 1597 700 1635 dubitare
720 1608 962 1648 quemquam
983 1596 1233 1648 prudentem,
1264 1596 1362 1648 quin
1383 1610 1493 1635 meus
1510 1597 1690 1636 disceffus
1711 1598 1780 1636 de-

393 1663 621 1716 sperationis
643 1661 703 1706 sit,
720 1674 799 1699 non
820 1661 1055 1713 legationis?
1079 1660 1200 1712 Qod
1220 1660 1289 1705 ais,
1310 1670 1485 1699 extrema
1505 1662 1682 1714 quaedam
1697 1664 1782 1714 jam

394 1727 577 1767 homines
597 1727 645 1764 de
666 1726 889 1779 Republica
908 1726 1034 1778 loqui,
1064 1735 1103 1764 et
1123 1739 1188 1764 eos
1207 1725 1371 1778 quidem
1391 1727 1493 1765 viros
1515 1727 1660 1772 bonos;
1692 1742 1780 1780 ego,

392 1806 475 1846 quo
495 1793 557 1830 die
577 1792 708 1830 audivi
732 1791 851 1830 illum
880 1800 1091 1843 tyrannum
1121 1792 1163 1829 in
1192 1792 1384 1829 concione
1412 1791 1506 1829 clari
1540 1806 1632 1830 mum
1661 1792 1784 1830 ”cirum

393 1858 597 1911 appellari,
628 1856 876 1895 subdiffidere
896 1857 1028 1909 coepi:
1060 1855 1189 1909 postea
1217 1869 1307 1894 vero
1335 1870 1456 1909 quam
1486 1866 1618 1895 tecum
1646 1857 1782 1895 Lanu-

391 1925 447 1963 vii
469 1923 549 1961 vidi
570 1922 718 1961 nostros
740 1931 896 1960 tantum
917 1922 996 1975 spei
1016 1921 1158 1960 habere
1178 1921 1224 1959 ad
1245 1921 1473 1967 vivendum,
1502 1931 1696 1974 quantum
1717 1935 1783 1960 ac-

391 1989 581 2043 cepiffent
609 1989 657 2026 ab
687 1989 882 2034 Antonio,
915 1988 1125 2040 desperavi.
1173 1988 1325 2039 Itaque,
1357 1987 1414 2025 mi
1448 1988 1597 2032 Attice,
1629 1987 1785 2026 fortiter

393 2054 472 2094 hoc
491 2055 612 2093 velim
632 2054 815 2106 accipias,
848 2062 892 2091 ut
912 2066 985 2106 ego
1005 2052 1160 2091 scribo:
1191 2065 1316 2104 genus
1345 2052 1446 2090 illud
1475 2053 1674 2098 interitus,
1705 2067 1787 2105 quo

392 2119 550 2158 casurus
570 2133 625 2164 es,
656 2118 810 2158 foedum
831 2119 964 2164 duces,
995 2128 1034 2157 et
1054 2118 1159 2172 quafi
1180 2118 1457 2157 denuntiatum
1479 2119 1592 2156 nobis
1617 2118 1664 2156 ab
1695 2120 1785 2156 An-

394 2185 521 2225 tonio.
554 2185 617 2224 Ex
638 2183 711 2222 hac
732 2197 830 2223 naxa
848 2185 954 2223 exire
974 2184 1174 2229 constitui,
1193 2197 1271 2222 non
1292 2183 1339 2221 ad
1359 2182 1511 2235 fugam,
1529 2183 1591 2221 sed
1612 2183 1657 2221 ad
1679 2183 1787 2236 spem

394 2250 534 2289 mortis
555 2249 746 2288 melioris.
777 2249 877 2288 Haec
896 2249 1026 2288 omnis
1046 2249 1163 2302 culpa
1183 2249 1311 2287 Bruti.
1336 2248 1571 2301 Pompeium
1593 2247 1787 2287 Cartheiae

396 2326 598 2369 receptum
619 2316 784 2355 scribis:
811 2317 895 2369 jam
917 2317 1054 2369 igitur,
1085 2324 1221 2353 contra
1251 2312 1374 2359 hune,
1406 2314 1640 2353 exercitum.
1687 2315 1787 2353 Utra

395 2394 493 2433 ergo
521 2380 671 2419 castra?
703 2381 832 2420 media
859 2382 967 2420 enim
998 2380 1106 2420 tollit
1136 2379 1352 2418 Antonius.
1400 2379 1473 2417 Illa
1502 2378 1672 2424 infirma,
1703 2377 1787 2418 haec

400 2444 560 2484 nefaria.
593 2447 850 2499 Properemus
871 2448 1014 2500 igitur:
1038 2446 1100 2485 sed
1116 2447 1211 2498 juva
1232 2459 1293 2484 me
1310 2444 1487 2490 consilio,
1506 2444 1788 2490 Brundufione,

400 2525 450 2551 an
471 2511 664 2552 Puteolis.
710 2512 855 2552 Brutus
875 2513 1039 2566 quidem
1060 2512 1218 2558 subit03
1250 2510 1314 2550 sed
1343 2510 1547 2562 sapienter.
1578 2506 1712 2553 Πάσχω
1732 2522 1791 2549 ra:

1288 2576 1327 2614 K
1356 2574 1382 2613 k
1413 2574 1438 2612 k
1470 2587 1493 2614 2
