2243 3008
541 274 647 311 AD
706 271 1136 309 ATTICUM
1203 272 1343 310 LIB.
1396 274 1468 311 IV.
1636 286 1705 312 101

326 375 438 418 recta,
461 385 566 416 vera,
594 371 767 416 honesta,
789 371 961 409 confilia.
995 371 1089 409 Non
1111 371 1164 408 est
1185 372 1387 416 credibile,
1419 385 1504 425 quae
1526 373 1570 410 s1t
1591 373 1711 425 perfi-

326 439 389 476 dia
409 439 448 475 in
470 437 549 474 istis
573 437 833 489 principibus,
852 446 895 474 ut
916 437 1056 474 volunt
1076 436 1161 481 effe,
1179 447 1218 474 et
1238 447 1285 474 ut
1302 437 1435 482 efflent,
1454 438 1479 475 si
1496 439 1713 490 quicquam

326 503 517 540 haberent
534 502 639 540 fidei.
672 501 884 546 Senseram,
908 515 1057 546 noram,
1080 502 1278 546 inductus,
1302 503 1473 547 relidffis,
1500 505 1710 555 projeetus,

326 568 373 604 ab
408 568 483 605 iis:
518 576 647 604 tamen
678 566 754 604 hoc
784 576 864 604 erat
895 567 934 604 in
965 567 1112 611 animo,
1145 576 1189 604 ut
1218 579 1311 604 cum
1342 568 1388 604 iis
1419 568 1459 604 in
1491 568 1714 620 Republica

326 632 601 670 consentirem.
636 632 762 669 Iidem
781 642 905 676 erant,
936 632 1006 682 qui
1026 630 1181 669 fuerant
1199 647 1207 669 :
1242 632 1307 669 vix
1328 632 1538 684 aliquando
1559 643 1598 671 te
1616 647 1711 671 auc-

327 707 410 734 tore
439 698 607 750 refipivi.
654 697 789 741 Dices,
820 710 863 734 ea
897 706 934 734 te
966 696 1170 741 monuiffe,
1202 697 1360 742 suafiffe,
1392 711 1478 749 quae
1512 697 1710 744 facerem;

327 775 406 799 non
441 763 561 800 etiam
590 771 635 800 ut
663 762 885 800 scriberem.
936 762 1024 813 Ego
1058 761 1283 799 mehercule
1316 761 1417 800 mihi
1452 764 1714 802 neceffitatem

327 827 436 865 volui
456 828 657 879 imponere
678 826 795 879 hujus
817 841 925 864 novae
945 827 1259 880 conjumstionis5
1292 840 1341 864 ne
1360 841 1437 878 qua
1457 828 1558 866 mihi
1578 829 1714 867 liceret

328 892 408 929 labi
428 892 474 929 ad
503 892 616 937 illos,
638 893 713 944 qui
734 893 852 930 etiam
883 902 984 937 tum,
1016 906 1109 930 cum
1137 893 1308 930 misereri
1337 894 1415 931 mei
1442 894 1601 938 debent,
1632 906 1714 933 non·

327 957 509 995 desinunt
529 957 714 996 invidere.
748 958 823 995 Sed
842 967 972 995 tamen
992 957 1142 995 modici
1162 957 1313 996 fuimus
1333 955 1470 998 ὑπεθέσᾷ,
1490 969 1538 996 ut
1555 959 1710 1013 scripsi:

327 1023 474 1061 erimus
495 1023 707 1068 uberiores,
739 1023 765 1061 fi
791 1032 829 1061 et
856 1023 924 1060 ille
950 1023 1120 1060 libenter
1143 1024 1323 1075 accipiet,
1355 1032 1394 1060 et
1413 1022 1455 1061 hi
1478 1024 1713 1077 subringen-

329 1097 420 1132 tur;
452 1089 521 1140 qui
542 1088 675 1125 viltam
698 1101 762 1125 me
781 1087 941 1125 moleste
961 1087 1096 1125 ferunt
1120 1087 1276 1133 habere,
1308 1101 1394 1140 quae
1416 1089 1550 1127 Catuli
1569 1089 1710 1136 fuerat,

327 1166 348 1189 a
368 1153 504 1190 Vettio
531 1165 596 1190 me
621 1152 752 1190 emiffe
781 1166 859 1189 non
891 1153 1094 1204 cogitant;
1127 1153 1196 1205 qui
1226 1153 1391 1191 domum
1421 1164 1564 1206 negant
1593 1169 1714 1208 opor-

326 1217 437 1256 tuiffe
457 1217 742 1262 meaedificare,
761 1217 924 1256 vendere
943 1219 1054 1255 aiunt
1073 1219 1298 1270 oportuisse.
1330 1219 1402 1256 Sed
1424 1220 1521 1271 quid
1540 1220 1587 1257 ad
1606 1220 1712 1259 hoc?

326 1283 353 1322 fi
375 1283 520 1335 quibus
550 1283 751 1321 sententiis
781 1283 879 1329 dixi,
912 1283 1018 1335 quod
1049 1292 1088 1321 et
1118 1284 1188 1336 ipsi
1218 1284 1442 1336 probarent,
1473 1285 1592 1323 laetati
1624 1286 1714 1324 sunt

329 1358 458 1386 tamen
490 1362 554 1386 me
582 1352 726 1386 contrav
748 1348 929 1401 Pompeii
957 1348 1203 1386 voluntatem
1233 1348 1399 1387 dixiffie?
1432 1350 1504 1388 Sed
1525 1352 1716 1403 quoniam

327 1414 398 1466 qui
419 1413 520 1452 nihil
541 1413 711 1466 poffunt,
743 1414 779 1450 ii.
793 1427 856 1451 me
876 1413 1019 1451 nolunt
1048 1427 1201 1459 amare;
1234 1413 1372 1452 demus
1404 1429 1562 1467 operam
1592 1426 1636 1454 ut
1664 1417 1714 1454 ab

329 1480 375 1517 iis
406 1480 476 1531 qui
506 1479 675 1531 poffunt‚
707 1479 934 1531 diligamur.
980 1480 1128 1517 Dices:
1161 1480 1302 1518 vellem
1324 1481 1578 1532 jampridem.
1625 1483 1717 1520 Scio·

329 1554 368 1582 te
387 1544 576 1589 voluiffe;
607 1554 647 1582 et
667 1558 729 1582 me
749 1545 898 1583 afinum
924 1558 1156 1597 germanum
1182 1544 1321 1583 fuiffe:
1354 1545 1418 1584 sed
1443 1547 1527 1598 jam
1557 1557 1719 1600 tempus

327 1610 382 1647 est
401 1623 464 1648 me
484 1609 613 1661 ipsum
634 1623 656 1647 a
674 1623 740 1647 me
756 1610 891 1654 amari,
922 1609 1086 1661 quando.
1099 1611 1147 1647 ab
1168 1611 1247 1648 illis
1269 1611 1381 1648 nullo
1401 1612 1520 1650 modo
1543 1613 1712 1665 poffum.

329 1677 509 1713 Domum
541 1688 666 1713 meam
699 1674 806 1726 quod
835 1674 972 1712 crebro
1003 1675 1148 1719 invifis,
1179 1675 1234 1712 est
1264 1675 1366 1713 mihi
1399 1677 1511 1715 valde
1540 1688 1713 1729 gratum.

329 1740 534 1777 viaticum
554 1740 742 1792 Craffipes
764 1739 951 1791 praeripit.
989 1741 1054 1778 Tu
1077 1739 1124 1777 de
1145 1741 1204 1778 via
1223 1742 1323 1778 recta
1343 1741 1383 1778 in
1398 1741 1554 1781 >hor-tos»
1588 1743 1717 1782 Vide-

329 1816 394 1843 tur
414 1805 662 1843 commodius
684 1805 729 1842 ad
752 1814 803 1848 te,
834 1804 1018 1856 postridie
1049 1805 1225 1843 scilicet:
1258 1806 1355 1858 quid
1384 1809 1491 1845 enim
1522 1809 1618 1845 tua?
1650 1809 1714 1847 sed

329 1870 557 1909 viderimus.
605 1868 896 1908 Bibliothecam
924 1869 1026 1908 mihi
1058 1871 1115 1908 tui
1136 1871 1349 1923 pinxerunt
1370 1872 1656 1912 construetione
1674 1883 1717 1913 et:

331 1936 482 1988 fittybis
502 1951 511 1974 :
543 1950 607 1974 eos
629 1937 749 1974 velim
770 1935 918 1974 laudes.

664 2136 906 2173 C1cnno
947 2136 1202 2174 ATTICO
1244 2137 1374 2176 SAL.

332 2263 404 2301 V1.
429 2263 507 2334 D
522 2264 556 2301 E
587 2263 762 2301 Lentulo
783 2264 932 2302 scilicet
953 2264 1002 2301 fic
1023 2263 1121 2309 fero,
1146 2273 1189 2301 ut
1209 2263 1345 2301 debeo.
1379 2264 1521 2302 Virum
1544 2264 1709 2311 bonum,
1747 2311 1751 2315 ²

534 2338 573 2366 et
593 2341 781 2380 magnum
803 2328 1023 2373 hominem,
1042 2339 1081 2366 et
1100 2330 1141 2366 in
1164 2327 1314 2366 summa
1334 2330 1605 2381 magnitudine
1626 2333 1712 2369 ani-

333 2392 388 2429 mi
410 2393 535 2430 multa
553 2392 799 2432 humanitate
821 2404 1096 2447 temperatum,
1128 2394 1370 2446 perdidimus
1389 2413 1399 2439 ;
1433 2395 1578 2447 nosque
1610 2397 1714 2434 malo

333 2456 483 2501 solatio,
515 2456 578 2494 sed
598 2470 676 2495 non
698 2459 809 2496 nullo
830 2468 975 2504 tamen,
1008 2459 1267 2503 consolamur,
1300 2458 1405 2511 quod
1438 2459 1554 2511 ipsius
1586 2461 1711 2497 vicem

332 2521 498 2560 minime
532 2521 724 2567 dolemus,
756 2536 835 2561 non
868 2533 911 2562 ut
946 2523 1121 2564 Saufeius
1154 2534 1192 2561 et
1222 2523 1362 2569 vestri,
1394 2524 1519 2562 immo
1553 2523 1712 2562 hercule
