2243 3008
568 253 647 296 304
913 236 1601 277 EP1sToLARUM

566 339 670 379 nihil
696 338 738 377 in
757 337 820 377 his
841 337 954 377 malis
976 347 1056 378 tam
1076 337 1275 376 acerbum.
1318 337 1402 388 Qi
1432 349 1479 374 ex
1511 336 1594 389 ipso
1625 335 1827 381 audiffent,
1858 349 1953 375 cum

568 406 734 457 Sicyone
754 404 883 458 palam
903 405 1041 442 multis
1062 403 1311 441 audientibus
1332 402 1573 454 loqueretur,
1604 401 1749 440 nefaria
1775 402 1954 455 quaedam

568 471 616 509 ad
637 484 700 509 me
720 469 980 523 pertulerunt.
1028 467 1143 506 Nosti
1172 480 1323 519 genus;
1355 468 1473 505 etiam
1500 477 1682 519 expertus
1709 481 1748 505 es
1769 467 1950 506 fortaffe:

569 537 611 575 in
633 550 696 575 me
716 536 757 574 id
777 535 830 574 est
849 548 967 573 omne
987 532 1231 572 conversum.
1279 531 1351 569 Sed
1371 545 1494 583 augeo
1512 533 1860 571 commemorando
1879 533 1954 571 do-

568 602 710 647 lorem,
741 610 781 639 et
812 600 914 639 facio
944 600 1062 637 etiam
1092 598 1181 636 tibi.
1228 597 1359 647 Qare
1390 596 1437 633 ad
1468 597 1569 634 illud
1600 598 1741 643 redeo;
1772 612 1878 643 cura,
1910 607 1955 636 ut

569 667 690 720 hujus
725 667 779 704 rei
814 665 938 709 causa,
981 663 1111 700 dedita
1141 675 1271 714 opera,
1314 661 1447 698 mittat
1480 661 1654 714 aliquem
1685 663 1844 701 Balbus.
1890 662 1955 701 Ad

571 747 671 785 quos
705 731 904 769 videbitur
936 728 1058 768 velim
1091 741 1202 767 cures
1236 727 1367 765 literas
1402 740 1491 765 meo
1523 727 1699 766 nomine.
1751 727 1862 768 Vale.
1909 741 1954 768 vx

572 799 662 837 Kal.
688 798 777 848 Jan.

910 996 1153 1034 c1cnno
1194 994 1450 1032 ATT1co
1491 995 1622 1034 SAL.

576 1124 651 1166 IX.
757 1123 849 1162 GO
885 1136 977 1162 vero
1009 1131 1048 1161 et
1082 1123 1252 1167 incaute,
1289 1131 1334 1160 ut
1368 1122 1520 1167 scribis,
1557 1130 1596 1160 et
1630 1121 1809 1167 celerius,
1840 1135 1960 1175 quam

763 1188 955 1242 oportuit,
986 1187 1092 1233 feci;
1124 1201 1196 1225 nec
1225 1187 1266 1224 in
1297 1187 1378 1225 ulla
1398 1187 1482 1225 sum
1504 1187 1582 1239 spe,
1613 1188 1761 1239 quippe
1788 1189 1858 1240 qui
1889 1201 1960 1226 ex-

575 1253 826 1308 ceptionibus
857 1252 1076 1291 edictorum
1103 1252 1295 1290 retineat:
1328 1265 1414 1304 quae
1444 1251 1470 1290 fi
1500 1265 1579 1290 non
1608 1251 1728 1289 essent
1759 1252 1962 1291 sedulitate

573 1319 734 1364 effe&ae‚
765 1327 804 1356 et
830 1317 1100 1356 benevolentia
1121 1326 1200 1361 tua,
1232 1317 1367 1355 liceret
1396 1316 1497 1355 mihi
1527 1316 1631 1354 abire
1660 1317 1701 1354 in
1732 1316 1961 1355 solitudines

574 1385 745 1437 aliquas:
770 1397 875 1421 nunc
896 1396 944 1420 ne
964 1383 1004 1420 id
1025 1381 1187 1435 quidem
1208 1382 1316 1420 licet.
1349 1382 1459 1434 Qid
1479 1391 1611 1420 autem
1631 1396 1694 1420 me
1709 1383 1837 1435 juvat,
1855 1383 1962 1435 quod

574 1460 664 1488 ante
685 1449 831 1487 initum
852 1449 1098 1486 tribunatum
1125 1448 1229 1492 veni,
1260 1447 1287 1485 fi
1318 1447 1461 1499 ipsum,
1493 1447 1600 1499 quod
1629 1449 1733 1492 veni,
1765 1447 1866 1486 nihil
1891 1449 1962 1500 ju-

574 1525 639 1553 vat
659 1516 671 1551 ?
697 1515 780 1566 jam
802 1513 898 1564 quid
919 1513 1067 1565 sperem
1088 1512 1136 1550 ab
1156 1525 1217 1556 eo,
1248 1512 1318 1563 qui
1338 1510 1440 1549 mihi
1460 1512 1609 1550 amicus
1630 1525 1836 1563 nunquam
1856 1512 1934 1551 fuit
1950 1532 1963 1558 ς

575 1593 668 1618 cum
684 1580 768 1631 jam
788 1578 874 1630 lege
893 1576 1011 1616 etiam
1033 1577 1102 1615 sim
1122 1575 1326 1615 confectus
1347 1585 1385 1614 et
1412 1576 1610 1628 oppressus
1629 1578 1642 1614 ?
1675 1577 1866 1629 Qotidie
1880 1579 1966 1630 jam

577 1646 691 1684 Balbi
712 1644 758 1682 ad
779 1658 842 1683 me
870 1643 990 1682 literae
1016 1643 1310 1695 languidiores;
1342 1642 1556 1694 multaeque
1585 1643 1805 1682 multorum
1834 1644 1881 1681 ad
1911 1645 1964 1683 il-

576 1712 678 1756 lum,
710 1709 863 1749 fortasse
889 1718 1025 1748 contra
1052 1723 1129 1748 me.
1176 1709 1274 1747 Meo
1303 1709 1401 1747 vitio
1430 1722 1572 1761 pereo:
1606 1708 1707 1747 nihil
1738 1708 1839 1747 mihi
1870 1711 1964 1748 mali

576 1776 685 1814 casus
717 1775 878 1813 attulit:
911 1775 1045 1812 omnia
1076 1773 1193 1826 culpa
1221 1775 1417 1812 contracta
1448 1773 1550 1811 sunt.
1598 1774 1686 1824 Ego
1717 1774 1839 1818 enim,
1871 1787 1964 1812 cum

577 1853 701 1893 genus
723 1839 818 1878 belli
838 1838 1026 1885 viderem,
1058 1839 1246 1891 imparata
1274 1848 1313 1876 et
1342 1837 1498 1876 infirma
1527 1839 1659 1875 omnia
1690 1848 1826 1876 contra
1853 1852 1965 1891 para-

576 1904 758 1949 tissimos,
801 1904 1052 1956 quieveram:
1093 1903 1190 1955 quid
1224 1902 1424 1941 facerem?
1467 1916 1723 1955 ceperamque
1757 1903 1965 1942 consilium

578 1983 657 2008 non
679 1978 758 2007 tam
781 1967 897 2013 forte,
923 1981 1042 2020 quam
1064 1967 1164 2006 mihi
1186 1977 1323 2019 praeter
1342 1977 1499 2006 caeteros
1520 1967 1831 2007 concedendum.
1865 1970 1965 2008 Ceffi

578 2034 692 2078 meis,
724 2033 783 2071 vel
806 2033 937 2085 potius
959 2032 1098 2084 parui;
1129 2045 1177 2070 ex
1207 2032 1351 2083 quibus
1379 2045 1480 2070 unus
1511 2045 1588 2084 qua
1615 2042 1745 2070 mente
1768 2032 1900 2079 fuerit,
1933 2035 1965 2073 is

578 2112 699 2151 quem
720 2107 762 2136 tu
784 2097 885 2135 mihi
906 2096 1173 2142 commendas,
1205 2098 1414 2149 cognosces
1435 2111 1482 2135 ex
1505 2097 1621 2150 ipsius
1643 2098 1781 2142 literis,
1804 2112 1897 2150 quas
1919 2100 1966 2137 ad

579 2174 618 2202 te
646 2172 685 2201 et
714 2162 761 2200 ad
790 2162 885 2201 alios
917 2162 1047 2200 misit:
1080 2175 1174 2214 quas
1204 2176 1278 2214 ego
1309 2175 1511 2214 nunquam
1542 2162 1784 2214 aperuissem,
1817 2164 1884 2201 nisu
1909 2178 1965 2201 res

578 2231 660 2267 acta
681 2228 730 2266 sic
750 2226 854 2265 esset.
902 2227 1067 2265 Delatus
1096 2226 1150 2264 est
1179 2227 1225 2264 ad
1253 2241 1316 2265 me
1343 2226 1579 2265 fasciculus:
1614 2226 1722 2272 solvi,
1757 2229 1780 2265 si
1803 2228 1898 2281 quid
1920 2229 1966 2266 ad

582 2307 644 2331 me
675 2293 766 2330 esset
797 2291 1026 2330 literarum:
1060 2291 1160 2330 nihil
1194 2301 1300 2330 erat:
1332 2292 1492 2345 epistola
1524 2292 1698 2336 Vatinio.
1730 2303 1767 2330 et
1801 2294 1968 2346 Ligurio

581 2359 725 2397 altera:
753 2357 843 2409 jufli
865 2357 910 2395 ad
931 2371 995 2397 eos
1019 2357 1178 2396 referri:
1214 2358 1272 2397 illi
1301 2359 1347 2396 ad
1378 2373 1439 2396 me
1471 2359 1598 2396 {latim
1628 2358 1803 2397 ardentes
1834 2360 1967 2398 dolore

581 2432 786 2466 venerunt,
819 2422 941 2460 scelus
971 2422 1145 2461 hominis
1175 2423 1414 2462 clamantes:
1448 2424 1626 2476 epistolas
1658 2423 1758 2463 mihi
1789 2425 1968 2477 legerunt

582 2489 714 2543 plenas
735 2487 918 2527 omnium
948 2487 988 2527 in
1018 2501 1081 2527 me
1110 2489 1361 2542 probrorum.
1409 2489 1490 2528 Hic
1524 2490 1712 2543 Ligurius
1745 2488 1897 2529 furere:
1934 2490 1967 2528 sc
