2243 3008
470 285 521 327 34
814 264 1502 308 EPISTOLARUM

469 380 514 409 ut
533 384 589 415 ea,
620 383 706 423 quae
726 368 922 422 gessimuS,
956 367 1120 406 fortuito
1147 365 1289 419 geffiffe
1316 364 1532 403 videamur.
1579 363 1694 403 Meos
1727 363 1852 402 bonos

469 437 587 481 viros,
619 435 708 474 illos
729 448 827 488 quos
848 433 1054 486 significas,
1085 442 1123 470 et
1143 445 1242 477 eam,
1274 445 1393 483 quam
1414 430 1516 469 mihi
1537 429 1635 468 dicis
1656 430 1851 482 obtigiss‘e,

469 498 626 550 πέρι-αν,
656 513 733 538 non
768 499 887 538 modo
921 511 1124 550 nunquam
1155 496 1324 536 deseram
1341 515 1352 541 ς
1392 494 1455 534 sed
1483 495 1616 540 etiam,
1648 495 1673 533 fi
1703 509 1776 547 ego
1805 495 1854 532 ab

471 565 540 604 illa
558 565 718 610 deserar,
751 574 877 602 tamen
910 564 950 601 in
979 577 1064 601 mea
1089 562 1249 615 pristina
1280 561 1468 599 sententia
1498 560 1748 613 permanebo.
1796 559 1854 598 Il-

470 630 540 669 lud
561 639 690 668 tamen
718 629 836 668 velim
868 628 1079 673 existimes,
1112 641 1174 665 me
1205 627 1306 665 hanc
1338 627 1440 665 viam
1469 625 1739 678 optimatium,
1770 623 1855 677 post

472 695 607 734 Catuli
645 704 829 738 mortem,
880 707 951 732 nec
990 692 1164 746 praesidio
1204 692 1301 737 ullo,
1347 705 1418 730 nec
1456 691 1662 735 comitatu,
1709 699 1852 728 tenere.

471 761 595 806 Nam,
626 769 670 798 ut
689 760 743 798 ait
764 760 962 804 Rhinton,
994 768 1037 796 ut
1056 759 1211 811 opinor,

608 831 645 865 οἱ
672 822 732 876 μὶν
760 825 832 881 παρ’
857 822 928 864 &Ab
955 825 1031 867 eim,
1060 824 1102 866 οἷς
1129 823 1179 870 ὣ]
1204 818 1273 862 ὲδέν
1300 823 1406 873 μέλει

472 888 583 928 Mihi
616 902 707 927 vero
738 898 782 926 ut
813 887 1012 926 invideant
1044 886 1240 939 piscinarii
1273 885 1406 929 nostri,
1442 893 1508 924 aut
1541 882 1707 922 scribam
1740 882 1785 921 ad
1819 890 1857 921 te

472 955 579 999 alias,
610 963 676 993 aut
707 954 748 991 in
777 953 1022 1005 congressum
1051 951 1225 989 nostrum
1257 949 1468 988 reservabO.
1515 950 1552 986 A
1574 947 1695 986 Curia
1724 957 1856 986 autem

417 1043 421 1048 -
472 1019 583 1057 nulla
603 1032 666 1057 me
686 1031 743 1056 res
764 1017 950 1055 divellet:
983 1017 1043 1054 vel
1065 1015 1172 1068 quod
1199 1015 1252 1052 ita
1278 1015 1427 1051 redium
1456 1011 1537 1057 est;
1569 1012 1630 1050 vel
1656 1012 1764 1064 quod
1793 1026 1855 1051 re·

472 1085 547 1123 bus
568 1085 665 1122 meis
686 1083 857 1121 maxime
880 1081 1213 1125 consentaneum;
1245 1079 1305 1118 vel
1337 1079 1461 1132 quod,
1493 1091 1515 1116 a
1546 1079 1687 1117 Senatu
1718 1079 1858 1131 quanti

472 1150 579 1196 fiam,
624 1149 790 1189 minime
825 1161 886 1188 me
921 1147 1102 1201 poenitet.
1149 1147 1211 1185 De
1246 1146 1454 1197 Sicyoniis,
1496 1154 1541 1183 ut
1573 1144 1620 1183 ad
1655 1155 1692 1184 te
1726 1145 1857 1199 scripsi

471 1226 596 1261 antea,
628 1229 707 1254 non
739 1214 912 1253 multum
945 1213 1024 1267 spei
1054 1212 1108 1251 est
1139 1213 1181 1252 in
1212 1212 1381 1250 Senatu:
1414 1224 1531 1250 nemo
1556 1210 1610 1249 est
1633 1210 1741 1249 enim
1755 1211 1854 1263 jam,

469 1284 543 1337 qui
563 1290 759 1335 queratur.
804 1282 950 1337 Qare,
981 1279 1007 1318 si
1037 1278 1078 1317 id
1106 1279 1298 1332 expectas,
1329 1277 1496 1331 longum
1516 1276 1596 1315 est:
1629 1277 1702 1315 alia
1720 1277 1797 1323 via,
1828 1277 1854 1316 si

471 1361 550 1402 qua
571 1356 695 1400 potes,
726 1358 870 1399 pugna.
917 1345 1024 1383 Cum
1055 1343 1109 1382 est
1139 1345 1285 1388 aetum,
1316 1356 1442 1396 neque
1473 1341 1784 1381 animadversum
1803 1342 1857 1381 est

471 1413 520 1452 ad
540 1426 638 1467 quos
660 1411 898 1465 pertineret;
930 1418 969 1448 et
995 1409 1140 1464 raptim
1166 1409 1207 1448 in
1233 1421 1319 1448 eam
1349 1407 1580 1447 sententiam
1608 1407 1757 1461 pedarii
1781 1421 1855 1446 cu-

471 1487 691 1518 currerunt.
736 1475 954 1515 Inducendi
975 1473 1321 1515 senatus-consulti
1341 1475 1544 1513 maturitas
1565 1473 1744 1513 nondum
1773 1473 1826 1512 est
1844 1489 1854 1512 ε

471 1544 579 1597 quod
600 1555 724 1596 neque
746 1542 833 1581 sunt
861 1541 931 1595 qui
957 1549 1197 1595 querantur;
1228 1548 1269 1579 et
1297 1539 1416 1578 multi
1441 1539 1586 1594 partim
1614 1539 1856 1579 malevolen-

470 1611 539 1655 tia,
572 1609 714 1663 partim
733 1608 920 1662 opinione
940 1606 1150 1660 aequitatis,
1180 1605 1435 1645 delectantur.
1479 1604 1672 1643 Metellus
1694 1614 1784 1644 tuus
1805 1604 1858 1644 est

470 1674 649 1728 egregius
671 1673 821 1713 consul.
855 1674 994 1712 Unum
1015 1670 1270 1726 reprehendo,
1287 1670 1394 1724 quod
1414 1670 1542 1709 otium
1562 1683 1584 1709 e
1599 1669 1732 1710 Gallia
1752 1683 1858 1709 nun·

470 1741 558 1780 tiari
580 1753 657 1779 non
679 1752 914 1792 magnopere
937 1738 1107 1792 gaudet:
1140 1737 1267 1791 cupit,
1296 1735 1428 1780 credo,
1460 1734 1717 1788 triumphare.
1764 1736 1856 1774 Hoc

471 1806 615 1845 vellem
635 1803 872 1844 mediocrius
891 1818 900 1842 z
933 1812 1070 1842 caetera
1087 1802 1256 1855 egregia.
1302 1800 1398 1839 Auli
1419 1813 1509 1839 vero
1529 1799 1635 1838 filius
1656 1800 1711 1838 ita
1730 1799 1765 1838 se
1785 1813 1856 1853 ge-

472 1873 538 1916 rit,
570 1880 614 1910 ut
633 1871 716 1922 ejus
737 1868 974 1908 Consulatus
1005 1880 1084 1906 non
1112 1865 1347 1906 Consulatus
1380 1865 1440 1911 sit,
1471 1865 1535 1905 sed
1565 1865 1706 1919 Magni
1738 1865 1858 1904 nostri

471 1935 621 1972 ὑπώπιον.
672 1935 734 1974 De
765 1934 863 1972 meis
895 1932 1063 1986 scriptis,
1096 1932 1180 1971 mist
1212 1931 1259 1970 ad
1287 1941 1324 1970 te
1345 1931 1483 1970 Graece
1505 1929 1721 1984 perfectum
1743 1931 1854 1970 Con-

474 2002 643 2041 sulatum
666 2013 798 2039 meum
818 2014 827 2038 ι
859 2011 950 2038 eum
972 1998 1119 2037 librum
1142 1998 1190 2037 L.
1215 1997 1390 2037 Coffiaio
1408 1997 1497 2036 dedi
1516 2011 1525 2036 t
1559 2006 1655 2050 puto
1681 2006 1718 2035 te
1743 1997 1854 2036 Lati-

474 2068 535 2106 nis
575 2066 672 2105 meis
711 2063 917 2109 delectarh
964 2063 1058 2102 huic
1095 2072 1225 2102 autem
1264 2063 1407 2102 Graeco
1446 2063 1632 2102 Graecum
1667 2061 1854 2101 invidere.

473 2133 558 2171 Alii
593 2131 618 2170 si
651 2129 884 2184 scripserint,
916 2128 1120 2167 mittemus
1150 2127 1196 2166 ad
1231 2136 1296 2173 τες
1338 2127 1415 2173 sed,
1447 2127 1548 2166 mihi
1582 2127 1710 2172 crede,
1743 2127 1855 2166 simul

472 2207 590 2251 atque
624 2195 700 2234 hoc
736 2194 909 2234 nostrum
945 2193 1137 2247 legerunt,
1181 2192 1310 2232 nescio
1343 2205 1424 2246 quo
1456 2194 1566 2246 pacto
1598 2192 1854 2232 retardantur.

474 2263 597 2302 Nunc
620 2263 683 2314 (ut
703 2260 748 2299 ad
770 2274 851 2300 rem
881 2273 1008 2299 meam
1038 2258 1208 2309 redeam)
1242 2258 1290 2297 L.
1315 2258 1490 2312 Papirius
1521 2258 1662 2303 Partus,
1694 2258 1752 2296 vir
1782 2258 1854 2296 bo-

475 2342 564 2373 nuS,
599 2337 824 2381 amatorque
859 2325 998 2372 noster,
1041 2324 1141 2365 mihi
1177 2325 1297 2364 libros
1331 2337 1412 2369 eos,
1454 2338 1552 2378 quos
1588 2326 1691 2363 Serv.
1731 2324 1853 2362 Clau-

473 2395 562 2434 dius
585 2394 759 2447 reliquit,
790 2393 963 2432 donavit.
1010 2393 1116 2431 Cum
1146 2390 1262 2436 mihi,
1295 2405 1361 2446 per
1386 2390 1512 2444 legem
1536 2390 1717 2429 Cinciam
1740 2391 1856 2429 licere

473 2473 622 2513 capere,
655 2458 819 2498 Cincius
851 2458 1000 2496 amicus
1036 2466 1126 2496 tuus
1161 2456 1321 2502 diceret,
1353 2456 1520 2495 libenter
1551 2455 1649 2499 dixi.
1693 2469 1755 2494 me
1789 2468 1854 2494 ac·

471 2535 696 2579 cepturum,
730 2525 753 2563 si
785 2523 983 2564 attulisset,
1031 2524 1167 2568 Nunc,
1201 2523 1225 2561 si
1253 2537 1316 2563 me
1345 2535 1462 2566 amas,
1496 2522 1519 2560 fi
1553 2531 1588 2560 tc
1613 2534 1715 2560 ame
1736 2521 1854 2560 ammi
