2243 3008
572 251 678 288 AD
736 247 1164 287 ATTICUM
1233 250 1373 289 LIB.
1426 253 1500 290 111.
1681 266 1731 305 75

347 350 392 388 In
415 348 521 386 hunc
542 361 605 386 me
625 348 756 386 casum
777 361 844 385 vos
865 347 1022 385 vivendi
1042 349 1213 386 auctores
1235 348 1460 400 impulistis.
1495 351 1630 401 Itaque
1651 351 1727 387 mei

345 414 495 466 peccati
516 413 583 451 luo
603 427 751 466 poenas.
798 414 1037 466 Qanquam
1066 427 1131 451 me
1160 423 1235 451 tuae
1263 414 1382 452 literae
1411 414 1648 458 sustentant;
1681 429 1728 452 ex

343 479 504 530 quibus,
526 488 719 530 quantum
741 488 785 516 tu
805 479 885 530 ipse
905 478 1043 530 speres,
1074 477 1190 516 facile
1210 478 1426 531 perspicio:
1459 493 1544 531 quae
1565 479 1725 531 quidem

343 552 471 581 tamen
494 543 644 595 aliquid
664 543 860 581 habebant
882 543 1007 581 solatii
1028 552 1130 587 ante,
1161 556 1280 595 quam
1304 557 1350 582 eo
1369 544 1521 589 venisti,
1552 547 1594 582 A
1613 545 1722 582 Pom-

334 607 414 659 peio
436 620 529 645 nunc
550 608 780 658 Hortensium
798 607 912 651 allice,
934 616 970 645 et
989 606 1152 658 ejzffmodi
1167 607 1278 646 viros.
1312 608 1501 653 Obsecro,
1524 610 1579 646 mi
1602 609 1722 646 Poni-

340 673 450 724 poni,
502 672 679 711 nondum
717 672 918 725 perspicis,
962 685 1132 725 quorum
1171 686 1300 725 opera,
1350 687 1520 725 quorum
1559 674 1722 718 infidiis,

339 750 510 789 quorum
532 737 685 782 scelere,
717 738 978 790 perierimus?
1011 737 1083 774 Sed
1115 746 1246 775 tecum
1275 737 1358 776 haec
1387 751 1519 776 coram
1546 752 1720 790 agemuS.

339 803 518 840 Tantum
550 803 653 847 dico,
685 803 791 855 quod
817 803 912 841 scire
942 812 979 840 te
1008 811 1119 854 puto,
1152 816 1222 840 nos
1250 816 1328 841 non
1361 804 1529 848 inimici,
1562 804 1624 841 sed
1656 805 1719 842 in-

340 866 435 911 vidi,
466 866 733 919 perdiderunt.
771 868 908 911 Nunc,
941 867 965 904 fi
988 867 1041 904 ita
1061 866 1150 905 sunt
1170 881 1256 919 quae
1277 867 1415 919 speraS,
1448 867 1722 906 sustinebimus

341 945 426 976 nos,
458 941 496 969 et
526 931 604 983 spe,
635 932 858 984 quajubes,
891 932 1089 970 nitemur:
1122 932 1192 975 fin,
1224 941 1268 970 ut
1297 931 1399 970 mihi
1428 933 1624 978 videntur,
1656 935 1720 970 in-

340 995 452 1033 firma
482 995 598 1040 sunt;
631 996 738 1048 quod
770 997 923 1048 optimo
957 1006 1133 1048 ternpore
1166 995 1291 1034 facere
1321 1010 1400 1034 non
1427 997 1557 1042 licuit,
1588 998 1719 1035 minus

339 1060 481 1098 idoneo
502 1060 582 1098 fiet.
615 1062 802 1099 Terentia
823 1062 896 1099 tibi
919 1061 1012 1113 saepe
1033 1061 1112 1113 agit
1133 1061 1288 1113 gratias.
1320 1060 1435 1099 Mihi
1455 1063 1572 1100 etiam
1594 1076 1720 1100 unum

337 1124 386 1162 de
406 1124 518 1162 malis
540 1124 580 1161 in
601 1134 711 1162 metu
731 1125 798 1169 est,
830 1125 958 1163 fratris
990 1125 1119 1163 miseri
1145 1126 1378 1176 negotium;
1411 1127 1517 1178 quod
1546 1127 1572 1164 s1
1602 1127 1720 1165 sciam

337 1187 558 1240 cujusmodi
580 1188 638 1233 fit,
671 1188 789 1226 sciam
810 1189 907 1241 quid
927 1189 1121 1241 agendum
1142 1189 1244 1227 mihi
1264 1190 1323 1227 fit.
1371 1190 1442 1227 Me
1468 1191 1585 1228 etiam
1614 1205 1719 1229 nunc

336 1254 499 1291 illorum
529 1253 811 1292 beneficiorum
841 1264 879 1292 et
908 1255 1110 1292 literarum
1136 1255 1367 1306 expe&atio‚
1399 1263 1443 1292 ut
1472 1256 1544 1293 tibi
1575 1256 1717 1308 placet,

337 1319 620 1358 Theffalonicae
641 1329 761 1358 tenet.
810 1321 847 1358 Si
874 1320 971 1373 quid
997 1321 1070 1358 erit
1100 1321 1190 1357 novi
1211 1320 1389 1365 allatum,
1421 1320 1538 1359 sciam
1559 1321 1605 1359 de
1627 1323 1718 1359 reli-

335 1398 416 1437 quo
437 1384 534 1437 quid
553 1385 748 1437 agendum
770 1386 829 1424 fit.
862 1387 928 1424 Tu
950 1386 991 1430 fi,
1010 1395 1053 1424 ut
1074 1385 1225 1430 scribis,
1248 1385 1337 1423 Kal.
1357 1387 1452 1436 Jun.
1476 1387 1605 1424 Roma
1624 1401 1718 1439 pro-

336 1449 460 1488 fectus
481 1463 535 1495 es,
567 1451 795 1504 propediem
818 1465 886 1489 nos
909 1451 1073 1490 videbis.
1107 1451 1272 1496 Literas,
1299 1465 1394 1503 quas
1415 1451 1461 1489 ad
1483 1452 1719 1505 Pompeium

336 1515 482 1568 scripfi,
514 1516 588 1555 tibi
608 1517 708 1555 mifi.
756 1518 849 1555 Dat.
874 1516 934 1555 Id.
957 1518 1052 1568 Jun.
1085 1515 1382 1555 Theffalonicae.

675 1718 916 1757 CICERO
957 1718 1211 1756 ATT1co
1253 1718 1382 1756 SAL.

336 1846 389 1884 X.
416 1844 532 1917 AC
549 1845 635 1882 TA
666 1857 751 1897 quae
776 1843 894 1882 essent
915 1844 1036 1898 usque
1056 1846 1102 1882 ad
1124 1857 1227 1882 Vl11.
1252 1845 1341 1883 Kal.
1365 1846 1460 1896 Jun.
1484 1848 1649 1898 cognovi
1672 1862 1718 1887 ex

526 1910 603 1947 tuis
638 1909 790 1947 literis:
837 1909 987 1961 reliqua
1019 1909 1286 1962 expectabam,
1331 1919 1374 1947 ut
1413 1910 1487 1947 tibi
1525 1912 1717 1964 placebat,

337 1975 647 2019 Thessalonica
679 1974 825 2026 quibus
854 1974 981 2013 allatis
1010 1973 1166 2013 facilius
1194 1973 1356 2012 statuere
1384 1985 1520 2027 potero
1542 1977 1610 2014 ubi
1632 1978 1717 2016 sim.

336 2043 443 2081 Nam
464 2041 490 2080 fi
511 2041 584 2079 erit
605 2040 728 2084 causa,
760 2040 785 2078 fi
807 2040 903 2092 quid
924 2049 1073 2093 agetur,
1105 2040 1130 2078 fi
1164 2040 1270 2092 spem
1297 2039 1445 2086 videro,
1476 2050 1542 2079 aut
1572 2042 1720 2080 ibidem

335 2108 527 2160 opperiar,
558 2116 624 2144 aut
646 2119 708 2143 me
728 2105 774 2143 ad
795 2115 833 2143 te
853 2105 1080 2144 conferam:
1114 2106 1183 2150 fin,
1215 2115 1259 2144 ut
1289 2115 1331 2144 tu
1359 2105 1511 2152 scribis,
1543 2107 1610 2145 ista
1630 2121 1719 2145 eva-

337 2173 509 2217 nuerint,
540 2170 690 2223 aliquid
710 2170 817 2208 aliud
837 2170 1074 2209 videbimus.
1121 2171 1301 2209 Omnino
1330 2170 1458 2209 adhuc
1488 2171 1589 2209 nihil
1618 2171 1720 2210 mihi

336 2237 560 2289 fignificatis
590 2236 660 2274 nifi
690 2235 923 2274 discordiam
952 2235 1142 2281 istorum5
1175 2249 1261 2288 quae
1291 2245 1420 2273 tamen
1451 2236 1553 2273 inter
1578 2250 1643 2274 eos
1674 2237 1721 2275 de

336 2303 522 2341 omnibus
544 2302 675 2354 potius
697 2302 811 2340 rebus
832 2301 899 2347 est,
931 2315 1050 2355 quam
1071 2301 1117 2339 de
1138 2315 1214 2340 me.
1258 2302 1409 2353 Itaque,
1440 2301 1537 2354 quid
1558 2315 1600 2340 ea
1619 2302 1721 2340 mihi

339 2368 471 2418 profit,
503 2367 658 2406 nescio:
691 2367 753 2406 sed
779 2377 924 2413 tamen,
955 2367 1083 2420 quoad
1106 2381 1168 2405 me
1188 2380 1255 2405 vos
1276 2367 1423 2419 sperare
1443 2367 1578 2412 vultis,
1610 2369 1720 2405 vobis

338 2432 633 2484 obtemperabo.
680 2433 787 2470 Nam
816 2432 923 2486 quod
952 2446 1016 2471 me
1047 2442 1125 2470 tam
1156 2433 1266 2485 saepe,
1297 2442 1435 2470 ettam
1456 2431 1719 2477 vehementer,

339 2498 540 2548 objurga8‚
571 2507 610 2534 et
641 2498 774 2536 animo
805 2498 965 2538 infirmo
993 2497 1065 2538 effe
1094 2498 1208 2544 dicis,
1240 2497 1368 2551 quaeso
1396 2497 1549 2550 ecquod
1571 2506 1722 2535 tantum

1336 2562 1372 2599 K
1403 2574 1424 2600 2
