2243 3008
551 302 657 340 AD
716 300 1144 339 ATTICUM
1214 300 1355 338 LIB.
1407 302 1483 338 111.
1657 315 1709 355 79

326 401 396 453 qui
416 399 522 438 casus
547 400 677 451 aliqua
705 412 754 436 ex
785 407 891 450 parte
923 398 1177 443 correxerint,
1209 398 1340 436 minus
1362 399 1520 438 moleste
1540 399 1709 439 feremus

326 479 397 503 nos
417 464 565 508 vixiffe,
595 473 634 501 et
654 463 782 501 adhuc
803 464 944 501 vivere.
982 465 1070 515 Ego
1091 472 1250 516 propter
1268 464 1337 501 viae
1359 464 1641 511 celebritatem,
1672 475 1711 504 et

326 529 596 582 quotidianam
616 528 925 580 expectationem
947 541 1077 566 rerum
1099 541 1302 573 novarum,
1328 541 1406 566 non
1428 532 1627 568 commovi
1648 545 1712 569 me

326 593 454 631 adhuc
493 593 766 632 Thessalonica
785 608 793 631 :
840 593 903 631 secl
931 595 1015 645 jam
1048 593 1311 639 extrudimur,
1356 607 1434 631 non
1475 607 1496 631 a
1534 595 1710 640 Plancio,

329 661 440 711 (nam
459 659 492 697 is
513 658 675 711 quidem
697 658 856 709 retinet)
880 672 1015 696 verum
1035 658 1083 695 ab
1104 657 1188 710 ipso
1209 658 1312 703 loco,
1343 659 1509 697 minime
1538 661 1711 713 apposito

327 724 375 761 ad
396 723 636 762 tolerandam
663 724 704 760 in
732 733 841 761 tanto
870 723 980 761 luctu
1008 723 1284 761 calamitatem.
1331 725 1377 761 In
1409 724 1575 776 Epirum
1607 726 1709 770 ideo,

328 798 372 827 ut
393 789 631 841 scripseram,
663 801 740 826 non
763 788 866 833 veni,
897 787 1004 840 quod
1025 788 1155 826 subito
1174 787 1276 826 mihi
1298 789 1461 827 univerfi
1492 791 1623 827 nuntii
1643 804 1710 828 ve-

328 864 463 892 nerant
484 863 522 892 et
541 854 677 898 literae,
709 866 826 905 quare
856 852 958 890 nihil
987 852 1077 890 effet
1107 853 1253 891 necesse
1279 867 1398 905 quam
1422 855 1602 906 proxime
1629 856 1710 893 Ita-

327 919 422 957 liam
441 918 528 958 effe.
561 920 672 957 Hinc
692 918 718 956 s1
739 918 889 970 aliquid
909 931 930 956 a
949 917 1122 956 comitiis
1143 918 1396 963 audierimus,
1426 932 1495 956 nos
1515 920 1556 957 in
1578 920 1710 958 Afiam

328 994 601 1022 convertemus
617 1003 630 1029 3
663 996 788 1035 neque
809 982 935 1021 adhuc
957 983 1076 1020 stabat
1096 997 1176 1035 quo
1204 984 1448 1036 potiffimum
1468 999 1476 1022 :
1509 984 1572 1023 sed
1599 985 1710 1024 scies.

329 1050 424 1088 Dat.
449 1063 534 1089 xu.
558 1049 649 1088 Kal.
682 1049 787 1087 Sext.
811 1047 1108 1087 Theffalonicae.

661 1250 902 1289 Cxcnno
943 1251 1198 1288 ATtho
1240 1251 1372 1289 SAL.

329 1377 422 1417 XV.
447 1376 746 1451 ACCEPI
781 1378 842 1417 Id.
877 1379 982 1417 Sext.
1020 1387 1189 1431 quatuor
1221 1377 1398 1431 epistolas
1433 1390 1455 1415 a
1483 1386 1521 1416 te
1554 1378 1713 1425 miffas;

557 1457 690 1489 unam,
722 1458 799 1497 qua
828 1457 893 1482 me
921 1444 1120 1496 objurgas,
1151 1453 1190 1482 et
1219 1457 1330 1496 rogas
1360 1452 1404 1481 ut
1434 1444 1503 1482 fim
1531 1444 1682 1482 firmior
1697 1463 1711 1489 ;

329 1508 504 1554 alteram,
536 1522 613 1561 qua
633 1509 752 1547 Crafli
772 1508 962 1547 libertum
981 1509 1035 1546 ais
1066 1508 1141 1546 tibi
1168 1508 1214 1546 de
1235 1521 1321 1546 mea
1340 1508 1606 1546 sollicitudine
1626 1522 1712 1547 ma-

330 1573 467 1626 cieque
488 1573 647 1612 narraffe
662 1592 675 1619 3
698 1574 867 1619 tertiam,
889 1587 966 1626 qua
985 1573 1222 1611 demonstras
1243 1574 1323 1611 acta
1342 1574 1384 1611 in
1405 1575 1544 1612 Senatu
1559 1593 1570 1619 ς
1594 1587 1713 1626 quar-

331 1648 412 1676 tam
433 1638 479 1676 de
499 1651 559 1683 eo,
577 1638 684 1691 quod
703 1652 725 1676 a
738 1639 912 1676 Varrone
933 1638 1068 1676 scribis
1090 1638 1165 1676 tibi
1185 1638 1256 1676 effe
1276 1637 1553 1677 confirmatum
1575 1639 1622 1676 de
1641 1653 1712 1676 vo-

330 1703 481 1741 luntate
513 1703 708 1754 Pompeii.
754 1703 817 1740 Ad
843 1703 1011 1755 primam
1033 1703 1107 1740 tibi
1127 1702 1203 1740 hoc
1225 1703 1351 1740 scribo
1367 1722 1380 1748 5
1411 1717 1474 1741 me
1494 1704 1549 1741 ita
1567 1703 1712 1749 dolere,

331 1777 375 1805 ut
394 1781 474 1805 non
496 1767 614 1805 modo
634 1781 655 1804 a
675 1771 806 1805 mente
827 1781 905 1805 non
927 1767 1086 1811 deserar,
1121 1767 1183 1804 sed
1214 1767 1255 1804 id
1286 1767 1414 1819 ipsum
1435 1768 1602 1813 doleam,
1634 1781 1714 1813 me,

330 1842 409 1870 tam
432 1832 544 1870 firma
564 1841 695 1870 mente
716 1832 786 1869 ubi
807 1841 907 1876 utar,
928 1841 966 1869 et
987 1832 1239 1884 quibuscum,
1270 1846 1348 1869 non
1370 1832 1526 1872 habere.
1559 1834 1665 1871 Nam
1686 1833 1713 1871 fi

330 1906 374 1936 tu
395 1912 458 1936 me
479 1911 557 1936 uno
579 1911 657 1936 non
679 1897 757 1935 fine
775 1911 943 1935 moerore
963 1911 1082 1942 cares,
1104 1897 1200 1950 quid
1221 1911 1284 1935 me
1304 1898 1448 1943 censes,
1471 1899 1539 1951 qui
1560 1908 1598 1936 et
1619 1908 1656 1936 te
1676 1907 1716 1937 et

331 1964 517 2002 omnibus
537 1965 549 2001 ?
581 1973 620 2001 et
640 1962 666 2001 fi
708 1972 749 2001 tu
782 1963 994 2001 incolumis
1016 1977 1079 2001 me
1100 1964 1292 2016 requiris;
1326 1977 1452 2016 ecquo
1474 1964 1592 2002 modo
1612 1977 1632 2001 a
1652 1978 1716 2002 me

331 2029 454 2081 ipsam
486 2029 802 2067 incolumitatem
836 2028 1037 2066 defiderari
1072 2038 1184 2080 putas
1204 2030 1216 2066 ?
1263 2029 1372 2067 Nolo
1407 2042 1715 2067 commemorare

331 2095 476 2146 quibus
497 2094 610 2132 rebus
631 2094 701 2132 sim
723 2094 923 2146 spoliatus,
957 2107 1034 2131 non
1068 2094 1194 2132 solum
1226 2095 1318 2146 quia
1344 2107 1423 2132 non
1451 2095 1619 2146 ignoras,
1651 2094 1715 2131 sed

331 2161 449 2197 etiam
471 2173 517 2197 ne
538 2159 710 2198 scindam
732 2159 812 2211 ipse
841 2159 1018 2197 dolorem
1050 2173 1211 2197 meum:
1243 2158 1320 2197 hoc
1349 2153 1556 2204 confirmo,
1587 2172 1713 2211 neque

333 2226 450 2263 tantis
472 2225 585 2263 bonis
607 2224 677 2263 effe
697 2226 894 2277 privatum
916 2238 1171 2277 quemquam,
1190 2238 1316 2276 neque
1336 2225 1376 2261 in
1399 2234 1521 2262 tantas
1543 2224 1713 2261 miserias

333 2289 520 2328 incidisse.
568 2291 664 2328 Dies
694 2299 824 2328 autem
854 2304 932 2328 non
963 2290 1082 2328 modo
1104 2303 1180 2327 non
1203 2290 1303 2327 levat
1325 2289 1475 2326 luctum
1497 2288 1619 2333 hunc,
1651 2288 1715 2326 sed

334 2355 451 2391 ctiam
483 2365 612 2406 auget.
658 2356 764 2394 Nam
795 2357 922 2394 caeteri
955 2355 1106 2393 dolores
1139 2354 1373 2405 mitigantur
1402 2353 1614 2398 vetustate,
1647 2353 1714 2391 hic

335 2431 413 2454 non
435 2418 557 2468 potest
579 2432 656 2456 non
676 2429 715 2457 et
735 2419 842 2457 sensu
864 2419 1061 2472 praesentis
1078 2418 1254 2463 miseriae,
1271 2428 1309 2456 et
1330 2418 1593 2456 recordatione
1614 2431 1712 2469 prat:-

335 2483 457 2520 teritae
479 2482 581 2527 vitae,
612 2484 788 2534 quotidie
814 2486 973 2536 augeri:
1006 2484 1175 2522 defidero
1206 2484 1312 2522 enim
1343 2497 1421 2521 non
1454 2496 1538 2521 mea
1571 2483 1713 2526 solum,

335 2560 460 2599 neque
480 2560 602 2592 meos,
632 2546 694 2584 sed
715 2561 777 2586 me
797 2549 940 2600 ipsum.
973 2548 1082 2600 Qid
1103 2550 1209 2587 enim
1230 2548 1313 2586 sum
1333 2550 1346 2585 ?
1379 2548 1450 2585 Sed
1471 2560 1550 2585 non
1571 2545 1713 2584 faciam
