2243 3008
452 254 503 295 86
798 250 1487 291 EPISTOLARUM

450 369 571 396 cura:
603 353 679 393 tibi
708 362 838 392 tamen
866 364 913 390 eo
941 351 1031 404 plus
1060 350 1226 394 debebo,
1257 363 1338 402 quo
1368 358 1434 388 tua
1459 350 1501 388 in
1528 363 1592 389 me
1611 348 1833 390 humanitas

452 421 574 460 fuerit
593 419 792 463 excelsior,
812 430 932 469 quam
954 417 995 454 in
1016 425 1053 454 te
1073 429 1173 454 mea.
1206 415 1355 460 Velim,
1373 415 1470 467 quid
1489 415 1632 462 videas,
1654 415 1751 469 quid
1770 416 1835 454 in-

452 486 623 537 telligaS,
639 482 735 536 quid
756 491 904 535 agatur,
922 480 968 518 ad
989 493 1053 519 me
1073 480 1214 517 scribas
1225 499 1237 524 ς
1261 480 1424 532 tuosque
1444 493 1580 518 omnes
1600 481 1647 519 ad
1668 480 1835 519 nostram

451 550 616 589 salutem
636 547 854 586 adhortere.
901 545 1072 598 Rogatio
1102 545 1224 582 Sextii
1255 557 1382 596 neque
1410 544 1615 597 dignitatis
1645 545 1732 583 satis
1762 544 1833 583 ha·

451 615 534 661 bet,
565 627 637 652 nec
670 611 892 651 cautionis:
924 623 1016 649 nam
1047 618 1088 648 et
1122 610 1359 648 nominatim
1391 608 1492 647 ferre
1521 619 1690 663 oportet,
1721 619 1761 648 et
1780 607 1836 648 'de

451 680 567 718 bonis
588 677 818 730 diligentius
845 675 991 719 scribi,
1023 684 1062 712 et
1091 673 1132 713 id
1160 674 1441 715 animadvertas
1471 675 1606 715 velim.
1653 676 1747 715 Dat.
1774 687 1833 713 ιν.

450 746 563 785 Non.
596 743 742 782 octob.
774 739 1072 780 Theffalonicae.

785 941 1026 979 Clcr-:Ro
1067 938 1324 975 ATTico
1366 937 1497 975 SAL.

449 1069 566 1108 XXI.
591 1063 678 1139 T
691 1067 728 1104 R
742 1066 759 1104 1
775 1067 813 1105 G
829 1066 846 1103 1
862 1065 903 1104 N
917 1065 1001 1103 TA
1031 1063 1113 1102 dies
1133 1073 1242 1102 erant
1263 1062 1348 1114 ipfi‚
1379 1076 1473 1101 cum
1493 1061 1562 1102 has
1582 1062 1722 1102 dabam
1742 1063 1833 1103 lite-

696 1144 769 1176 ras,
786 1143 854 1183 per
874 1142 973 1182 quos
995 1128 1122 1167 nullas
1142 1141 1163 1166 a
1182 1128 1293 1166 vobis
1314 1140 1557 1180 acceperam:
1580 1127 1682 1166 mihi
1702 1138 1835 1167 autem

449 1207 530 1237 erat
551 1198 592 1236 in
612 1197 746 1236 animo
759 1197 858 1248 jam,
881 1203 924 1232 ut
945 1203 1055 1232 antea
1074 1193 1120 1232 ad
1142 1203 1179 1232 te
1200 1192 1345 1245 scripsi,
1376 1193 1430 1231 ire
1450 1194 1491 1231 in
1514 1193 1698 1246 Epirum,
1718 1203 1758 1232 et
1777 1194 1835 1232 ibi

449 1276 612 1303 omnem
631 1262 762 1300 casum
783 1259 1027 1314 potisfimum
1046 1260 1261 1311 expectare.
1293 1259 1356 1296 Te
1375 1271 1458 1304 oro,
1490 1267 1549 1304 ut,
1580 1259 1607 1296 fi
1628 1259 1724 1310 quid
1744 1260 1833 1305 erit,

448 1328 557 1383 quod
589 1327 796 1381 perspicias
825 1338 1104 1378 quamcunque
1134 1325 1175 1362 in
1204 1332 1370 1377 partem,
1400 1337 1519 1376 quam
1549 1324 1767 1382 glaniffime
1787 1324 1834 1362 ad

447 1408 514 1433 me
534 1394 675 1433 scribas
690 1413 702 1439 ς
733 1402 772 1431 et
790 1405 880 1430 meo
900 1391 1075 1435 nomine,
1098 1399 1142 1428 ut
1162 1389 1313 1434 scribis,
1343 1389 1489 1437 literas,
1509 1387 1655 1443 qu‘ibus
1676 1391 1834 1443 putabis

447 1472 548 1513 opus
567 1457 654 1505 effe,
686 1466 730 1497 ut
750 1457 831 1496 des.
878 1456 972 1496 Dat.
996 1469 1037 1495 v.
1061 1455 1150 1494 Kal.
1183 1454 1384 1494 Novemb.

785 1659 1028 1696 Cicnno
1068 1657 1323 1694 AT'r1co
1365 1656 1494 1694 SAL.

448 1787 584 1827 XXII.
610 1784 675 1857 E
689 1786 728 1823 T
743 1785 765 1822 S
784 1785 801 1822 Ι
831 1784 1041 1836 diligenter
1060 1784 1107 1821 ad
1131 1796 1195 1821 me
1216 1782 1393 1834 Qintus
1414 1781 1532 1820 frater
1550 1791 1588 1820 et
1610 1782 1712 1827 Piso,
1743 1797 1830 1835 quae

704 1848 824 1887 essent
842 1850 937 1893 aeta,
968 1847 1217 1900 scripserant,
1250 1856 1378 1884 tamen
1401 1846 1543 1884 vellem
1565 1856 1629 1884 tua
1650 1855 1686 1884 te
1707 1861 1829 1885 occu-

450 1917 556 1970 patio
591 1929 669 1954 non
704 1913 937 1966 impedisset,
969 1927 1049 1966 quo
1078 1913 1225 1957 minus,
1257 1921 1300 1949 ut
1330 1911 1535 1956 consuesti,
1565 1912 1612 1950 ad
1643 1926 1704 1950 me
1726 1913 1831 1965 quid

448 1990 639 2034 ageretur,
670 1989 708 2017 et
737 1978 834 2030 quid
864 1978 1118 2030 intelligeres,
1148 1975 1417 2029 perscriberes.
1464 1977 1535 2014 Me
1562 1976 1688 2015 adhuc
1712 1977 1830 2016 Plan-

447 2047 533 2084 cius
567 2043 798 2083 liberalitate
832 2042 896 2081 sua
930 2043 1085 2086 retinet,
1120 2043 1203 2093 jam
1237 2041 1444 2093 aliquoties
1479 2052 1665 2080 conatum
1699 2043 1754 2081 ire
1790 2044 1830 2081 in

448 2111 633 2164 Epirum.
673 2111 765 2161 Spes
785 2107 940 2146 homini
961 2107 1013 2146 est
1035 2108 1188 2159 injecla,
1220 2120 1296 2144 non
1319 2106 1451 2145 eadem
1473 2121 1559 2159 qua·
1581 2107 1696 2152 mihi,
1730 2108 1831 2160 posse

447 2189 517 2215 nos
540 2188 616 2214 una
635 2173 845 2219 decedere,
876 2187 994 2226 quam
1025 2186 1105 2211 rem
1136 2173 1205 2210 fibi
1237 2185 1379 2224 magno
1409 2171 1548 2210 honori
1580 2173 1701 2225 sperat
1730 2173 1826 2212 fore.

447 2241 520 2279 Sed
549 2241 648 2292 jam,
685 2251 778 2277 cum
811 2238 1014 2276 adventare
1048 2237 1194 2276 milites
1229 2236 1678 2282 dicentur,·faciendum
1716 2239 1828 2277 nobis

445 2306 520 2344 erit
547 2314 589 2343 ut
616 2304 664 2342 ab
690 2317 736 2342 eo
763 2303 1031 2341 discedamus:
1064 2302 1170 2355 quod
1200 2316 1293 2340 cum
1323 2301 1527 2347 faciemus,
1559 2303 1604 2340 ad
1636 2312 1672 2341 tc
1701 2303 1828 2341 statim

448 2371 669 2414 mittemus,
701 2379 744 2407 ut
774 2368 866 2407 scias
898 2369 966 2407 ubi
997 2369 1128 2407 simus.
1177 2368 1370 2406 Lentulus
1401 2368 1468 2406 suo
1501 2369 1538 2405 in
1577 2382 1644 2406 nos
1680 2369 1826 2413 officio,

448 2433 556 2487 quod
589 2442 628 2471 et
663 2447 715 2477 re,
760 2442 797 2470 et
834 2432 1038 2485 promiffis,
1083 2442 1120 2470 ct
1156 2431 1293 2475 literis.
1338 2431 1519 2476 declarat,
1566 2432 1670 2485 spem
1713 2433 1826 2471 nobis

448 2499 681 2540 nonnullam
714 2497 824 2538 affert
861 2499 1038 2552 Pompeii
1074 2498 1313 2559 volunta-tis:
1346 2497 1441 2551 sirpe
1475 2498 1580 2538 enim
1617 2508 1659 2538 tu
1689 2499 1735 2537 ad
1764 2513 1828 2538 me
