2243 3008
570 264 645 316 373
914 258 1603 302 EPISTOLARUM

568 358 709 397 somni.
756 359 857 398 Heri
885 360 1004 398 etiam
1035 359 1148 397 effeci
1179 358 1382 411 epistolam
1410 358 1458 396 ad
1490 357 1707 403 Caesarem;
1739 357 1814 396 tibi
1842 358 1951 396 enim

569 424 747 475 placebat
765 440 774 462 ε
807 437 925 477 quam
947 437 1024 462 non
1046 423 1124 461 fuit
1145 423 1294 461 malum
1314 422 1446 468 scribi,
1477 423 1504 462 fi
1532 422 1634 462 forte
1662 436 1760 476 opus
1780 422 1853 461 effe
1872 436 1949 475 pu-

570 499 682 526 tares.
718 490 774 526 Ut
795 488 956 540 quidem
978 500 1082 525 nunc
1103 487 1171 531 est,
1204 486 1305 525 nihil
1328 486 1413 524 sane
1430 487 1487 525 ‘est
1506 487 1652 526 necesse
1672 489 1855 532 mittere;
1888 486 1953 525 sed

570 553 609 590 id
631 554 807 605 quidem,
840 563 883 591 ut
905 553 978 590 tibi
999 552 1211 590 videbitur.
1254 551 1421 590 Mittam
1447 561 1578 590 tamen
1598 553 1646 590 ad
1666 563 1704 592 te
1721 552 1952 606 exemplum

569 616 722 661 fortafl'e
742 619 937 663 Lanuvio,
968 617 1039 655 nifi
1059 616 1161 655 forte
1181 617 1368 655 Romam.
1400 615 1474 654 Sed
1492 629 1574 656 cras
1595 616 1706 657 scies.

908 817 1150 856 Ciceno
1190 817 1447 855 A‘rT1co
1488 815 1618 854 SAL.

571 943 747 982 XXVII.
772 943 850 1016 D
867 944 900 982 E
930 943 1091 995 epistola
1118 943 1167 981 ad
1197 943 1401 988 Caesarem,
1432 942 1547 981 nobis
1567 955 1658 981 vero
1689 941 1838 993 semper
1867 954 1954 981 rec-

873 1009 1013 1048 tiffime
1032 1010 1197 1062 placuit,
1228 1019 1272 1048 ut
1292 1008 1354 1047 isti
1373 1017 1461 1046 ante
1482 1008 1655 1061 legerent
1673 1022 1682 1046 ε
1714 1007 1827 1045 aliter
1846 1007 1954 1045 enim

569 1072 771 1113 fuissemus
792 1083 831 1112 et
851 1075 891 1112 in
912 1073 984 1113 hos
1006 1075 1239 1120 inofficiofi;
1271 1084 1310 1113 et
1340 1074 1382 1112 in
1403 1073 1675 1126 nosmetipsos,
1705 1072 1732 1111 fi
1752 1072 1867 1110 illum
1888 1071 1954 1110 of-

569 1138 716 1177 fensuri
736 1140 902 1185 fuimus,
933 1154 1033 1193 pene
1053 1141 1273 1194 periculofi.
1306 1140 1373 1178 Isti
1393 1149 1525 1178 autem
1544 1140 1742 1192 ingenue;
1773 1138 1956 1191 mihique

568 1214 740 1256 gratum,
766 1205 888 1257 quod,
911 1205 1008 1257 quid
1029 1205 1229 1251 sentirent,
1261 1219 1340 1244 non
1362 1205 1603 1243 reticuerunt
1621 1219 1630 1243 :
1663 1203 1763 1241 illud
1785 1217 1874 1241 vero
1893 1203 1955 1241 vel

569 1271 734 1322 optime,
752 1271 859 1323 quod
879 1272 934 1308 ita
953 1271 1078 1310 multa
1097 1272 1241 1310 mutari
1258 1271 1412 1316 volunt,
1430 1279 1474 1308 ut
1494 1269 1595 1308 mihi
1615 1270 1662 1307 de
1682 1271 1836 1321 integro
1856 1268 1954 1306 scri-

569 1334 686 1372 bendi
707 1335 818 1373 causa
837 1349 915 1374 non
936 1335 1003 1373 fit:
1027 1349 1252 1388 quanquam
1271 1336 1319 1374 de
1340 1334 1524 1373 Parthico
1545 1335 1650 1374 bello
1670 1333 1766 1387 quid
1788 1334 1955 1386 speeiare

568 1400 702 1445 debui,
734 1400 802 1438 nisi
826 1400 931 1453 quod
953 1400 1068 1438 illum
1090 1401 1189 1439 velle
1209 1401 1421 1439 arbitrabar
1441 1401 1453 1437 ?
1485 1399 1605 1451 Qod
1626 1400 1733 1437 enim
1752 1399 1859 1437 aliud
1889 1413 1953 1437 ar-

568 1475 804 1517 gumentum
825 1465 993 1517 epistolae
1015 1465 1164 1510 nostrae,
1196 1466 1265 1503 nifi
1285 1466 1466 1509 κολακὲια,
1497 1464 1574 1502 fuit
1593 1466 1606 1501 ?
1639 1465 1767 1515 A⁰›.s¹
1788 1477 1844 1510 ea,
1867 1478 1954 1517 quae

567 1531 718 1582 optima
736 1539 929 1583 putaram,
952 1529 1106 1567 suadere
1126 1529 1344 1574 voluissem,
1365 1529 1490 1566 oratio
1510 1528 1611 1567 mihi
1632 1528 1810 1567 defuiffet
1829 1529 1842 1566 ?
1865 1530 1953 1568 To-

568 1596 619 1634 tis
640 1596 763 1648 igitur
782 1595 906 1633 literis
928 1594 1030 1633 nihil
1055 1608 1154 1648 opus
1181 1594 1248 1633 est.
1292 1595 1376 1632 Ubi
1407 1594 1514 1632 enim
1545 1594 1733 1645 ἐπίτευγμα.
1763 1607 1954 1647 magnum

568 1661 727 1699 nullum
748 1660 831 1698 fieri
853 1659 981 1712 ponit,
1011 1658 1215 1708 ἀπότευγμα
1235 1659 1295 1698 vel
1328 1673 1406 1697 non
1438 1671 1628 1712 magnum
1657 1659 1865 1698 molestum
1885 1659 1953 1699 fu-

570 1736 704 1765 turum
725 1726 797 1771 sit;
830 1725 927 1778 quid
947 1737 1046 1778 opus
1075 1723 1129 1762 est
1157 1717 1455 1775 παμκινὸυνεύεινῖ
1486 1724 1697 1777 praesertim
1728 1738 1822 1763 cum
1852 1726 1954 1764 illud

568 1801 761 1837 occurrat,
777 1791 908 1835 illum,
924 1805 1016 1829 cum
1033 1799 1143 1828 antea
1160 1788 1261 1828 nihil
1283 1788 1514 1842 scripserim,
1530 1790 1858 1836 existimaturum,
1873 1805 1953 1838 me,

571 1859 641 1896 nifi
664 1867 747 1896 toto
769 1857 874 1894 bello
893 1855 1089 1900 confecto,
1121 1854 1223 1893 nihil
1244 1855 1482 1907 scripturum
1503 1855 1627 1894 fuiffe.
1671 1856 1804 1908 Atque
1834 1858 1956 1896 etiam

571 1936 717 1966 vereor,
750 1935 796 1959 ne
827 1930 954 1973 putet,
986 1935 1049 1959 me
1069 1920 1145 1958 hoc
1166 1920 1270 1972 quasi
1294 1920 1456 1958 Catonis
1483 1918 1654 1967 μείλιγμα»
1678 1920 1750 1959 effe
1776 1921 1953 1962 voluisse.

572 1987 683 2039 Qid
702 1985 842 2039 quaeris
862 1986 875 2022 ?
906 1985 1015 2022 valde
1036 1998 1098 2022 me
1119 1984 1362 2036 poenitebat:
1396 1997 1466 2022 nec
1488 1982 1588 2021 mihi
1618 1984 1658 2021 in
1689 1984 1761 2023 hac
1792 1987 1955 2038 quidem

573 2067 610 2091 re
631 2051 848 2105 quidquam
870 2050 994 2102 magis
1011 2059 1053 2087 ut
1075 2049 1215 2087 vellem
1236 2048 1409 2086 accidere
1429 2049 1575 2101 potuit,
1593 2063 1710 2101 quam
1727 2051 1832 2102 quod
1847 2046 1959 2094 σ-ηθὴ

573 2117 698 2156 nostra
719 2129 797 2153 non
818 2115 871 2153 est
892 2115 1065 2167 probata.
1114 2113 1382 2152 incidissemus
1412 2115 1530 2152 etiam
1561 2115 1601 2152 in
1624 2115 1712 2154 illo's
1732 2134 1742 2160 ς
1775 2116 1815 2155 in
1836 2118 1890 2155 eis
1912 2117 1954 2155 in

572 2192 786 2235 cognatum
808 2190 936 2219 tuum.
981 2179 1052 2218 Sed
1075 2180 1186 2218 redeo
1207 2179 1252 2217 ad
1274 2179 1422 2218 hortos.
1468 2180 1585 2218 Plane
1607 2180 1703 2218 illuc
1724 2191 1762 2219 te
1782 2182 1852 2226 ire,
1884 2183 1955 2221 nisi

572 2260 640 2288 tuo
661 2261 803 2300 magno
823 2246 1049 2292 commodo,
1074 2246 1191 2284 nolo:
1226 2245 1325 2284 nihil
1347 2247 1453 2284 enim
1475 2256 1600 2298 urget.
1634 2247 1843 2300 Qidquid
1863 2250 1952 2294 erit,

573 2328 727 2368 operam
751 2315 789 2351 in
814 2313 978 2351 Faberio
999 2326 1203 2365 ponamus.
1252 2313 1312 2350 De
1339 2312 1400 2350 die
1423 2322 1550 2351 tamen
1572 2314 1777 2358 auctionis.
1810 2315 1834 2353 si
1856 2315 1954 2368 quid

574 2382 682 2419 scies.
715 2380 836 2422 Eum.
853 2379 922 2431 qui
943 2393 962 2416 c
984 2380 1166 2416 Cumano
1186 2388 1355 2422 venerat,
1377 2378 1483 2431 quod
1504 2388 1541 2416 et
1563 2378 1676 2431 plane
1696 2379 1820 2418 valere
1842 2381 1953 2420 Atti-

573 2459 658 2484 cam
681 2444 900 2487 nuntiabat.
931 2453 968 2482 et
990 2444 1117 2483 literas
1140 2443 1174 2482 sc
1196 2442 1335 2482 habere
1355 2444 1495 2488 aicbat,
1527 2443 1654 2483 statim
1675 2444 1721 2482 ad
1744 2454 1781 2484 te
1801 2446 1901 2485 min.
