2243 3008
482 268 533 319 98
831 269 1515 308 EPISTOLARUM

485 367 663 420 lapidum
694 381 741 406 ex
773 381 856 406 area
887 367 1026 412 nostra,
1057 367 1197 405 deinde
1223 366 1464 405 inflammata
1489 367 1594 420 juffu
1621 367 1771 413 Clodii,
1801 367 1866 407 in-

486 433 680 486 sped‘tante
710 434 820 479 urbe,
851 434 1036 485 conjectis
1069 432 1243 484 ignibus,
1275 446 1415 484 magna
1445 433 1602 486 querela
1631 442 1670 472 et
1698 434 1867 486 gemitu,

487 512 566 537 non
587 499 716 537 dicam
736 499 930 537 bonorum
951 498 1147 541 omnium,
1165 499 1234 549 qui
1255 498 1384 535 nescio
1403 511 1450 536 an
1472 499 1545 536 ulli
1566 499 1654 544 sint,
1672 499 1734 537 sed
1754 499 1869 552 plane

487 562 698 601 hominum
718 564 914 601 omnium.
947 563 1020 601 Ille
1040 561 1248 600 vehemens
1271 575 1406 600 ruere:
1439 563 1523 615 post
1548 562 1656 602 hunc
1676 563 1867 608 furorem,

488 628 590 666 nihil
612 629 681 667 nifi
702 628 848 666 caedem
867 628 1122 666 inimicorum
1144 627 1314 680 cogitare
1330 645 1342 672 ς
1364 627 1525 666 vicatim
1545 629 1694 667 ambire
1710 648 1722 674 ς
1752 628 1867 666 servis

487 704 616 747 aperte
637 694 743 747 spem
764 693 954 732 libertatis
976 693 1186 731 ostendere.
1219 693 1382 732 Etenim
1400 702 1524 739 antea,
1555 707 1649 732 cum
1668 694 1868 746 judicium

488 761 660 805 nolebat,
677 759 844 798 habebat
864 760 932 797 ille
952 759 1112 812 quidem
1133 759 1338 797 difficilem
1359 758 1680 812 manifestamque
1699 759 1867 805 causam,

487 826 551 865 sed
573 837 701 864 tamen
722 826 874 864 causam
893 840 902 864 :
935 825 975 863 id
995 834 1146 878 poterat
1165 825 1323 863 infitiari
1342 844 1353 870 5
1385 834 1536 877 poterat
1568 826 1608 863 in
1637 825 1733 863 alios
1763 825 1867 864 deri-

486 905 572 930 vare
588 910 600 937 3
632 900 782 944 poterat
812 891 929 929 etiam
958 889 1108 942 aliquid
1131 890 1221 941 jure
1249 888 1396 927 faCtum
1425 889 1646 929 defendere.
1692 889 1783 928 Post
1800 888 1869 929 has

489 958 633 1001 ruinas,
664 955 857 1000 incendia,
889 955 1055 1007 rapinas,
1085 953 1255 991 desertus
1285 967 1306 991 a
1336 953 1429 999 suiS,
1459 955 1525 992 vix
1545 956 1629 1007 jam
1655 955 1871 993 Decimum

488 1021 783 1072 designatorem,
805 1020 871 1058 vix
893 1019 1089 1063 Gellium,
1112 1019 1280 1056 retinet:
1304 1018 1501 1057 servorum
1522 1019 1693 1059 consiliis
1715 1021 1868 1059 utitur:

488 1086 594 1124 videt
614 1085 639 1123 si
660 1097 811 1131 omnes,
842 1097 940 1137 quos
961 1083 1061 1129 vult,
1092 1083 1221 1136 palam
1247 1083 1451 1129 occiderit,
1483 1083 1611 1123 nihilo
1640 1084 1747 1123 suam
1775 1099 1870 1124 cau-

490 1151 567 1190 sam
589 1150 868 1195 difficiliorem,
899 1163 1018 1203 quam
1039 1148 1167 1187 adhuc
1188 1149 1248 1194 fit,
1280 1150 1320 1187 in
1335 1149 1491 1202 judicio
1510 1149 1700 1190 futuram.
1732 1151 1871 1203 Itaque

487 1226 576 1255 ante
595 1216 700 1254 diem
721 1217 883 1254 tertium
904 1215 997 1253 Idus
1019 1214 1220 1253 Novemb.
1242 1228 1336 1253 cum
1366 1215 1477 1253 Sacra
1495 1216 1556 1253 via
1582 1215 1869 1262 descenderem,

487 1282 684 1320 insecutus
718 1280 771 1319 est
805 1294 868 1319 me
901 1293 995 1318 cum
1029 1279 1133 1318 suis:
1177 1279 1340 1325 clamor,
1376 1280 1537 1333 lapideS,
1569 1280 1702 1327 fustes,
1732 1281 1869 1334 gladii,

487 1347 570 1386 haec
590 1346 798 1400 improvisa
818 1346 964 1384 omnia.
1009 1344 1261 1384 Disceffimus
1290 1345 1331 1383 in
1361 1345 1598 1384 vestibulum
1625 1347 1755 1385 Tertii
1785 1347 1869 1386 Da-

487 1413 647 1451 mionis.
735 1412 774 1449 ui
803 1421 911 1450 erant
930 1425 1104 1456 mecum,
1134 1409 1250 1449 facile
1269 1424 1402 1464 operas
1423 1411 1530 1450 aditu
1550 1411 1839 1464 prohibuerunt
1857 1427 1867 1451 ε

487 1477 567 1531 ipse
599 1476 729 1515 occidi
762 1477 920 1529 potuit:
958 1475 1020 1514 sed
1054 1489 1127 1528 ego
1160 1476 1273 1514 diaeta
1305 1477 1432 1514 curari
1466 1477 1630 1529 incipio,
1661 1477 1871 1531 chirurgiae

489 1543 617 1582 taedet.
650 1542 723 1581 Ille
742 1543 924 1580 omnium
945 1542 1108 1579 vocibus
1129 1555 1220 1579 cum
1243 1541 1279 1579 se
1306 1555 1384 1580 non
1414 1542 1459 1579 ad
1483 1542 1698 1594 judicium,
1730 1543 1793 1581 sed
1824 1543 1872 1581 ad

487 1608 726 1661 supplicium
760 1607 923 1660 praesens
959 1606 1063 1645 trudi
1098 1607 1260 1651 videret,
1304 1620 1441 1645 omnes
1477 1607 1682 1653 Catilinas,
1727 1609 1869 1647 Acidi-

486 1687 572 1719 nos,
603 1673 731 1726 postea
759 1672 942 1711 reddidit.
989 1673 1096 1711 Nam
1127 1672 1295 1710 Milonis
1325 1671 1505 1717 domum,
1536 1685 1620 1710 eam
1651 1686 1736 1725 quae
1765 1674 1870 1712 Ger-

486 1739 605 1783 malo,
636 1738 761 1791 pridie
789 1737 880 1776 Idus
912 1737 1113 1776 Novemb.
1142 1750 1365 1790 expugnare
1385 1746 1423 1775 et
1451 1737 1656 1775 incendere
1677 1737 1730 1775 ita
1749 1752 1868 1776 cona-

487 1815 547 1842 tus
568 1803 636 1848 est,
668 1813 711 1841 ut
732 1804 860 1856 palam
881 1801 975 1841 hora
997 1816 1036 1840 v.
1059 1816 1152 1840 cum
1174 1802 1292 1840 scutis
1313 1801 1509 1846 homines,
1539 1802 1687 1840 eductis
1712 1803 1868 1855 gladiis,

485 1869 580 1906 alios
606 1882 698 1906 cum
728 1867 893 1905 accensis
925 1865 1093 1911 facibus,
1127 1865 1344 1904 adduxerit.
1392 1866 1476 1918 Ipse
1499 1865 1662 1904 domum
1685 1867 1729 1905 P.
1754 1868 1868 1919 Syllae

489 1947 559 1985 pro
590 1932 719 1970 castris
752 1932 820 1970 fibi
851 1931 896 1968 ad
925 1945 1009 1969 eam
1038 1930 1378 1982 impugnationem
1411 1930 1636 1983 sumpserat.
1682 1932 1793 1970 Tum
1822 1946 1869 1972 ex

489 1998 669 2037 Anniana
690 1997 857 2035 Milonis
888 1997 1006 2034 domo
1027 1997 1269 2048 QFlaccus
1300 1997 1436 2034 eduxit
1463 1997 1565 2035 viros
1595 2011 1727 2042 acres;
1759 1999 1868 2037 occi-

488 2063 546 2101 dit
578 2063 758 2101 homines
788 2076 834 2100 ex
867 2062 976 2099 omni
1010 2061 1217 2099 latrocinio
1239 2061 1433 2099 Clodiano
1465 2061 1709 2101 notisfimos:
1742 2062 1870 2115 ipsum

487 2129 666 2181 cupivit;
700 2127 761 2165 sed
789 2127 856 2164 ille
884 2127 918 2164 se
947 2128 985 2164 in
1015 2127 1240 2164 interiorem
1270 2125 1427 2164 aedium.
1474 2127 1578 2178 Sylla
1604 2127 1639 2165 se
1666 2127 1707 2165 in
1729 2129 1869 2167 Senatu

489 2193 670 2246 postridie
693 2192 811 2231 Idus:
844 2192 951 2230 domi
982 2191 1175 2230 Clodius:
1208 2193 1386 2243 egregius
1416 2192 1700 2231 Marcellinus:
1733 2207 1869 2232 omnes

486 2272 603 2296 ’.ιω-ες.
652 2257 841 2296 Metellus
873 2257 1071 2295 calumnia
1101 2256 1255 2295 dicendi
1289 2267 1442 2310 tempus
1472 2258 1633 2302 exemit,
1664 2258 1869 2310 adjuvante

489 2325 651 2376 ()ppio;
683 2325 801 2361 etiam
831 2322 990 2361 hercule
1026 2321 1207 2360 familiari
1237 2333 1332 2366 tno;
1364 2323 1411 2360 de
1445 2324 1557 2375 cujus
1587 2323 1801 2362 constantia
1832 2336 1870 2363 et

488 2393 631 2427 virtute
654 2399 726 2427 tuae
749 2388 946 2426 vcrissimae
969 2388 1102 2426 literae.
1136 2389 1289 2426 Sextius
1313 2387 1451 2426 furere.
1488 2389 1558 2426 Ille
1580 2388 1720 2441 postca,
1753 2389 1777 2428 fi
1799 2404 1869 2429 co-

488 2456 598 2493 mitia
620 2455 683 2492 sua
704 2468 781 2492 non
804 2453 954 2498 fierent,
988 2453 1074 2491 urbi
1097 2453 1250 2491 minari.
1301 2453 1495 2506 Proposita
1526 2454 1751 2493 Marcellini
1782 2454 1868 2494 sen·

486 2521 622 2564 tentia,
664 2534 782 2575 quam
818 2519 884 2558 ine
919 2519 965 2558 de
1001 2519 1143 2573 scripto
1180 2521 1230 2558 ita
1264 2520 1425 2563 dixerat.
1466 2530 1507 2559 ut
1543 2530 1666 2560 totam
1701 2521 1868 2561 nostram
