2243 3008
520 271 570 325 ⁵6
865 266 1553 308 EPISTOLARUM

853 505 1094 543 C1CERO
1135 502 1390 540 ATTICO
1432 501 1562 539 SAL.

517 635 656 675 XVII.
681 631 734 706 P
748 633 833 672 Ro
846 633 883 671 R
896 631 919 670 S
932 632 970 669 U
983 631 1021 676 S,
1050 640 1095 669 ut
1113 629 1266 674 scribis,
1287 630 1342 667 ita
1361 628 1507 667 sentio:
1531 628 1711 667 turbatur
1732 629 1902 682 Sampfi-

758 711 933 737 ceramus
951 712 961 736 :
994 696 1097 735 nihil
1117 695 1185 740 est,
1216 694 1324 747 quod
1345 707 1424 732 non
1447 694 1670 732 timendum
1690 694 1735 732 fit
1754 709 1762 732 :
1798 690 1901 742 ὀμο-

516 761 706 812 λογυμένως
722 756 888 815 τυραννίδι,
905 757 1144 812 συσκευάζεται.
1190 760 1301 812 Qid
1328 760 1435 798 enim
1461 759 1528 798 ista
1548 760 1752 812 repentina
1769 759 1902 798 affini-

515 830 608 868 tatis
637 828 880 881 conjunCHo,
910 826 1007 880 quid
1039 840 1128 879 ager
1160 828 1401 879 Campanus,
1432 826 1530 878 quid
1559 825 1695 865 effusio
1726 825 1904 877 pecunie

515 895 736 947 fignificant
753 894 768 932 ?
798 907 900 946 quae,
931 893 958 931 s1
977 891 1096 930 effent
1115 901 1303 936 extrema,
1326 901 1456 929 tamen
1477 891 1567 930 effet
1587 891 1759 929 nimium
1778 891 1900 929 mali:

517 960 582 998 sed
601 973 644 998 ea
663 968 799 997 natura
818 959 872 996 rei
900 958 968 1002 est,
1000 967 1044 994 ut
1073 956 1157 995 haec
1183 966 1357 995 extrema
1382 956 1456 994 effe
1482 970 1561 994 non
1588 955 1746 1009 poffint.
1791 955 1904 1007 Qid

513 1027 621 1063 enirn
641 1037 706 1062 eos
725 1024 809 1062 haec
829 1022 910 1075 ipsa
928 1035 997 1075 per
1017 1021 1053 1059 se
1073 1022 1261 1060 deled‘tare
1281 1021 1438 1074 possunt
1455 1023 1469 1059 ?
1490 1022 1714 1074 Nunquam
1732 1020 1813 1059 huc
1832 1035 1908 1060 ve·-

513 1088 669 1134 nissent,
700 1088 771 1126 nifi
791 1087 838 1125 ad
858 1086 950 1125 alias
972 1099 1030 1124 res
1049 1085 1247 1139 pestiferas
1267 1086 1396 1125 aditus
1416 1086 1488 1124 fibi
1507 1095 1792 1139 compararent.
1829 1086 1902 1124 Dii

513 1153 757 1193 immortales
775 1153 784 1191 ἔ
817 1153 982 1197 Verum,
1006 1161 1049 1190 ut
1069 1151 1220 1197 scribis,
1241 1150 1326 1190 haec
1346 1152 1388 1190 in
1407 1153 1594 1204 Arpinati
1613 1165 1647 1191 a.
1671 1151 1712 1190 d.
1736 1165 1797 1190 Vl.
1820 1152 1900 1190 cir-

512 1220 612 1259 citer
632 1219 692 1258 Id.
716 1219 844 1257 Maias
865 1231 944 1256 non
965 1217 1213 1263 deflebimus,
1244 1231 1293 1256 ne
1312 1227 1351 1256 et
1371 1231 1487 1271 opera
1504 1229 1544 1257 et
1568 1218 1701 1257 oleum
1723 1216 1900 1270 philolo-

511 1286 587 1338 giae
608 1284 743 1324 nostrae
761 1284 921 1338 perierit
936 1302 948 1329 ;
980 1282 1043 1322 sed
1064 1283 1311 1322 conferemus
1332 1284 1548 1337 tranquillo
1565 1285 1714 1323 animo.
1756 1284 1902 1336 Neque

512 1361 595 1391 tam
610 1364 675 1389 me
689 1349 859 1389 εὐελνηςίαι
879 1349 1115 1395 consolatur,
1133 1360 1177 1389 ut
1196 1359 1322 1395 antea,
1338 1363 1458 1403 quam
1476 1347 1674 1400 σἰδὶιιφορὶως
1694 1363 1772 1402 qua
1791 1350 1902 1387 nulla

513 1418 556 1456 in
576 1431 617 1455 re
637 1426 716 1455 tam
748 1425 852 1460 utor,
880 1429 1002 1468 quam
1033 1416 1075 1454 in
1102 1415 1175 1454 hac
1201 1416 1311 1455 civili
1342 1425 1381 1454 et
1412 1415 1586 1469 publica.
1633 1417 1744 1467 Qin
1764 1416 1899 1460 etiam,

511 1482 622 1536 quod
641 1481 694 1521 est
713 1481 900 1520 subinane
918 1481 961 1519 in
982 1482 1112 1527 nobis,
1133 1491 1172 1521 et
1192 1495 1272 1520 non
1291 1475 1495 1529 ὰφιλόὃοξον,
1528 1481 1699 1533 (bellum
1718 1481 1772 1520 est
1790 1483 1901 1521 enim

513 1549 579 1587 sua
598 1548 693 1587 vitia
711 1547 832 1598 nosse)
855 1547 897 1586 id
916 1547 1085 1586 afficitur
1105 1547 1274 1601 quadam
1299 1545 1556 1585 delectatione
1574 1562 1583 1585 z
1616 1547 1762 1586 solebat
1790 1548 1899 1587 enim

511 1627 576 1652 me
610 1626 798 1666 pungere,
841 1625 889 1650 ne
924 1613 1215 1665 Sampsicerami
1248 1611 1388 1650 merita
1420 1611 1461 1648 in
1496 1612 1662 1664 patriam
1696 1612 1744 1650 ad
1776 1625 1899 1652 annos

514 1691 571 1717 Dc
594 1679 740 1731 majora
768 1676 1006 1722 viderentur,
1037 1691 1157 1731 quam
1188 1677 1342 1716 nostra:
1373 1674 1447 1714 hac
1478 1676 1640 1729 quidem
1671 1690 1764 1715 cura
1793 1687 1900 1716 certe

505 1745 590 1796 jam
610 1756 779 1781 vacuum
810 1741 890 1780 est:
917 1743 1023 1794 jacet
1053 1743 1160 1781 enim
1192 1743 1260 1781 ille
1291 1742 1357 1786 fic,
1389 1749 1433 1778 ut
1463 1737 1575 1779 ⁷350ae
1607 1742 1778 1779 Curiana
1803 1742 1896 1780 stare

510 1809 700 1847 videatur.
745 1807 818 1846 Sed
839 1806 920 1846 haec
942 1821 1088 1847 coram.
1130 1810 1197 1846 Tu
1219 1817 1348 1845 tamen
1369 1805 1511 1843 videris
1532 1805 1633 1844 mihi
1656 1807 1794 1845 Romae
1815 1807 1898 1846 fore

510 1874 558 1913 ad
586 1874 760 1912 nostrum
787 1872 1026 1918 adventum;
1059 1873 1165 1926 quod
1195 1872 1281 1911 sane
1312 1871 1428 1910 facile
1458 1872 1594 1924 patiar,
1627 1873 1651 1910 s1
1684 1882 1754 1911 tuo
1783 1887 1897 1911 com-

511 1939 631 1979 modo
653 1939 735 1977 fieri
763 1938 902 1991 possit:
936 1939 1005 1984 sm,
1038 1950 1081 1978 ut
1110 1939 1262 1985 scribis,
1294 1939 1348 1977 ita
1371 1939 1530 1983 venies;
1564 1939 1683 1976 velim
1709 1953 1730 1977 e
1757 1939 1896 1978 Theo-

510 2005 638 2059 phane
658 2004 867 2057 cxpiscere,
899 2018 1071 2057 quonam
1093 2006 1132 2043 in
1155 2019 1218 2043 me
1244 2005 1377 2043 animo
1406 2004 1451 2042 sit
1474 2004 1726 2043 Alabarches.
1772 2006 1895 2057 Qae-

511 2085 569 2110 res
602 2070 764 2114 scilicet,
797 2079 839 2108 ut
873 2069 967 2108 soles
987 2068 1082 2106 κατὰ,
1102 2068 1137 2105 τὸ
1157 2063 1364 2118 adnuntia
1391 2079 1430 2108 et
1461 2069 1506 2107 ad
1540 2084 1602 2108 me
1634 2071 1681 2108 ab
1713 2085 1758 2109 eo
1790 2073 1894 2124 quast

509 2133 679 2177 ὑπθήκοις
711 2135 860 2180 afferes,
892 2135 1227 2187 quemadmodum
1260 2148 1322 2172 me
1356 2149 1516 2187 geram:
1549 2135 1698 2189 aliquid
1731 2150 1777 2174 ex
1811 2138 1893 2188 ejus

511 2201 685 2240 sermone
705 2201 921 2255 poterimus
942 2200 1018 2250 περὶ
1038 2197 1096 2237 τῶν
1109 2198 1192 2235 ’ὅλων
1211 2199 1408 2253 suspicari.
