2243 3008
600 249 708 289 AD
767 249 1197 289 ATTICUM
1265 252 1407 294 LIB.
1459 255 1552 295 XV.
1691 272 1771 313 425

381 345 684 386 humanitatem.
717 348 805 399 Ego
825 355 957 386 autem
978 348 1169 401 perspexi,
1187 363 1279 387 cum
1296 365 1316 387 a
1333 364 1394 390 me
1418 366 1513 392 xv11
1535 355 1701 393 Kalend.
1721 355 1770 393 de

383 412 600 450 Puteolano
626 412 841 464 Neapolim
872 413 1000 452 Pansae
1031 415 1289 453 conveniendi
1320 417 1429 454 causa
1460 419 1769 469 proficisceretur

382 477 557 522 Hirtius,
588 490 750 515 omnem
771 479 854 529 ejus
876 478 1027 516 sensum
1047 494 1055 517 :
1089 479 1222 518 seduxi
1247 480 1369 525 enim,
1401 490 1439 518 et
1460 483 1505 519 ad
1527 497 1661 534 pacem
1683 485 1768 523 sum

381 541 625 581 cohortatus.
671 543 766 581 Non
788 553 939 595 poterat
960 544 1109 582 scilicet
1129 558 1282 597 negare,
1315 546 1350 583 se
1381 546 1479 584 velle
1511 561 1673 599 pacem;
1707 550 1770 587 sed

381 619 461 644 non
482 607 614 644 minus
636 607 672 645 se
702 607 921 646 nostrorum
948 622 1052 647 arma
1085 610 1237 655 timere,
1270 624 1390 663 quam
1411 612 1606 651 Antonii:
1640 623 1677 650 et
1710 623 1768 651 ta-

380 685 472 710 men
494 672 678 724 utrosque
698 687 777 711 non
799 674 876 711 sine
897 673 1007 711 causa
1026 675 1246 726 praefidium
1268 675 1429 721 habere,
1454 676 1489 714 se
1510 687 1639 715 autem
1663 688 1769 716 utra-

379 751 457 790 que
483 751 589 776 arma
616 748 802 777 metuere.
847 739 957 791 Qid
987 740 1159 792 quaeris?
1191 734 1260 776 ὲδῖν
1280 737 1382 788 ὖγιές.
1430 742 1492 780 De
1513 742 1676 794 Qfilio
1697 744 1772 781 tibi

381 803 588 842 affentior:
621 805 721 856 patri
751 804 913 856 quidem
943 814 1047 842 certe
1076 804 1296 857 gratissimae
1317 815 1355 843 et
1385 806 1600 846 belliffimae
1622 817 1696 846 tuae
1718 808 1770 846 li-

382 878 471 906 terae
492 868 666 907 fuerunt.
701 869 888 908 Caerelliae
908 883 999 908 vero
1018 869 1134 907 facile
1155 869 1323 908 satisfeci
1343 885 1351 909 :
1376 885 1447 909 nec
1469 873 1578 910 valde
1599 873 1772 911 laborare

382 933 483 972 mihi
518 934 594 972 visa
627 934 707 980 est3
749 944 802 979 et,
843 935 868 973 fi
904 935 986 980 illa,
1017 948 1090 987 ego
1125 945 1228 973 certe
1263 949 1343 973 non
1377 937 1608 976 laborarem.
1656 938 1771 976 Istam

382 1012 487 1044 vero,
519 1013 638 1051 quam
661 1000 735 1037 tibi
757 1000 959 1038 molestam
980 1000 1116 1038 scribis
1137 1000 1224 1046 effe,
1255 1001 1428 1040 auditam
1459 1016 1479 1040 a
1508 1013 1545 1041 te
1577 1003 1649 1041 effe
1679 1017 1770 1042 om-

381 1064 478 1102 nino
510 1064 694 1102 demiror.
742 1065 849 1103 Nam
881 1065 988 1118 quod
1019 1079 1103 1103 eam
1125 1065 1344 1104 collaudavi
1371 1067 1474 1119 apud
1494 1068 1669 1113 amicos5
1702 1082 1772 1106 au-

384 1128 584 1167 dientibus
607 1130 732 1168 tribus
753 1129 846 1168 filiis
877 1132 975 1182 ejus,
1006 1139 1045 1168 et
1077 1131 1172 1176 filia,
1202 1127 1224 1164 ἐ
1251 1128 1350 1165 ταυτὶ
1379 1128 1414 1166 ἐκ
1442 1128 1487 1166 ri?
1517 1129 1616 1171 αὐτὲ.
1663 1133 1775 1185 Qid

383 1195 437 1232 est
466 1194 574 1233 hoc?
607 1196 718 1246 Qid
749 1196 802 1234 est
833 1206 979 1242 autem,
1011 1210 1081 1234 cur
1101 1210 1173 1249 ego
1194 1196 1417 1249 personatus
1439 1198 1671 1236 ambulem?
1702 1213 1773 1252 pa-

384 1274 524 1298 rumne
544 1261 648 1299 foeda
668 1261 828 1313 persona
848 1261 900 1300 est
927 1262 1045 1314 ipsius
1068 1262 1273 1301 senectutis
1293 1264 1306 1301 ?
1339 1264 1460 1315 Qod
1481 1265 1625 1302 Brutus
1648 1274 1772 1316 rogat,

384 1335 429 1363 ut
449 1335 539 1363 ante
559 1326 768 1372 Kalendas,
801 1327 846 1364 ad
877 1341 940 1365 me
970 1341 1128 1380 quoque
1158 1328 1335 1380 scripsit3
1367 1338 1406 1366 et
1435 1328 1587 1367 fortaffe
1614 1328 1772 1368 faciam.

385 1391 458 1429 Sed
478 1391 593 1443 plane
613 1392 710 1444 quid
730 1392 840 1436 velit,
859 1393 1007 1430 nescio:
1031 1393 1128 1445 quid
1148 1394 1254 1431 enim
1276 1394 1337 1431 illi
1357 1393 1492 1432 afferre
1513 1394 1663 1432 consilii
1684 1395 1776 1446 pos-

385 1455 487 1502 sum,
518 1470 611 1495 cum
633 1457 712 1509 ipse
732 1471 866 1510 egeam
887 1457 1050 1496 consilio
1069 1459 1082 1496 ?
1114 1467 1152 1496 et
1182 1471 1274 1496 cum
1303 1458 1371 1496 ille
1392 1458 1465 1497 suae
1486 1459 1778 1498 immortalitati

385 1522 543 1567 melius,
574 1535 693 1574 quam
724 1522 852 1560 nostro
879 1523 976 1566 otio,
1008 1523 1252 1560 consulerit?
1285 1524 1348 1561 De
1378 1524 1511 1576 regina
1541 1538 1676 1563 rumor
1704 1538 1775 1563 ex-

387 1587 606 1639 tinguetur.
639 1587 701 1624 De
722 1587 917 1632 Flamma,
948 1587 1108 1626 obsecro
1129 1597 1180 1633 te,
1213 1588 1238 1626 s1
1260 1588 1357 1640 quid
1377 1598 1503 1641 potes.
1535 1590 1636 1627 Heri
1658 1590 1777 1628 dede-

387 1665 470 1691 ram
490 1651 537 1690 ad
559 1661 595 1689 te
615 1651 744 1690 literas
766 1653 898 1690 exiens
919 1666 938 1690 e
960 1652 1190 1697 Puteolano,
1222 1652 1534 1706 diverteramque
1563 1654 1603 1692 in
1627 1655 1777 1692 Cuma-

386 1731 485 1756 num
503 1732 512 1756 :
546 1717 602 1754 ibi
625 1717 722 1755 bene
743 1717 937 1755 valentem
958 1717 1129 1756 videram
1151 1717 1309 1757 Piliam.
1356 1720 1466 1770 Qin
1494 1720 1613 1757 etiam
1634 1719 1777 1758 Baulos

388 1783 530 1822 Cumis
551 1796 635 1820 eam
658 1783 737 1821 vidi
756 1797 766 1821 :
799 1792 953 1822 venerat
974 1784 1081 1822 enim
1101 1783 1142 1821 in
1163 1782 1312 1828 funus;
1344 1785 1410 1822 cui
1430 1783 1560 1822 funeri
1581 1798 1654 1837 ego
1674 1799 1778 1838 quo-

387 1863 465 1903 que
498 1862 656 1902 operam
691 1848 794 1888 dedi.
843 1851 920 1888 Cn.
957 1849 1167 1894 Lucullus,
1198 1848 1403 1888 familiaris
1438 1849 1579 1896 noster,
1612 1859 1778 1889 matrem

386 1915 586 1954 efferebat.
628 1915 757 1952 Manfi
778 1915 901 1967 igitur
920 1928 966 1953 eo
987 1915 1049 1953 die
1070 1916 1110 1953 in
1133 1915 1385 1959 Sinuess‘an03
1417 1924 1534 1966 atque
1554 1915 1646 1954 inde
1665 1929 1780 1954 mane

386 1979 572 2034 postridie
596 1979 797 2031 Arpinum
826 1979 1076 2032 proficiscens
1107 1978 1207 2017 hanc
1238 1979 1442 2031 epistolam
1471 1980 1637 2018 exaravi.
1684 1981 1780 2018 Erat

387 2054 519 2084 autem
541 2043 643 2083 nihil
664 2045 771 2090 novi,
789 2045 896 2097 quod
916 2054 982 2083 aut
1003 2044 1226 2090 scriberem,
1244 2053 1310 2083 aut
1330 2058 1378 2083 ex
1399 2054 1437 2082 te
1452 2058 1685 2098 quoererem;
1709 2045 1779 2083 nifi

387 2109 491 2148 forte
510 2109 587 2148 hoc
608 2109 654 2147 ad
675 2123 757 2148 rem
778 2119 891 2163 putas
918 2111 1127 2163 pertinere.
1174 2110 1318 2148 Brutus
1350 2109 1476 2148 noster
1505 2110 1610 2148 misit
1639 2110 1686 2148 ad
1715 2123 1780 2148 me

388 2175 608 2214 orationem
638 2173 761 2220 suam,
792 2174 969 2214 habitam
999 2175 1040 2213 in
1061 2175 1253 2214 concione
1274 2175 1527 2227 Capitolina;
1560 2175 1780 2228 petivitque

388 2255 410 2280 a
440 2255 518 2286 me,
550 2249 595 2279 ut
623 2253 723 2286 eam,
755 2254 826 2279 nec
847 2240 1068 2287 ambitiose,
1100 2241 1337 2292 corrigerem
1358 2250 1461 2285 ante,
1493 2253 1612 2292 quam
1633 2239 1778 2279 ederet.

389 2307 460 2345 Est
478 2315 610 2344 autem
630 2307 754 2344 oratio
775 2306 917 2360 scripta
936 2306 1215 2359 elegantiffime
1236 2306 1453 2350 sententiis,
1477 2305 1620 2351 verbis,
1652 2315 1695 2344 ut
1717 2307 1780 2344 ni-

390 2370 450 2409 hil
472 2371 585 2423 poflit
605 2371 719 2409 ultra.
754 2372 842 2424 Ego
863 2382 1008 2417 tamen,
1041 2372 1066 2409 fi
1088 2370 1197 2408 illam
1218 2370 1371 2408 causam
1392 2369 1625 2416 habuiss'em,
1657 2371 1780 2422 scrip-

390 2435 513 2475 fiffem
552 2435 750 2474 ardentius
787 2432 959 2479 ὑπιθέσεις.
1007 2435 1142 2482 Vides,
1188 2450 1274 2488 quae
1315 2435 1359 2474 slt
1399 2436 1559 2488 persona
1597 2436 1779 2474 dicentis.

392 2503 530 2555 Itaque
550 2514 635 2539 earn
655 2501 847 2553 corrigere
869 2516 947 2541 non
969 2502 1097 2555 potui.
1145 2503 1238 2554 Qo
1267 2503 1374 2540 enim
1406 2502 1444 2539 in
1477 2515 1616 2553 genere
1638 2503 1782 2539 Brutus

477 2569 621 2605 Tom.
654 2567 772 2605 VIII.
1328 2568 1367 2603 H
1400 2565 1425 2604 h
1457 2566 1481 2603 h
