2243 3008
498 255 573 295 150
841 239 1530 279 EPISTOLARUM

473 345 539 392 ,ad
562 346 729 384 Brutum
749 342 944 396 scripsisse.
991 341 1064 380 Sed
1096 350 1225 380 tamen
1255 341 1331 379 hoc
1363 341 1450 379 sum
1480 340 1639 378 animo:
1673 340 1699 378 fi
1732 341 1877 378 Brutus

490 410 649 464 putabit
670 423 733 448 me
753 417 957 462 quaternas
987 407 1213 445 centefimas
1244 405 1454 459 oportuisse
1483 406 1702 450 decernere,
1733 406 1804 458 qui
1835 406 1877 442 in

491 486 574 515 tota
607 476 808 529 provincia
840 473 1008 526 singulas
1041 471 1298 517 observarem,
1340 473 1472 525 itaque
1505 469 1721 516 edixissem,
1758 470 1878 523 idque

490 543 609 581 etiarn
642 540 893 580 acerbiffimis
926 538 1226 577 foeneratoribus
1259 537 1515 591 probaretur3
1548 537 1574 575 fi
1605 536 1876 589 praefecturam

489 608 724 661 negotiatori
746 606 975 658 denegatam
995 612 1194 657 queretur,
1225 603 1331 656 quod
1351 616 1424 655 ego
1444 604 1651 655 Torquato
1675 602 1806 640 nostro
1833 602 1876 639 in

488 682 561 712 tuo
581 673 722 717 Lenio,
745 671 937 724 Pompeio
956 670 1026 723 ipsi
1051 670 1090 707 in
1113 670 1200 708 Sex.
1225 669 1361 713 Statio,
1384 668 1535 720 negavi,
1556 676 1596 705 et
1615 668 1663 705 iis
1683 667 1845 720 probavi
1861 685 1875 712 ς

489 741 516 779 fi
548 740 698 792 equites
730 738 914 777 deductos
944 735 1104 775 moleste
1124 734 1237 779 feret,
1268 735 1459 787 accipiam
1477 732 1662 786 equidem
1683 733 1874 778 dolorem,

488 806 593 845 mihi
619 805 735 844 illum
762 804 886 849 irasci,
919 802 982 841 sed
1013 802 1144 841 multo
1174 802 1378 853 majorem,
1409 812 1489 838 non
1520 799 1593 838 esse
1621 811 1713 837 eum
1741 799 1874 845 talem,

487 873 645 926 qualem
666 871 870 924 putassem.
904 868 1010 908 Illud
1030 867 1194 921 quidem
1214 866 1402 905 fatebitur
1423 865 1616 918 ScaptiuS,
1647 877 1711 903 me
1724 865 1791 917 jus
1812 864 1875 902 di-

486 947 616 982 cente,
647 937 719 974 fibi
738 948 900 974 omnem
919 934 1128 988 pecuniam
1147 946 1196 971 ex
1215 931 1343 970 edicto
1362 944 1451 969 meo
1477 929 1678 968 auferendi
1706 929 1875 983 potesta-

485 1013 570 1042 tem
591 1001 717 1041 fuiffe.
749 1000 867 1040 Addo
887 1001 1005 1038 etiam
1026 998 1142 1043 illud,
1164 997 1270 1050 quod
1291 1009 1424 1035 vereor
1444 996 1519 1035 tibi
1539 995 1610 1049 ipfi
1630 1004 1673 1033 ut
1694 995 1875 1047 probem.

487 1069 704 1108 Confistere
723 1067 837 1106 usura
855 1066 1008 1111 debuit,
1030 1079 1117 1118 quae
1136 1074 1217 1102 erat
1236 1065 1278 1102 in
1297 1063 1425 1101 edieco
1445 1075 1559 1101 meo:
1592 1061 1786 1115 deponere
1803 1075 1875 1100 vo·

485 1135 649 1173 lebant:
680 1132 889 1186 impetravi
909 1132 957 1169 ab
978 1130 1199 1169 Salaminiis
1220 1138 1266 1168 ut
1286 1129 1453 1167 filerent.
1498 1127 1666 1166 Veniam
1694 1126 1756 1165 illi
1783 1129 1875 1178 qui-

485 1201 577 1240 dem
597 1199 700 1238 mihi
720 1198 939 1243 dederunt;
971 1196 1035 1235 sed
1055 1196 1153 1249 quid
1172 1197 1220 1234 iis
1241 1195 1324 1240 fiet,
1355 1195 1381 1233 fi
1411 1193 1491 1232 huc
1521 1193 1665 1231 Paulus
1691 1193 1841 1231 venerit
1860 1195 1873 1229 ?

486 1266 562 1305 Sed
583 1275 712 1304 totum
733 1264 810 1303 hoc
832 1265 955 1303 Bruto
974 1261 1079 1308 dedi,
1101 1262 1171 1315 qui
1192 1261 1239 1299 de
1258 1274 1322 1299 me
1342 1259 1389 1300 ad
1410 1268 1447 1298 te
1466 1257 1761 1298 humaniffimas
1782 1258 1874 1296 lite·

485 1345 544 1371 ras
567 1331 714 1384 scripsit
730 1349 742 1376 ;
774 1329 821 1368 ad
841 1343 904 1367 me
924 1337 1070 1373 autem,
1093 1328 1212 1366 etiam
1232 1340 1325 1365 cum
1347 1334 1456 1378 rogat
1476 1323 1642 1377 aliquid,
1664 1333 1874 1362 contuma-

485 1398 600 1442 citer,
622 1404 858 1448 arroganter,
878 1390 1098 1434 ἀκθινωνῆτως,
1118 1392 1214 1431 solet
1235 1392 1414 1430 scribere.
1446 1393 1513 1429 Tu
1535 1399 1667 1428 autem
1686 1389 1807 1427 velim
1827 1389 1874 1427 ad

484 1477 577 1503 eum
597 1461 739 1501 scribas
760 1461 808 1499 de
827 1460 889 1499 his
911 1459 1054 1504 rebus;
1087 1468 1132 1497 ut
1162 1458 1280 1497 sciam
1312 1471 1392 1510 quo
1422 1456 1542 1500 modo
1573 1455 1657 1494 haec
1677 1457 1843 1508 accipiat
1862 1471 1871 1493 :

483 1529 603 1569 facies
620 1529 727 1567 enim
748 1541 812 1566 me
831 1527 1053 1565 certiorem.
1086 1525 1220 1577 Atque
1241 1523 1318 1562 hoc
1339 1520 1603 1575 superioribus
1624 1521 1748 1559 literis
1768 1520 1816 1558 ad
1837 1530 1876 1559 te

483 1596 695 1648 diligenter
726 1580 1047 1647 perscripseram:
1080 1589 1144 1628 sed
1173 1590 1288 1642 plane
1316 1598 1354 1627 te
1375 1587 1597 1640 intelligere
1615 1585 1740 1632 volui,
1772 1585 1875 1624 mihi

482 1675 564 1700 non
584 1659 766 1699 excidisse
797 1658 912 1703 illud,
943 1655 1052 1709 quod
1083 1664 1127 1694 tu
1158 1655 1205 1694 ad
1237 1669 1301 1694 me
1330 1653 1567 1707 quibusdam
1594 1652 1719 1691 literis
1749 1651 1873 1706 scrip-

483 1727 611 1773 fiffes3
645 1726 670 1764 si
703 1724 806 1763 nihil
837 1723 944 1763 aliud
976 1722 1024 1761 de
1054 1722 1127 1761 hac
1154 1722 1370 1775 provincia,
1402 1720 1472 1758 nifi
1503 1720 1612 1758 illius
1634 1718 1872 1757 benevolen-

481 1795 594 1838 tiam,
617 1791 886 1845 deportaffem‚
908 1788 1011 1828 mihi
1031 1788 1071 1827 id
1092 1788 1180 1827 satis
1200 1787 1287 1827 effe.
1321 1787 1379 1825 Sit
1398 1786 1513 1830 sane;
1545 1785 1734 1838 quoniam
1756 1784 1809 1822 ita
1829 1794 1872 1823 tu

480 1861 566 1899 vis:
590 1859 652 1897 sed
674 1867 803 1896 tamen
824 1870 918 1896 cum
937 1869 984 1893 eo
1003 1854 1134 1899 credo,
1155 1854 1262 1906 quod
1284 1853 1361 1892 fine
1382 1860 1542 1905 peccato
1563 1863 1652 1889 meo
1672 1850 1753 1889 fiat.
1787 1851 1871 1903 Igi-

481 1934 548 1963 tur
568 1937 657 1963 meo
676 1922 833 1961 decreto
853 1922 1022 1960 solvatur
1041 1933 1090 1959 aes
1123 1919 1279 1972 Scaptio
1311 1918 1439 1956 statim
1459 1932 1467 1956 :
1500 1929 1621 1969 quam
1651 1916 1689 1954 id
1722 1917 1872 1955 rectum

482 1991 544 2035 fit,
576 1999 619 2027 tu
634 1988 832 2041 judicabis
851 2001 860 2025 :
895 2000 941 2025 ne
961 1985 1007 2023 ad
1029 1987 1223 2023 Catonem
1243 1984 1405 2036 quidem
1426 1981 1661 2036 provocabo.
1695 1981 1768 2019 Sed
1788 1981 1872 2020 noli

481 2069 547 2095 me
567 2063 702 2108 putare
721 2047 971 2100 ὲγκελεόσματκ
999 2051 1067 2089 illa
1099 2060 1164 2089 tua
1191 2049 1383 2102 abjeciffe,
1414 2063 1501 2102 quae
1529 2046 1629 2086 mihi
1651 2047 1691 2085 in
1712 2047 1871 2086 visceri·

481 2123 556 2161 bus
590 2120 754 2159 haerent.
801 2117 919 2156 Flens
954 2116 1055 2156 mihi
1090 2130 1217 2155 meam
1252 2115 1397 2154 samam
1431 2113 1727 2154 commendasti.
1772 2115 1872 2165 Qae

480 2186 642 2240 epistola
662 2194 728 2224 tua
746 2183 814 2228 est,
846 2183 887 2221 in
916 2196 994 2235 qua
1014 2183 1258 2222 mentionem
1280 2195 1358 2220 non
1380 2180 1497 2219 facias
1518 2181 1530 2217 Ρ
1566 2181 1701 2232 ltaque
1731 2179 1868 2216 irasca-

480 2264 547 2294 tur
577 2252 647 2306 qui
679 2251 799 2295 volet,
831 2250 981 2303 patiam
1015 2244 1128 2297 τῦγιὶρ
1156 2243 1188 2283 εὖ
1206 2243 1386 2296 μετ’ὲμὲε
1431 2245 1643 2300 pracsertim
1677 2259 1770 2283 cum
1807 2245 1870 2284 sex

481 2319 595 2359 libris
617 2327 802 2370 tanquam
824 2315 1019 2369 praedibus
1041 2327 1103 2352 me
1131 2312 1211 2366 ipse
1230 2312 1521 2357 obstrinxerim,
1552 2325 1651 2364 quos
1683 2311 1756 2349 tibi
1790 2321 1870 2349 tam

481 2385 592 2424 valde
613 2383 766 2436 probari
788 2381 952 2434 gaudeo.
998 2382 1032 2419 E
1062 2379 1209 2433 quibus
1241 2392 1365 2417 unum
1386 2376 1511 2428 ἱςψκὶν
1535 2377 1697 2429 requiris
1719 2375 1766 2414 de
1788 2378 1867 2415 Cn.

482 2451 634 2495 flavio,
654 2449 755 2487 Anci
779 2447 875 2486 filio.
910 2447 982 2486 Ille
998 2459 1089 2485 vero
1108 2455 1196 2484 ante
1219 2444 1473 2483 Decemviros
1496 2457 1573 2482 non
1598 2441 1696 2481 fuit:
1720 2442 1869 2496 quippe

481 2518 552 2571 qui
574 2515 716 2556 AEdilis
738 2514 886 2554 curulis
913 2513 1062 2561 fuerit,
1093 2513 1163 2566 qui
1196 2512 1439 2565 magistratus
1471 2509 1609 2549 multis
1641 2509 1753 2549 annis
1785 2507 1868 2562 post
