2243 3008
521 260 602 299 420
875 245 1565 286 EPISTOLARUM

523 345 831 399 Rempublicam
852 353 988 397 putem
1010 343 1176 396 pendere
1195 356 1216 381 e
1244 344 1395 389 Brut0;
1428 344 1479 382 fic
1510 344 1547 382 se
1576 357 1635 383 res
1664 343 1811 385 habet:
1842 355 1912 388 aut

522 412 632 450 nulla
651 412 739 456 erit,
770 420 837 449 aut
856 410 903 448 ab
925 409 995 448 isto
1016 409 1140 446 istisve
1162 408 1387 447 servabitur.
1427 409 1547 462 Qod
1567 423 1631 448 me
1650 409 1833 458 hortaris,
1864 421 1911 451 ut

523 477 707 530 scriptam
728 477 962 514 concionem
984 475 1140 511 mittam
1158 492 1170 518 ς
1193 474 1326 525 accipe
1346 487 1367 511 a
1387 487 1464 519 me,
1486 475 1543 513 mi
1563 475 1714 522 Attice,
1739 474 1912 520 καθολικὶν

521 540 670 591 θεώρημα
689 555 823 580 earum
844 554 988 585 rerum,
1019 541 1059 577 in
1081 537 1226 591 quibus
1248 538 1336 576 satis
1356 540 1560 578 exercitati
1580 541 1728 580 sumus.
1775 542 1912 580 Nemo

521 620 697 659 unquam
719 621 844 659 neque
864 615 992 659 poeta,
1023 617 1151 655 neque
1170 613 1314 648 orator,
1345 602 1438 649 fuit,
1468 605 1539 656 qui
1559 619 1800 659 quemquam
1821 620 1908 644 me-

521 674 660 712 liorem
681 687 799 726 quam
822 673 857 710 se
877 672 1142 709 arbitraretur.
1175 670 1268 707 Hoc
1288 670 1406 707 etiam
1428 670 1541 707 malis
1562 671 1789 723 contingit:
1812 671 1909 724 quid

521 749 564 777 tu
587 740 708 777 Bruto
729 749 857 791 putas,
888 746 927 774 et
947 735 1150 789 ingenioso
1170 745 1208 773 et
1228 735 1382 773 erudito
1401 736 1414 773 ?
1446 735 1494 773 de
1520 748 1601 787 quo
1620 737 1739 774 etiam
1758 738 1910 789 experti

520 805 653 843 sumus
685 817 810 857 nuper
839 805 879 841 in
911 802 1053 841 edicto.
1100 801 1334 854 Scripseram
1356 810 1493 854 rogatu
1516 810 1612 839 tuo:
1645 814 1779 839 meum
1805 802 1910 841 mihi

518 870 711 923 placebat,
742 869 804 907 illi
836 869 964 907 suum.
1011 868 1123 919 Qin
1154 867 1288 912 etiam,
1320 879 1414 905 cum
1444 866 1562 920 ipfius
1594 867 1778 919 precibus
1809 881 1911 920 pene

517 935 706 973 adductus
738 933 963 986 scripfiffem
995 933 1042 970 ad
1071 946 1163 970 eum
1193 932 1240 970 de
1269 933 1424 985 optimo
1453 945 1594 984 genere
1623 932 1795 978 dicendi,
1826 946 1908 972 non

517 1001 636 1039 modo
657 999 774 1045 mihi,
806 999 869 1037 sed
889 1000 1008 1037 etiam
1030 998 1121 1044 tibi,
1152 998 1315 1051 scripfit,
1342 998 1412 1037 fibi
1432 997 1548 1044 illud,
1570 998 1677 1050 quod
1697 997 1800 1036 mihi
1819 998 1909 1051 pla-

516 1076 634 1112 ceret,
666 1079 745 1104 non
777 1065 949 1118 probari.
994 1065 1125 1116 Qare
1152 1063 1231 1102 fine
1251 1064 1379 1117 quaeso
1400 1063 1471 1102 fibi
1491 1077 1690 1117 quemque
1710 1063 1904 1103 scribere:

515 1133 626 1170 Suam
661 1131 785 1184 cuique
803 1131 986 1184 sporfim,
1026 1129 1116 1168 mihi
1145 1143 1283 1174 meam;
1313 1131 1426 1183 suum
1458 1129 1582 1182 cuique
1613 1143 1779 1174 amorem,
1819 1129 1912 1169 mihi

513 1212 638 1236 meum.
671 1198 766 1236 Non
789 1197 909 1241 scite3
932 1195 1010 1234 hoc
1030 1196 1138 1234 enim
1158 1196 1344 1240 Attilius,
1366 1204 1481 1248 poeta
1499 1195 1739 1234 duriffimus.
1770 1197 1907 1248 Atque

514 1265 667 1302 utinam
697 1264 813 1302 liceat
847 1262 909 1300 isti
938 1262 1192 1307 concionari;
1225 1262 1290 1300 cui
1320 1261 1347 1299 fi
1377 1261 1449 1299 effe
1479 1261 1520 1299 in
1555 1261 1651 1300 urbe
1686 1271 1774 1300 tuto
1803 1261 1902 1299 lice-

515 1331 589 1376 bit,
620 1331 788 1368 vicimus
808 1344 817 1367 :
850 1328 992 1367 ducem
1012 1329 1119 1367 enim
1141 1328 1234 1366 novi
1264 1327 1359 1365 belli
1380 1328 1509 1365 civilis
1531 1337 1597 1365 aut
1626 1341 1744 1365 nemo
1765 1326 1903 1380 seque-

512 1405 592 1441 tur,
624 1405 689 1433 aut
711 1396 738 1433 ii
760 1394 984 1447 sequentur,
1016 1394 1086 1445 qui
1107 1392 1223 1431 facile
1243 1393 1465 1431 vincantur.
1509 1392 1638 1430 Venio
1658 1392 1705 1430 ad
1730 1393 1901 1432 tertiam.

514 1463 654 1500 Gratas
677 1459 787 1497 fuifi‘e
817 1471 920 1496 meas
951 1458 1082 1495 literas
1113 1459 1236 1496 Bruto
1265 1466 1304 1494 et
1334 1456 1461 1495 Caffio
1489 1457 1667 1508 gaudeo:
1701 1457 1832 1509 itaque
1852 1458 1901 1496 iis

513 1526 699 1579 rescripsi.
746 1525 866 1576 Qod
899 1525 1083 1561 Hirtium
1115 1536 1184 1575 per
1212 1536 1276 1560 me
1303 1522 1509 1560 meliorem
1536 1521 1620 1560 fieri
1651 1522 1819 1566 volunt;
1851 1523 1902 1561 do

511 1594 694 1646 equidem
715 1604 872 1644 operam
890 1609 901 1635 3
924 1599 963 1627 et
984 1589 1051 1627 ille
1071 1589 1223 1641 optime
1242 1588 1446 1642 loquitur:
1470 1587 1532 1626 sed
1553 1588 1651 1626 vivit
1671 1587 1903 1641 habitatque

511 1673 603 1697 cum
625 1658 762 1701 Balbo,
781 1657 850 1708 qui
871 1656 967 1693 item
989 1655 1087 1693 bene
1108 1655 1300 1707 loquitur.
1325 1654 1435 1705 Qid
1456 1654 1602 1699 credas,
1619 1653 1777 1692 videris.
1811 1654 1900 1692 Do-

509 1725 692 1764 labellam
713 1723 823 1762 valde
844 1722 994 1776 placere
1015 1721 1090 1759 tibi
1112 1721 1224 1758 video
1242 1739 1252 1765 ;
1285 1720 1386 1758 mihi
1407 1719 1569 1772 quidem
1589 1721 1757 1772 egregie.
1792 1721 1901 1758 Cum

511 1790 631 1829 Pansa
651 1789 732 1827 vixi
753 1789 793 1826 in
816 1788 1056 1840 Pompeiano
1075 1802 1083 1825 :
1112 1787 1144 1824 is
1165 1786 1279 1839 plane
1301 1785 1402 1823 mihi
1423 1785 1613 1838 probabat
1634 1785 1670 1823 se
1691 1785 1789 1823 bene
1810 1785 1899 1823 sen-

508 1858 596 1901 tire,
627 1865 666 1893 et
695 1868 837 1908 cupere
867 1867 1017 1906 pacem.
1065 1852 1232 1890 Causam
1261 1864 1461 1890 armorum
1490 1851 1610 1903 quaeri
1633 1851 1747 1903 plane
1767 1850 1896 1889 video.

510 1922 696 1960 Edictum
720 1920 832 1958 Bruti
852 1929 891 1957 et
913 1918 1028 1957 Caflii
1049 1918 1188 1970 probo.
1231 1917 1401 1969 Qaeris,
1433 1926 1477 1955 ut
1507 1917 1714 1969 suscipiam
1744 1916 1898 1968 cogita·

510 1988 675 2031 tionem,
706 1985 897 2037 quidnam
928 1983 1008 2021 istis
1040 1983 1236 2034 agendum
1271 1991 1434 2033 putem:
1480 1982 1639 2019 consilia
1671 1991 1897 2034 temporum

510 2053 598 2092 sunt
616 2071 627 2097 ;
660 2065 745 2104 quae
767 2051 806 2088 in
829 2049 941 2087 horas
963 2048 1199 2086 commutari
1220 2047 1342 2085 vich.
1386 2047 1603 2085 Dolabella:
1624 2057 1662 2086 et
1684 2048 1809 2100 prima
1829 2047 1900 2085 illa

507 2120 621 2163 actio,
653 2127 691 2156 et
722 2116 804 2154 haec
837 2125 973 2154 contra
1007 2115 1228 2152 Antonium
1259 2113 1414 2157 concio,
1447 2111 1548 2150 mihi
1578 2112 1781 2167 prosecifl‘e
1806 2126 1897 2165 per-

506 2185 682 2223 multum
703 2181 872 2220 videtur.
919 2179 1078 2219 Prorsus
1104 2180 1184 2217 ibat
1207 2191 1279 2217 res.
1327 2179 1449 2217 Nunc
1470 2188 1602 2217 autem
1622 2179 1801 2217 videmur
1822 2177 1894 2215 ha-

505 2251 628 2289 bituri
668 2249 809 2287 ducem
829 2267 838 2292 ;
885 2247 992 2299 quod
1031 2260 1156 2285 unum
1196 2244 1413 2296 municipia
1453 2244 1624 2297 bonique
1664 2243 1892 2283 desiderant.

506 2316 671 2370 Epicuri
693 2315 935 2352 mentionem
958 2312 1068 2357 facis,
1090 2321 1128 2351 et
1149 2312 1264 2350 audes
1286 2310 1429 2354 dicere,
1458 2308 1504 2355 pain
1526 2306 1749 2346 πολιτεύεσθαι
1768 2309 1780 2346 ?
1814 2322 1894 2347 non

505 2393 543 2422 te
577 2381 687 2420 Bruti
723 2379 838 2417 nostri
867 2379 1083 2416 vulticulus
1109 2377 1156 2415 ab
1178 2377 1245 2415 ista
1264 2377 1439 2414 oratione
1460 2375 1625 2413 deterret
1646 2375 1658 2411 ?
1691 2374 1893 2426 Qfilffls,

503 2459 547 2488 ut
579 2446 729 2490 scribis,
762 2445 929 2482 Antonii
961 2444 1014 2482 cst
1046 2444 1241 2482 dcxtclla:
1285 2455 1351 2495 per
1383 2455 1472 2479 cum
1511 2441 1645 2492 igitur,
1677 2440 1784 2492 quod
1818 2453 1890 2478 vo-

502 2516 645 2558 lemus,
676 2511 791 2551 facile
811 2509 1047 2549 auferemus.
1093 2511 1283 2562 Expecto,
1316 2508 1357 2553 fi,
1390 2517 1432 2546 ut
1455 2516 1583 2560 putas,
1615 2506 1664 2545 L.
1689 2505 1890 2545 Antonius
