2243 3008
518 289 625 328 AD
682 283 1112 325 ATTICUM
1181 285 1322 323 LIB.
1372 287 1445 324 VI.
1602 301 1674 340 159

295 390 391 429 Auli
411 389 489 434 lex,
510 388 575 440 jus
597 386 676 424 dici
697 386 743 424 de
763 386 817 424 ita
837 385 990 437 sumpta
1010 384 1174 436 pecunia
1193 400 1202 423 :
1225 384 1394 424 decrevit
1416 387 1536 438 igitur
1557 389 1674 426 Sena-

288 445 373 501 tus,
405 464 449 493 ut
475 455 540 506 jus
561 453 755 490 diceretur
774 465 821 490 ex
843 451 910 489 ista
931 450 1159 503 syngrapha.
1207 451 1328 489 Nunc
1357 452 1424 490 ista
1443 452 1559 492 habet
1574 456 1675 506 juris

294 521 414 565 idem,
445 518 552 571 quod
573 527 731 562 caeterae,
764 516 865 555 nihil
886 517 1088 569 praecipui.
1135 517 1249 561 Haec,
1280 530 1300 554 a
1323 531 1386 555 me
1406 518 1541 556 ordine
1562 519 1674 564 faeta,

295 596 392 640 puto
411 599 474 623 me
494 586 617 623 Bruto
637 584 923 636 probaturum;
955 583 1030 620 tibi
1051 581 1180 620 nescio
1195 601 1208 628 ³
1241 583 1385 621 Catoni
1409 593 1512 622 certe
1532 586 1674 637 proba-

296 653 361 690 bo.
406 651 478 689 Sed
492 652 576 704 jam
596 650 642 688 ad
664 660 701 689 te
721 649 849 702 ipsum
870 658 1052 687 revertor.
1090 648 1184 686 Ain’
1205 649 1378 695 tandem,
1410 651 1559 696 Attice,
1590 651 1675 689 lau-

296 718 406 755 dator
426 717 661 769 integritatis
683 725 720 754 et
741 715 941 767 elegantiae
962 713 1129 752 nostrae?
1158 714 1263 766 azfics
1291 730 1325 753 es
1353 715 1416 754 hoc
1444 731 1487 754 ex
1516 731 1574 755 ore
1601 726 1677 762 tuo,

295 784 427 835 inquit
448 783 617 827 Ennius,
649 791 692 819 ut
712 782 862 834 equites
884 780 1040 832 Scaptio
1060 779 1107 817 ad
1126 781 1333 832 pecuniam
1363 782 1579 834 cogendam
1608 783 1677 821 da-

297 863 393 894 rem,
417 862 480 887 me
500 862 630 901 rogare
649 849 662 885 ?
694 861 740 885 an
763 857 820 892 tu,
853 845 878 884 fi
899 859 1057 884 mecum
1077 845 1184 891 effes,
1205 848 1274 898 qui
1294 847 1430 886 scribis
1450 849 1618 887 morderi
1642 859 1679 887 te

296 915 495 952 interdum
516 913 622 966 quod
642 927 721 951 non
743 912 856 951 simul
877 912 939 957 fis,
961 921 1131 964 paterere
1151 925 1214 950 me
1235 912 1275 950 id
1295 912 1434 958 facere,
1456 914 1482 952 fi
1503 915 1645 953 vellem
1663 917 1676 952 ?

296 981 383 1018 Non
403 979 565 1032 amplius,
598 979 745 1031 inquis,
777 977 1051 1029 quinquaginta.
1084 978 1189 1014 Cum
1211 978 1392 1029 Spartaco
1413 980 1543 1017 minus
1561 980 1679 1018 multi

297 1046 426 1097 primo
447 1044 620 1082 fuerunt.
649 1043 757 1095 Qid
779 1043 935 1080 tandem
957 1042 1017 1080 isti
1034 1043 1125 1080 mali
1147 1043 1188 1080 in
1211 1052 1288 1080 tam
1307 1053 1434 1081 tenera
1455 1045 1579 1083 insula
1599 1059 1678 1083 non

296 1111 473 1149 fecissent
492 1112 505 1147 ?
536 1123 615 1147 non
650 1109 826 1147 fecissent
859 1118 988 1147 autem
1009 1110 1021 1146 ?
1057 1110 1184 1147 immo
1215 1109 1312 1162 quid
1345 1120 1434 1147 ante
1468 1111 1679 1149 adventurn

297 1189 429 1214 meum
453 1189 531 1213 non
553 1174 762 1213 fecerunt?
795 1174 998 1211 Inclusum
1030 1174 1069 1211 in
1102 1175 1210 1211 curia
1242 1176 1424 1212 Senatum
1457 1176 1679 1215 habuerunt

298 1241 555 1279 Salaminium
576 1241 630 1279 ita
649 1239 797 1278 multos
818 1239 914 1284 dies,
938 1248 982 1277 ut
1000 1239 1221 1277 interierint
1243 1241 1425 1278 nonnulli
1446 1241 1568 1280 fame:
1601 1253 1681 1281 erat

296 1308 403 1345 enim
425 1306 627 1359 praefec‘tus
649 1306 772 1359 Appii
794 1306 986 1358 Scaptius,
1017 1314 1056 1343 et
1087 1304 1255 1344 habebat
1287 1315 1433 1345 turmas
1461 1309 1507 1345 ab
1530 1309 1678 1360 Appio.

299 1373 345 1411 Id
374 1387 438 1411 me
467 1373 590 1425 igitur
610 1382 667 1417 tu,
699 1373 811 1424 cujus
841 1370 1067 1410 mehercule
1097 1385 1140 1410 os
1170 1371 1270 1410 mihi
1302 1382 1390 1410 ante
1419 1373 1554 1411 oculos
1585 1374 1682 1412 solet

299 1438 452 1483 versari,
483 1451 575 1476 cum
597 1437 644 1475 de
663 1437 796 1489 aliquo
816 1437 948 1475 officio
969 1450 1011 1474 ac
1033 1437 1146 1475 laude
1165 1437 1314 1490 cogito,
1337 1447 1379 1476 tu
1401 1452 1478 1484 me,
1501 1439 1680 1491 inquam,

299 1518 424 1556 rogas,
455 1502 657 1556 praefestus
680 1512 724 1541 ut
745 1503 922 1556 Scaptius
944 1502 1016 1540 fit?
1047 1504 1138 1540 alias
1159 1503 1235 1541 hoc
1255 1504 1522 1550 statueramus,
1546 1515 1589 1543 ut
1609 1520 1680 1544 ne—

300 1570 531 1620 gotiatorem
554 1569 782 1613 neminem,
813 1567 932 1619 idque
953 1568 1076 1605 Bruto
1102 1568 1415 1619 probaveramus.
1462 1570 1617 1608 Habeat
1648 1571 1680 1609 is

300 1646 447 1672 turmas
467 1636 479 1671 ?
511 1647 581 1671 cur
602 1634 748 1685 potius,
779 1646 896 1685 quam
917 1632 1096 1671 cohortes
1116 1635 1128 1671 ?
1160 1633 1319 1686 sumptu
1341 1635 1425 1686 jam
1445 1649 1564 1688 nepos
1591 1650 1680 1674 eva-

301 1701 359 1738 dit
391 1701 600 1752 Scaptius?
634 1699 800 1744 Volunt,
832 1699 979 1751 inquis,
1011 1699 1221 1751 principes.
1268 1700 1382 1744 Scio;
1416 1714 1505 1739 nam
1538 1701 1586 1739 ad
1618 1716 1682 1740 me

301 1765 504 1818 Ephesum
526 1765 645 1816 usque
665 1774 883 1809 venerunt3
915 1765 1125 1817 flentesque
1146 1766 1326 1817 equitum
1348 1765 1487 1805 scelera
1506 1777 1543 1805 et
1564 1767 1681 1806 mise-

301 1834 373 1870 rias
395 1831 476 1869 suas
499 1831 738 1868 detulerunt.
786 1831 922 1883 Itaque
952 1829 1081 1869 statim
1112 1830 1200 1868 dedi
1229 1831 1374 1876 literas,
1407 1842 1449 1870 ut
1479 1846 1525 1870 ex
1548 1833 1682 1885 Cypro

301 1898 451 1950 equites
473 1907 560 1935 ante
581 1906 726 1935 certam
747 1896 851 1934 diem
872 1896 1100 1935 decederent
1119 1912 1127 1934 :
1152 1898 1202 1935 ob
1222 1911 1386 1950 eamque
1407 1897 1572 1943 causam,
1596 1908 1682 1937 tum

301 1965 352 2001 ob
374 1973 541 2008 caeteras,
575 1963 774 2001 Salaminii
804 1976 873 2000 nos
903 1963 944 2001 in
971 1962 1113 2001 caelum
1142 1962 1306 2001 decretis
1334 1963 1410 2001 suis
1432 1963 1680 2003 sustulerunt.

303 2029 375 2066 Sed
401 2030 483 2081 jam
516 2028 612 2080 quid
644 2042 742 2081 opus
773 2029 983 2081 equitatu?
1016 2028 1170 2067 solvunt
1203 2030 1309 2066 enim
1345 2029 1572 2068 Salaminii:
1613 2030 1683 2067 nisi

303 2094 404 2132 forte
424 2094 464 2132 id
486 2095 667 2132 volumus
689 2095 804 2132 armis
825 2094 991 2140 efficere,
1024 2103 1066 2132 ut
1095 2093 1225 2132 foenus
1247 2095 1444 2147 quaternis
1465 2095 1683 2133 centesimis

303 2161 460 2199 ducant.
509 2162 562 2199 Et
582 2175 653 2213 ego
673 2161 824 2199 audebo
845 2160 971 2213 legere
992 2174 1182 2213 unquam,
1213 2171 1277 2198 aut
1299 2161 1502 2212 attingere,
1533 2174 1597 2198 eos
1629 2161 1682 2198 li-

305 2226 408 2271 bros,
431 2240 527 2278 quos
550 2238 592 2264 tu
613 2226 801 2272 dilaudas,
829 2227 855 2264 fi
878 2227 952 2264 tale
972 2227 1068 2278 quid
1088 2225 1216 2264 fecero
1237 2227 1248 2263 ?
1281 2226 1431 2271 Nimis,
1453 2225 1586 2271 nimis,
1619 2227 1682 2264 in-

305 2305 438 2343 quam,
467 2292 508 2330 in
530 2292 601 2330 isto
622 2293 790 2331 Brutum
810 2292 957 2337 amasti,
989 2291 1206 2330 dulciffirne
1227 2291 1361 2329 Attice
1380 2306 1388 2328 :
1421 2305 1507 2336 nos,
1536 2306 1684 2338 vereor,

306 2370 354 2393 ne
375 2370 526 2408 parum.
572 2359 705 2410 Atque
725 2357 822 2403 haec,
855 2357 983 2410 scripsi
1004 2371 1078 2410 ego
1097 2357 1143 2396 ad
1164 2358 1347 2402 Brutum,
1378 2357 1560 2409 scripsisse
1580 2367 1617 2395 te
1637 2358 1685 2396 ad

307 2436 384 2459 me.
432 2423 632 2474 Cognosce
662 2437 767 2462 nunc
788 2426 940 2463 caetera.'
986 2424 1060 2462 Pro
1081 2425 1214 2477 Appio
1234 2437 1304 2462 nos
1324 2423 1391 2462 hic
1411 2424 1544 2462 omnia
1562 2423 1683 2462 facie-

307 2500 394 2525 mus
413 2506 424 2532 ;
457 2486 613 2525 honeste
648 2498 792 2534 tamen,
835 2490 897 2529 sed
929 2490 1042 2542 plane
1075 2491 1272 2535 libenter;
1315 2503 1386 2528 nec
1418 2491 1524 2528 enim
1555 2489 1684 2541 ipsum

307 2553 461 2592 odimus
479 2572 490 2599 3
532 2562 570 2591 et
604 2553 774 2592 Brutum
806 2568 1009 2601 amamus,
1052 2565 1090 2594 et
1125 2556 1335 2608 Pompeius
1369 2554 1534 2594 mirifice
1567 2567 1588 2592 a
1621 2567 1686 2592 me
