2243 3008
588 234 694 272 AD
753 234 1182 273 ATTICUM
1251 237 1391 277 LIB.
1444 240 1536 279 VII.
1684 243 1757 295 185

371 332 518 372 fiamus.
565 332 685 384 Qod
716 333 871 384 quaeris,
903 345 1025 386 ecqua
1049 334 1131 386 spes
1152 335 1435 387 pacificationis
1457 339 1528 376 fit:
1563 349 1756 392 quantum

371 411 419 436 ex
450 397 630 450 Pompeii
661 397 791 435 multo
825 406 864 435 et
893 408 1074 437 accurato
1107 399 1283 438 sermone
1312 401 1503 453 perspexi,
1535 417 1581 441 ne
1612 406 1753 443 volun-

372 471 429 500 tas
462 462 623 515 quidem
654 462 722 500 est.
770 462 832 500 Sic
856 464 962 502 enim
983 464 1193 510 existimat,
1226 465 1252 503 fi
1272 465 1355 510 ille,
1386 466 1447 503 vel
1469 467 1622 506 dimisso
1643 483 1753 508 exer-

368 527 452 566 citu
473 527 622 566 Consul
650 527 773 566 faetus
802 528 862 573 fit,
892 524 1047 575 ov'ywi
1067 525 1121 571 τῆς
1139 525 1316 568 πολιτείαις
1346 530 1457 570 fore:
1490 541 1605 584 atque
1637 535 1756 572 etiam

366 602 480 645 putat
512 607 619 638 eum,
661 606 755 632 cum
786 593 953 632 audierit
987 602 1124 632 contra
1157 593 1193 631 se
1227 595 1438 648 diligenter
1471 598 1610 649 parari,
1643 600 1753 636 Con-

366 657 538 697 sulatum
557 657 634 698 hoc
655 671 757 698 anno
783 659 1070 711 neglecturum,
1101 672 1144 697 ac
1175 661 1307 712 potius
1340 662 1558 700 exercitum
1592 665 1753 715 provin-

364 723 546 777 ciamque
562 733 820 763 retenturum.
854 725 920 762 Sin
938 733 1069 762 autem
1089 724 1157 762 ille
1176 724 1337 772 fureret,
1352 725 1604 765 vehementer
1619 727 1752 766 homi—

366 803 459 827 nem
489 789 796 835 contemnebat5
828 799 867 828 et
897 789 975 827 suis
1007 798 1045 828 et
1077 790 1324 843 Reipublicae
1356 792 1481 844 copiis
1514 793 1750 832 confidebat.

366 855 477 907 Qid
497 856 637 908 quaeris
657 857 670 892 ?
701 855 768 894 etfi
789 855 891 893 mihi
912 854 1050 894 crebro
1069 851 1152 903 ξυνὶς
1172 852 1321 895 ἐνυάλιος
1339 858 1568 896 occurrebat
1587 878 1596 903 ;
1621 868 1752 897 tamen

365 920 518 959 levabar
538 934 643 966 cura,
674 921 804 959 virum
835 919 980 958 fortem
1011 930 1051 958 et
1078 920 1267 973 peritum,
1298 931 1336 960 et
1367 922 1587 975 plurimum
1615 926 1749 962 aueto-

365 987 478 1024 ritate
510 987 718 1032 valentem,
750 986 910 1024 audiens
941 982 1128 1024 πολιτυιῶς
1159 985 1206 1023 de
1237 987 1342 1039 pacis
1373 986 1560 1027 sim'ulatae
1592 990 1749 1042 pericu-

363 1052 412 1090 lis
434 1052 693 1090 differentem.
740 1052 996 1090 Habebamus
1027 1060 1158 1090 autem
1187 1052 1228 1090 in
1258 1054 1440 1092 manibus
1462 1056 1631 1093 Antonii
1651 1069 1749 1094 con-

363 1117 535 1161 cionem,
567 1116 743 1154 habitam
777 1130 803 1154 x
837 1116 926 1154 Kal.
951 1117 1109 1167 Januar.
1144 1117 1185 1153 in
1213 1130 1289 1168 qua
1309 1129 1388 1157 erat
1413 1119 1605 1158 accusatio
1627 1121 1749 1158 Pom-

362 1182 441 1234 peii
462 1181 583 1233 usque
602 1195 623 1219 a
643 1191 734 1234 toga
754 1194 864 1234 pura,
896 1181 1052 1233 querela
1071 1180 1118 1218 de
1139 1180 1347 1228 damnatis,
1379 1193 1501 1222 terror
1520 1198 1718 1224 armorum
1738 1201 1746 1223 :

362 1261 404 1285 ιη
424 1247 569 1299 quibus
590 1247 673 1292 ille,
706 1246 816 1298 Qid
837 1246 982 1291 cense8‚
1014 1245 1154 1291 aiebat,
1186 1245 1382 1285 facturum
1402 1248 1474 1287 effe
1495 1249 1637 1302 ipsum,
1660 1251 1685 1288 fi
1708 1252 1750 1288 in

361 1312 629 1366 poffeffionem
661 1313 910 1366 Reipublicae
939 1312 1102 1357 venerit,
1134 1325 1227 1350 cum
1258 1311 1342 1351 haec
1363 1314 1541 1366 Qaestor
1571 1317 1654 1367 ejus
1685 1317 1748 1354 in-

361 1379 499 1419 firmus
520 1389 559 1418 et
588 1380 702 1432 inops
728 1379 867 1417 audeat
892 1378 1052 1416 dicere?
1085 1377 1197 1430 Qid
1226 1379 1382 1417 multa?
1414 1394 1493 1418 non
1520 1381 1640 1420 modo
1669 1395 1748 1420 non

361 1455 543 1498 expetere
562 1458 699 1498 pacem
720 1444 845 1490 istam,
877 1443 941 1482 sed
960 1444 1080 1482 etiam
1100 1443 1253 1489 timere,
1284 1444 1386 1483 visus
1407 1444 1474 1484 est.
1508 1447 1570 1485 Ex
1591 1447 1659 1484 illa
1679 1461 1748 1485 au-

362 1520 443 1550 tem
464 1511 667 1555 sententia,
689 1511 745 1548 ira
764 1509 1030 1562 relinquendae
1051 1509 1158 1548 urbis
1180 1520 1312 1549 movet
1331 1510 1551 1557 hominem,
1570 1521 1614 1551 ut
1633 1523 1746 1566 puto.

361 1576 473 1614 Mihi
507 1585 638 1614 autern
672 1575 983 1613 molestiffimum
1015 1574 1082 1619 est,
1125 1575 1233 1627 quod
1263 1576 1437 1614 solvendi
1472 1577 1561 1616 sunt
1593 1580 1749 1616 nummi

362 1642 518 1687 Caesari‚
549 1651 587 1680 et
607 1641 912 1679 instrumentum
934 1639 1129 1692 triumphi
1150 1654 1195 1678 eo
1214 1641 1499 1680 conferendum
1517 1658 1526 1682 ε
1557 1643 1610 1681 est
1641 1645 1750 1683 enim

360 1704 519 1756 ἄμορφεν,
546 1700 835 1753 ἀντιπολῖἲευεμὲνκ
852 1700 1094 1756 &avehi-lm
1113 1705 1199 1744 effe.
1244 1705 1316 1744 Sed
1345 1706 1429 1746 haec
1457 1716 1496 1746 et
1522 1708 1648 1746 multa
1674 1709 1748 1746 alia

358 1783 506 1810 coram.

694 1972 936 2010 CICERO
977 1973 1232 2011 ATT1co
1274 1974 1404 2012 SAL.

359 2100 433 2141 IX.
550 2101 588 2139 U
604 2101 641 2139 O
656 2101 694 2139 T
709 2101 728 2139 I
744 2100 817 2139 DI
835 2100 939 2140 E-N
955 2101 1005 2146 E,
1047 2100 1195 2154 inquis,
1238 2114 1258 2139 a
1290 2110 1327 2140 te
1358 2101 1592 2154 accipiendae
1624 2102 1744 2142 literae

556 2166 674 2205 sunt?
697 2166 736 2203 Si
755 2165 910 2204 habebo
930 2166 996 2204 cui
1017 2165 1121 2212 dem,
1143 2167 1335 2219 quotidie.
1368 2168 1423 2204 At
1438 2168 1521 2218 jam
1543 2167 1622 2219 ipse
1638 2168 1741 2208 ades.

359 2233 470 2270 Tum
490 2231 628 2284 igitur,
658 2244 752 2271 cum
770 2244 926 2276 venero,
958 2231 1144 2270 definam.
1178 2233 1285 2270 Unas
1307 2231 1419 2269 video
1443 2231 1544 2269 mihi
1565 2246 1586 2269 a
1607 2242 1643 2270 te
1663 2247 1743 2271 non

359 2296 432 2333 effe
452 2296 617 2336 redditas
633 2315 646 2342 3
669 2309 764 2350 quas
786 2297 836 2335 L.
859 2296 1052 2348 Qintius
1073 2296 1277 2335 familiaris
1299 2309 1407 2334 meus
1429 2310 1521 2334 cum
1543 2295 1673 2342 ferret,
1696 2297 1742 2335 ad

361 2360 518 2399 bustum
539 2363 653 2401 Bafili
672 2363 897 2401 vulneratus
916 2371 955 2400 et
976 2362 1211 2415 despoliatus
1232 2361 1298 2400 est.
1318 2362 1482 2400 Videbis
1504 2363 1626 2415 igitur
1646 2376 1742 2400 num

360 2425 457 2479 quid
481 2425 600 2464 fuerit
631 2428 671 2464 in
703 2427 782 2473 his,
813 2428 919 2481 quod
951 2441 1014 2466 me
1047 2428 1142 2466 scire
1173 2440 1271 2480 opus
1304 2427 1377 2473 (ιτς
1409 2437 1447 2466 et
1468 2428 1582 2466 fimul
1605 2437 1646 2465 tu
1666 2427 1744 2465 hoc

359 2486 569 2539 ὃιίυκρινῆο-ετς
588 2489 777 2540 πρόςλημοι
807 2493 892 2532 sane
923 2492 1121 2533 wan-miv:
1154 2507 1246 2533 curn
1268 2493 1312 2532 sit
1333 2493 1493 2539 necesse,
1525 2502 1589 2531 aut
1609 2491 1743 2530 haberi

443 2556 575 2594 Tom.
607 2554 725 2594 VIII.
1360 2559 1394 2595 A
1425 2570 1444 2594 a
