2243 3008
529 223 609 262 412
880 213 1573 254 EPISTOLARUM

875 445 1118 484 Crcssno
1159 444 1415 482 ATTlco
1457 444 1587 483 SAL.

539 573 631 612 XV.
658 572 722 645 E
736 573 765 611 P
779 574 795 611 I
809 573 1023 612 STOLA
1052 570 1195 615 brevis,
1225 584 1312 622 quae
1332 569 1461 623 postea
1480 584 1501 608 a
1521 579 1559 609 te
1580 571 1721 624 scripta
1739 570 1807 616 est,
1838 571 1928 609 sane

753 637 855 676 mihi
886 636 966 676 fuit
990 635 1182 689 jucunda.
1229 636 1292 673 De
1323 635 1436 673 Bruti
1467 634 1514 672 ad
1541 636 1781 681 Antonium,
1811 646 1850 674 et
1879 636 1928 674 de

538 704 710 757 ejusdem
732 703 778 741 ad
800 712 836 740 te
857 702 996 747 literis,
1029 701 1132 754 posse
1151 700 1335 739 videntur
1357 699 1430 738 effe
1451 700 1628 746 meliora,
1659 713 1780 753 quam
1799 700 1931 739 adhuc

540 770 727 808 fuerunt:
761 767 824 806 sed
846 767 960 806 nobis
982 767 1051 806 ubi
1072 767 1207 812 fimus,
1237 776 1277 804 et
1305 780 1386 819 quo
1410 766 1494 818 jam
1520 779 1625 805 nunc
1648 779 1718 804 nos
1747 765 1928 804 confera-

540 849 644 881 mus,
674 833 963 888 providendum
983 833 1051 872 est.
1085 833 1121 871 O
1144 831 1359 870 mirificum
1382 831 1633 870 Dolabellam
1655 845 1790 870 meum
1809 831 1818 868 !
1844 832 1930 883 jam

540 902 648 939 enim
669 900 758 938 dico
779 913 913 937 meum
929 917 942 944 ;
965 907 1090 944 antea,
1111 897 1226 936 crede
1245 895 1362 941 mihi,
1385 896 1704 935 subdubitabam.
1737 897 1932 949 Magnam

538 963 749 1019 ἀναθεώρησιν
768 978 827 1003 res
847 963 965 1002 habet
982 979 990 1002 :
1023 963 1071 1002 de
1090 963 1206 1008 saxO;
1238 963 1280 1001 in
1300 975 1458 1000 crucem
1474 981 1485 1008 3
1518 963 1747 1000 columnam
1768 962 1905 1000 tollere
1916 980 1930 1007 ;

541 1033 676 1071 locum
697 1031 814 1070 illum
836 1030 1086 1069 sternendum
1106 1029 1249 1067 locare.
1292 1028 1402 1080 Qid
1427 1029 1568 1081 quaeris
1588 1029 1601 1067 ?
1632 1027 1816 1067 heroica:
1850 1027 1932 1066 sus-

542 1097 670 1137 tulisse
690 1096 793 1136 mihi
812 1096 967 1135 videtur
986 1095 1277 1135 fimulationem
1297 1093 1487 1139 defiderii,
1505 1093 1633 1133 adhuc
1650 1108 1737 1147 quae
1758 1093 1934 1146 serpebat

542 1164 583 1202 in
605 1163 702 1209 dies,
733 1172 772 1201 et
793 1163 1018 1208 inveterata,
1048 1161 1220 1206 verebar,
1252 1174 1300 1198 ne
1320 1160 1536 1213 periculosa
1556 1160 1695 1199 nostris
1721 1170 1934 1211 tyrannoc-

543 1229 648 1268 tonis
681 1227 785 1267 effet.
832 1229 955 1267 Nunc
981 1227 1137 1281 prorsus
1165 1225 1344 1265 affentior
1365 1225 1443 1264 tuis
1464 1226 1604 1271 literis,
1636 1225 1825 1278 speroque
1845 1238 1933 1263 me-

543 1296 666 1334 liora:
699 1308 926 1347 quanquam
946 1293 1036 1332 istos
1057 1293 1157 1332 ferre
1178 1306 1257 1330 non
1287 1292 1454 1344 poss'um,
1487 1292 1572 1344 qui,
1603 1291 1700 1330 dum
1729 1291 1765 1330 se
1795 1304 1934 1344 pacem

543 1361 644 1399 velle
664 1361 863 1405 simulant,
894 1363 974 1398 acta
994 1358 1140 1397 nefaria
1159 1357 1393 1396 defendunt.
1430 1357 1502 1394 Sed
1525 1370 1603 1395 non
1625 1357 1781 1410 poss‘unt
1801 1357 1937 1395 omnia

545 1426 675 1465 simul.
713 1426 862 1479 Incipit
882 1439 940 1465 res
961 1425 1104 1464 melius
1125 1424 1195 1468 ire,
1226 1436 1346 1475 quam
1365 1432 1543 1475 putaram
1562 1437 1571 1460 :
1605 1436 1676 1460 nec
1697 1435 1788 1460 vero
1807 1422 1934 1461 disce-

544 1493 650 1538 dam,
682 1492 751 1531 nis1
772 1505 865 1530 curn
888 1501 930 1529 tu
951 1504 1015 1528 me
1040 1490 1080 1527 id
1111 1488 1270 1527 honeste
1301 1487 1458 1540 putabis
1490 1486 1616 1525 facere
1648 1487 1765 1539 poffe.
1812 1488 1937 1526 Bruto

545 1568 649 1598 certe
670 1571 758 1596 meo
779 1555 891 1594 nullo
912 1556 1001 1594 loco
1021 1554 1163 1599 deero3
1197 1552 1316 1605 idque
1335 1552 1454 1590 etiam
1477 1551 1504 1589 sl
1533 1551 1636 1590 mihi
1656 1565 1749 1590 cum
1770 1552 1842 1590 illo
1871 1553 1937 1591 ni·

545 1625 604 1664 hil
632 1623 777 1668 fuisset,
809 1621 977 1660 facerem
1008 1629 1168 1673 propter
1199 1619 1282 1671 ejus
1315 1617 1549 1669 singularem
1582 1617 1938 1671 incredibilemque

546 1692 750 1730 virtutem.
797 1687 906 1725 Piliae
938 1686 1072 1725 nostrae
1103 1684 1238 1724 villam
1269 1693 1408 1728 totam,
1440 1696 1606 1735 quaeque
1637 1683 1677 1720 in
1706 1683 1800 1721 villa
1830 1683 1937 1729 sunt,

548 1757 671 1802 trado,
699 1756 738 1793 in
762 1754 1049 1807 Pompeianum
1069 1751 1150 1806 ipse
1171 1749 1420 1804 proficiscens
1442 1748 1610 1788 Kalend.
1635 1749 1770 1788 Maiis.
1847 1763 1939 1788 uam

546 1824 667 1864 velim
689 1823 812 1861 Bruto
832 1819 1072 1875 persuadeas,
1104 1828 1148 1857 ut
1170 1817 1318 1856 Asturae
1339 1815 1399 1854 sit.

889 2022 1131 2061 CicERo
1173 2022 1427 2058 Αττιςο
1470 2019 1601 2058 SAL.

550 2155 664 2195 XVI.
779 2151 1002 2191 UINTO
1034 2149 1145 2188 Non.
1169 2149 1431 2188 conscendens
1453 2148 1501 2186 ab
1523 2146 1647 2185 hortis
1671 2147 1874 2185 Cluvianis
1896 2148 1937 2185 in

785 2217 988 2271 phaselum
1008 2216 1219 2270 epicopum
1240 2215 1308 2253 has
1330 2215 1417 2252 dedi
1441 2214 1584 2257 literas,
1602 2226 1694 2250 cum
1719 2212 1826 2250 Pili-„r
1850 2213 1939 2250 nos-

552 2297 617 2325 tra:
639 2286 775 2324 villam
795 2284 841 2322 ad
863 2283 1101 2327 Lucrinum,
1133 2280 1362 2332 villicosquc
1383 2290 1420 2317 et
1443 2288 1726 2332 procuratores,
1759 2277 1940 2316 tradidis-

550 2353 646 2391 sem.
695 2350 777 2403 lpse
808 2359 937 2387 autem
968 2363 1014 2386 eo
1034 2348 1096 2386 die
1123 2348 1164 2385 in
1189 2347 1281 2385 Pasti
1304 2345 1421 2384 nostri
1444 2343 1728 2396 tyrotarichum
1752 2344 1942 2382 imminc-

552 2418 672 2462 bam5
706 2415 906 2469 perpaucis
929 2413 1066 2451 diebus
1090 2414 1128 2451 in
1155 2413 1437 2465 Pompeianum
1458 2426 1465 2448 ε
1502 2409 1582 2462 post
1615 2410 1653 2447 in
1687 2408 1768 2447 haec
1793 2409 1939 2447 Puteo-

552 2485 639 2523 lana
672 2493 710 2522 et
747 2484 927 2521 Cumana
960 2493 1078 2533 regna
1110 2479 1350 2531 renavigare.
1398 2479 1434 2516 O
1469 2477 1553 2516 loc-1
1588 2476 1800 2528 caetcroqui
1833 2474 1942 2514 valde
