2243 3008
753 288 859 327 AD
919 287 1349 327 ATTIcUM
1417 289 1557 328 ΜΒ.
1610 291 1643 329 1.
1869 307 1889 345 3

505 386 662 426 nititur.
706 386 984 425 Demonstravi
1012 386 1096 426 haec
1123 387 1314 425 Caecilio:
1348 388 1462 426 fimul
1489 398 1528 426 et
1548 389 1649 428 illud
1669 390 1831 436 ostendi,
1848 392 1889 430 vs1

504 452 585 506 ipse
607 466 706 491 unus
727 466 820 491 cum
841 453 912 491 illo
933 467 1012 491 uno
1033 453 1300 499 contenderet,
1328 467 1395 491 me
1415 455 1449 506 ei
1478 455 1762 494 satisfacturum
1790 456 1888 494 fuis-

505 518 541 556 se
559 533 568 556 :
601 532 706 556 nunc
728 518 768 556 in
789 518 900 556 causa
919 519 1187 557 universorum
1208 519 1462 564 creditorum,
1495 519 1705 559 hominum
1731 522 1886 573 praeser-

504 582 578 620 tim
597 582 940 635 ampliffimorum,
973 583 1043 635 qui
1070 583 1147 620 fine
1177 596 1236 628 eo,
1269 597 1387 636 quem
1421 584 1604 622 Caecilius
1633 585 1700 622 suo
1727 586 1887 623 nomine

503 647 741 700 perhiberet,
791 647 906 686 facile
951 648 1103 686 causam
1142 661 1398 687 communem
1437 648 1679 695 sustinerent,
1729 664 1886 702 :equum

501 713 589 758 ess‘e,
620 727 711 751 eum
732 722 770 751 et
790 714 922 752 officio
949 727 1038 751 meo
1067 713 1282 759 consulere,
1313 724 1352 752 et
1374 714 1555 767 tempori.
1604 715 1753 753 Durius
1781 716 1885 753 acci-

502 792 593 831 pere
613 778 689 817 hoc
710 778 812 817 mihi
832 779 933 817 visus
954 779 1022 824 est,
1052 793 1171 831 quam
1201 779 1360 826 vellem,
1389 789 1429 818 et
1449 793 1568 832 quam
1588 779 1769 818 homines
1792 781 1887 818 belli

502 844 655 891 solent,
687 855 726 884 et
753 845 881 897 postea
907 845 1062 898 prorsus
1087 845 1134 883 ab
1155 846 1332 884 instituta
1352 846 1476 884 nostra
1496 859 1711 898 paucorum
1732 847 1885 884 dierum

500 910 784 950 consuetudine
810 911 928 963 longe
959 910 1119 963 refugit.
1166 911 1251 949 Abs
1274 921 1311 950 te
1330 921 1437 964 peto,
1469 921 1513 949 ut
1533 910 1636 949 mihi
1654 910 1731 949 hoc
1753 911 1884 964 ignos—

502 990 580 1022 cas,
612 986 651 1014 et
682 991 745 1015 me
775 977 970 1016 existimes
1002 976 1247 1015 humanitate
1278 977 1350 1016 effe
1376 976 1640 1030 prohibitum,
1672 991 1721 1015 ne
1751 987 1887 1015 contra

501 1043 619 1081 amici
653 1043 846 1082 summam
877 1042 1205 1081 existimationem
1238 1044 1457 1082 miserrimo
1490 1044 1573 1094 ejus
1609 1052 1785 1096 tempore
1818 1057 1885 1080 ve-

501 1109 656 1153 nirem;
688 1122 782 1146 cum
813 1108 845 1145 is
876 1109 1010 1146 omnia
1038 1109 1103 1145 sua
1131 1108 1255 1146 studia
1283 1119 1321 1147 et
1340 1109 1471 1147 officia
1501 1109 1542 1146 in
1562 1121 1626 1146 me
1645 1109 1881 1147 contuliffet.

500 1174 623 1225 Qod
644 1174 669 1212 fi
691 1174 795 1212 voles
816 1174 857 1212 in
879 1187 942 1212 me
961 1173 1033 1212 effe
1053 1173 1200 1218 durior,
1227 1175 1487 1211 ambitionem
1508 1174 1662 1226 putabis
1688 1174 1789 1212 mihi
1810 1175 1883 1212 ob-

499 1239 645 1278 stitiffe.
679 1240 766 1292 Ego
786 1249 918 1277 autern
937 1240 1119 1284 arbitror,
1140 1240 1258 1277 etiam
1280 1240 1305 1277 fi
1326 1239 1366 1277 id
1387 1239 1447 1284 fit,
1478 1238 1581 1277 mihi
1602 1239 1885 1291 ignoscendum

498 1305 573 1344 effe
588 1323 601 1349 5
633 1298 699 1339 ἐπεὶ
719 1301 778 1348 «ἔχ’
795 1300 894 1357 legitor
911 1298 965 1339 ὲὸε
986 1299 1094 1345 βοείην.
1138 1304 1258 1343 Vides
1285 1305 1407 1349 enirn,
1439 1304 1480 1342 in
1501 1317 1581 1357 quo
1601 1303 1713 1341 cursu
1737 1303 1883 1348 sumus,

500 1379 540 1408 et
559 1383 677 1422 quam
697 1382 834 1407 omnes
854 1369 995 1420 gratias
1017 1383 1094 1407 non
1117 1370 1236 1408 modo
1257 1370 1491 1414 retinendas,
1522 1383 1659 1406 verum
1679 1369 1797 1407 etiam
1819 1384 1883 1407 ac-

500 1435 725 1489 quirendas,
757 1444 956 1488 putemus.
1004 1437 1121 1487 Spero
1154 1436 1229 1474 tibi
1260 1451 1323 1474 me
1354 1435 1506 1474 causam
1535 1434 1734 1487 probaffe;
1767 1435 1886 1487 cupio

499 1501 662 1553 quidem
682 1510 799 1539 certe.
833 1500 1104 1539 Hermathena
1125 1511 1189 1539 tua
1209 1501 1319 1539 valde
1339 1515 1403 1539 me
1423 1500 1600 1544 delectat,
1632 1510 1670 1537 et
1692 1500 1812 1552 polita
1832 1501 1885 1537 ita

501 1568 604 1605 belle
624 1566 691 1611 est,
710 1576 754 1604 ut
775 1576 904 1605 toturn
924 1567 1171 1619 gymnafium
1190 1564 1264 1607 ἡλιέ
1280 1562 1435 1615 ἀνάθημα.
1455 1566 1526 1604 effe
1545 1565 1734 1604 videatur.
1767 1566 1882 1604 Mul-

499 1642 586 1670 tum
608 1641 646 1669 te
666 1645 855 1670 amamus.
886 1631 998 1670 Vale.

837 1832 1080 1870 C1ceRo
1121 1830 1376 1868 ATT1co
1418 1831 1548 1869 SAL.

502 1962 555 1999 11.
580 1958 690 2031 LU
704 1960 736 1997 C
750 1960 767 1997 1
781 1960 818 1997 O
839 1958 950 2010 julio
971 1959 1131 2003 Caesare,
1155 1960 1203 1997 C.
1224 1958 1379 1996 Marcio
1401 1957 1546 2010 Figulo
1566 1959 1656 1997 coff.
1675 1958 1801 1997 filiolo
1821 1972 1885 1998 me

678 2027 835 2064 austum
857 2025 968 2070 scito,
991 2025 1090 2063 salva
1110 2025 1310 2063 Terentia.
1357 2024 1440 2062 Abs
1463 2034 1500 2063 te
1522 2035 1601 2063 tarn
1621 2025 1688 2063 diu
1709 2025 1811 2064 nihil
1832 2025 1885 2063 li-

501 2092 697 2130 terarum?
721 2093 809 2144 Ego
829 2091 876 2128 de
896 2091 994 2129 meis
1015 2090 1062 2128 ad
1083 2099 1120 2128 te
1142 2090 1358 2128 rationibus
1379 2089 1510 2143 scripfi
1530 2100 1640 2129 antea
1659 2090 1884 2143 diligenter.

459 2152 462 2154 v
499 2158 593 2196 Hoc
633 2167 808 2210 tempore
849 2157 1078 2202 Catilinam,
1124 2157 1426 2209 competitorem
1461 2156 1651 2202 nostrum,
1697 2155 1883 2194 defende-

501 2237 540 2261 re
571 2225 806 2277 cogitamus.
852 2223 1012 2274 Judices
1043 2222 1250 2267 habemus,
1281 2235 1379 2275 quos
1401 2223 1615 2268 voluimus,
1648 2222 1799 2260 summa
1818 2235 1883 2261 ac-

499 2289 684 2328 cusatoris
719 2289 935 2328 voluntate.
981 2289 1114 2341 Spero,
1154 2289 1180 2326 fi
1214 2288 1414 2326 absolutus
1448 2289 1537 2333 erit,
1573 2288 1886 2340 conjunctiorem

500 2355 618 2393 illum
638 2355 752 2393 nobis
772 2353 856 2394 fore
876 2355 918 2393 in
938 2355 1086 2393 ratione
1106 2354 1308 2407 petitionis
1329 2369 1336 2391 :
1371 2354 1424 2393 sm
1446 2354 1557 2392 aliter
1577 2353 1775 2398 acciderit,
1806 2353 1885 2391 hu-

502 2421 667 2458 maniter
698 2420 884 2474 feremuq.
932 2422 1025 2459 Tuo
1051 2421 1218 2459 adventu
1247 2421 1361 2459 nobis
1382 2434 1486 2473 opus
1507 2420 1560 2458 est
1581 2430 1762 2458 maturo:
1795 2432 1885 2457 nam

502 2484 655 2537 prorsus
696 2485 848 2524 summa
884 2486 1094 2525 hominum
1135 2486 1188 2524 est
1222 2487 1372 2538 opini0,
1418 2495 1505 2524 tuos
1541 2484 1765 2529 familiares,
1811 2496 1884 2520 no-

503 2550 600 2588 biles
639 2548 838 2596 homines,
879 2551 1114 2592 adversarios
1149 2551 1292 2590 honori
1330 2551 1458 2590 nostro
1497 2550 1594 2589 fore.
1649 2549 1712 2588 Ad
1751 2561 1886 2587 eorum

1498 2618 1535 2653 A
1567 2629 1589 2653 2
