2243 3008
551 383 627 410 212
903 370 1586 411 EPISTOLARUM

892 606 1133 644 CICERO
1174 605 1429 642 ATT1co
1470 603 1600 643 SAL.

559 733 632 772 vl.
657 731 1086 805 OBSIGNATA
1111 734 1193 785 jam
1218 731 1392 785 epistola,
1423 743 1543 782 quam
1563 730 1610 769 de
1635 733 1747 770 noete
1777 732 1938 771 daturus

761 812 880 844 eram,
913 800 1009 837 ficut
1038 799 1142 842 dedi,
1176 799 1286 850 (nam
1317 810 1401 835 eam
1433 796 1579 848 vesperi
1611 797 1852 849 scripseram)
1887 799 1938 836 C.

557 864 682 902 Sofius
705 865 849 902 Praetor
878 865 918 902 in
946 864 1203 902 Formianum
1223 863 1331 900 venit
1359 862 1406 900 ad
1436 862 1497 899 Μ’
1519 862 1733 915 Lepidum,
1763 862 1941 901 vicinum

557 929 747 974 nostrum,
769 931 881 981 cujus
903 928 1079 981 Qaestor
1100 927 1203 973 fuit;
1237 928 1417 980 Pompeii
1438 927 1638 966 literarum
1658 928 1705 966 ad
1727 927 1943 967 Consulem

555 995 785 1048 exemplum
805 995 952 1033 attulit.

611 1059 755 1099 Literae
783 1059 873 1098 mihi
897 1074 920 1098 a
950 1061 1003 1098 L.
1033 1059 1196 1098 Domitio
1225 1073 1260 1097 α.
1291 1057 1328 1097 d.
1359 1073 1442 1097 XII!
1473 1058 1629 1098 Kalend.
1660 1060 1788 1098 Mart.
1818 1059 1946 1098 allata

542 1124 637 1176 stmt
651 1140 665 1163 .·
695 1139 818 1163 earum
846 1125 1037 1178 exemplum
1065 1125 1167 1175 itgfra
1181 1124 1327 1177 scripſs.
1371 1126 1497 1169 Nunc,
1528 1134 1574 1163 ut·
1599 1139 1660 1177 ego
1685 1138 1753 1163 non
1764 1123 1944 1177 stribam,

556 1199 623 1229 tua
635 1191 768 1244 sponte
786 1199 823 1229 te
841 1190 1036 1243 intelligere
1050 1189 1143 1243 fiio,
1174 1190 1305 1242 quanti
1330 1189 1547 1242 Respublicae
1565 1190 1720 1241 interfit,
1751 1204 1864 1229 omnes
1882 1203 1943 1229 co-

550 1255 634 1309 pias
659 1256 696 1294 in
727 1269 835 1294 unum
859 1256 969 1295 locum
982 1255 1101 1308 primo
1128 1269 1261 1308 quoque
1293 1263 1447 1307 tempore
1477 1255 1678 1294 convenire.
1723 1253 1794 1301 Tu,
1809 1255 1852 1306 fi
1876 1253 1948 1293 tibi

557 1320 754 1366 videbitur,
796 1321 898 1360 dabis
934 1330 1089 1374 operam,
1131 1320 1390 1374 quamprimum
1422 1320 1474 1359 ad
1502 1335 1562 1360 nos
1591 1321 1728 1360 venias.
1778 1320 1948 1372 Praeſsdii

560 1388 710 1440 Capuae,
741 1396 916 1440 quantum
935 1386 1183 1441 corstitueritis
1201 1385 1380 1439 effsatis,
1409 1386 1602 1440 relinquas.

615 1452 770 1491 Deinde
799 1452 1000 1506 supposuit
1019 1452 1247 1505 exemplum
1267 1452 1437 1505 epistolae
1458 1453 1646 1498 Domitii,
1677 1453 1783 1506 quod
1803 1466 1877 1506 ego
1896 1451 1944 1490 ad

559 1527 597 1557 te
617 1517 743 1571 pridie
762 1517 956 1557 miseram.
1002 1518 1074 1557 Dii
1104 1518 1361 1562 immortales,
1392 1518 1462 1569 qui
1493 1531 1556 1556 me
1580 1517 1719 1556 horror
1737 1517 1912 1571 perfudit
1932 1517 1940 1555 !

557 1598 677 1638 quam
697 1584 782 1622 sum
802 1583 996 1622 sollicitus
1015 1583 1204 1636 quidnam
1226 1582 1407 1622 futurum
1427 1583 1488 1622 fit.
1534 1583 1626 1622 Hoc
1656 1592 1787 1622 tamen
1819 1583 1944 1637 spero,

558 1664 747 1703 magnum
770 1662 914 1688 nomen
935 1649 1180 1702 imperatoris
1206 1647 1305 1694 fore,
1336 1662 1526 1702 magnum
1555 1649 1596 1688 in
1622 1649 1790 1688 adventu
1819 1659 1944 1688 terro·

559 1730 641 1755 rem
659 1746 667 1755 .
687 1746 696 1755 .
715 1746 724 1754 .
744 1717 863 1769 Spero
882 1715 1017 1761 etiarn,
1047 1715 1234 1768 quoniam
1255 1714 1383 1753 adhuc
1405 1714 1506 1753 nihil
1529 1715 1642 1754 nobis
1663 1714 1810 1760 obfuit,
1842 1715 1945 1755 nihil

557 1781 734 1821 mutasse.
777 1782 866 1820 Nec
893 1781 1065 1834 tegentia
1089 1779 1182 1826 hoc,
1214 1780 1320 1833 quod
1347 1794 1441 1819 cum
1461 1779 1616 1818 fortiter
1647 1789 1686 1818 et
1716 1780 1942 1832 diligenter,

559 1856 647 1885 tum
667 1847 786 1885 etiam
805 1845 1030 1884 mehercule
1049 1875 1058 1884 .
1078 1875 1086 1883 .
1106 1875 1115 1884 .
1135 1874 1144 1884 .
1163 1845 1291 1883 Modo
1315 1845 1423 1883 enim
1453 1844 1583 1882 audivi
1610 1854 1838 1897 quartanam
1865 1859 1885 1883 a
1906 1854 1946 1884 te

561 1911 774 1951 disceflifl‘e.
818 1911 983 1956 Moriar,
1015 1911 1041 1950 fi
1062 1911 1187 1963 magis
1212 1910 1435 1963 gauderem,
1469 1910 1494 1949 si
1528 1910 1567 1948 id
1598 1909 1698 1948 mihi
1731 1910 1941 1950 accidisset.

563 1978 672 2016 Piliae
703 1977 766 2015 dic
799 1990 877 2015 non
909 1976 981 2015 effe
1011 1989 1182 2028 aequum,
1213 1990 1300 2015 eam
1330 1977 1480 2014 diutius
1511 1975 1667 2020 habere,
1700 1989 1768 2014 nec
1802 1976 1840 2014 id
1871 1977 1943 2015 csse

561 2042 690 2082 vestrae
720 2042 952 2081 concordiae.
999 2042 1191 2080 Tironem
1212 2042 1385 2080 nostrum
1407 2042 1454 2080 ab
1474 2042 1591 2080 altera
1611 2042 1791 2080 reliCium
1811 2042 1941 2080 audio.

563 2109 635 2146 Sed
663 2122 755 2147 eum
786 2107 898 2146 video
930 2108 969 2145 in
1003 2107 1204 2160 sumptum
1236 2108 1284 2145 ab
1316 2109 1400 2146 aliis
1434 2117 1686 2146 mutuatum:
1719 2121 1791 2160 ego
1811 2117 1943 2146 autem

564 2174 731 2213 Curium
753 2173 942 2219 nostrum,
974 2173 999 2211 fi
1030 2173 1126 2227 quid
1146 2187 1244 2227 opus
1264 2173 1369 2219 estet,
1402 2187 1590 2226 rogaram.
1638 2174 1749 2212 Malo
1781 2174 1944 2212 Tironis

563 2240 836 2279 verecundiam
857 2240 898 2278 in
918 2239 1036 2292 culpa
1053 2239 1140 2285 effe,
1170 2253 1290 2292 quam
1311 2239 1616 2278 illiberalitatcm
1638 2239 1764 2278 Curii.
