2243 3008
436 274 490 314 62
783 271 1473 313 EPISTOLARUM

438 382 660 428 coeperunt.
705 373 842 427 Itaque
871 373 941 412 ille
965 373 1116 413 amicus
1136 372 1278 419 noster,
1306 373 1476 412 insolens
1496 372 1686 420 infamiae,
1716 374 1820 414 sem-

438 453 507 493 per
526 440 567 478 in
588 439 702 478 laude
720 439 903 485 versatus,
924 439 1202 478 circumfluens
1221 439 1362 491 gloria,
1381 438 1624 479 deformatus
1641 452 1820 494 corpore,

439 505 583 545 fractus
603 507 750 552 animo,
772 518 853 558 quo
872 505 909 544 se
927 504 1103 543 conferat
1123 504 1268 544 nescit:
1299 505 1540 558 progressum
1560 507 1821 561 praecipitem,

438 571 725 610 inconstantem
758 570 945 616 reditum,
974 569 1080 608 videt
1098 584 1108 608 :
1151 569 1292 615 bonos,
1334 570 1520 610 inimicos
1549 571 1697 618 habet;
1739 573 1821 610 im-

436 636 582 691 probos
603 636 720 689 ipsos,
751 649 829 675 non
851 636 1011 674 amicos.
1055 636 1116 673 Ac
1136 635 1223 673 vide
1243 635 1458 674 mollitiem
1477 637 1600 676 animi
1618 652 1627 676 :
1660 651 1741 676 non
1761 646 1821 676 te-

438 703 509 741 nui
540 702 734 747 lacrimas,
764 715 858 740 cum
888 701 1006 739 illum
1034 710 1123 739 ante
1155 714 1241 739 v111
1267 701 1357 740 Kal.
1387 702 1494 740 Sext.
1516 702 1598 740 vidi
1618 702 1667 741 de
1684 702 1822 742 edistis

438 768 573 807 Bibuli
593 767 910 812 concionantem,
938 767 1007 819 qui
1027 775 1138 804 antea
1156 765 1293 805 solitus
1312 765 1402 804 efl‘et
1416 767 1560 818 jactare
1579 767 1618 805 se
1636 767 1822 820 magnifi-

435 834 652 873 centiffime
673 833 744 871 illo
764 833 805 871 in
826 833 928 878 loco,
960 833 1115 870 summo
1134 845 1227 870 cum
1247 845 1378 870 amore
1397 832 1552 886 populi,
1582 834 1737 871 cunctis
1754 832 1823 871 fa-

436 900 635 939 ventibus.
669 899 726 936 Ut
747 898 814 936 ille
835 907 922 936 tum
941 896 1123 942 humilis,
1140 907 1184 936 ut
1204 897 1387 936 demiss‘us
1407 899 1512 937 erat!
1537 907 1580 936 ut
1601 898 1680 951 ipse
1701 899 1823 937 etiam

436 966 522 1010 fibi,
554 979 632 1004 non
654 965 701 1002 iis
730 964 872 1009 solum,
902 963 971 1016 qui
1004 963 1174 1008 aderant,
1205 963 1462 1015 displicebat}
1498 965 1534 1001 O
1556 964 1823 1016 specstaculum

437 1031 507 1069 uni
528 1029 660 1069 Crass‘o
673 1029 914 1082 jucundum,
944 1029 1092 1067 caeteris
1112 1041 1192 1067 non
1212 1029 1309 1067 item
1328 1028 1335 1066 ἔ
1370 1029 1491 1074 Nam,
1514 1031 1607 1083 quia
1627 1030 1824 1070 deciderat

436 1109 485 1134 ex
519 1095 641 1141 astris,
672 1094 815 1147 lapsus,
846 1107 965 1147 quam
999 1094 1230 1147 progreffuS,
1261 1095 1394 1147 potius
1428 1095 1658 1134 videbatur:
1691 1106 1745 1141 et,
1776 1105 1823 1135 ut

437 1159 613 1214 Apelles,
645 1160 671 1198 fi
692 1161 901 1205 Venerem,
931 1169 998 1198 aut
1030 1159 1056 1197 fi
1090 1160 1326 1212 Protogenes
1360 1160 1530 1211 Ialysum
1562 1161 1678 1199 illum
1707 1161 1823 1200 suum

435 1240 552 1266 coeno
571 1225 743 1265 oblitum
764 1225 925 1271 videret,
947 1238 1152 1278 magnum,
1173 1226 1304 1271 credo,
1325 1226 1519 1278 acciperet
1538 1227 1714 1266 dolorem
1728 1246 1740 1273 3
1771 1228 1823 1266 fic

433 1306 508 1346 ego
539 1291 662 1337 hunc,
693 1291 880 1329 omnibus
912 1304 933 1328 a
963 1304 1026 1329 me
1058 1291 1208 1343 picium
1238 1300 1277 1329 et
1296 1291 1468 1344 politum
1489 1293 1581 1330 artis
1602 1293 1820 1338 coloribus,

436 1359 566 1397 subito
596 1357 875 1402 deformatum,
906 1371 984 1396 non
1017 1357 1096 1395 fine
1123 1371 1266 1409 magno
1287 1357 1420 1396 dolore
1440 1358 1535 1396 vidi.
1582 1360 1822 1412 Qanquam

436 1437 554 1463 nemo
574 1423 750 1476 putabat,
782 1431 941 1476 propter
971 1422 1211 1461 Clodianum
1232 1423 1451 1475 negotium,
1483 1437 1546 1461 me
1566 1423 1626 1461 illi
1647 1425 1823 1462 amicum

434 1489 508 1528 esse
527 1488 694 1533 debere;
727 1497 857 1526 tamen
880 1496 1011 1526 tantus
1031 1486 1110 1526 fuit
1128 1500 1252 1532 amor,
1285 1497 1327 1526 ut
1353 1487 1550 1526 exhauriri
1571 1488 1679 1526 nulla
1699 1488 1823 1541 poss‘et

436 1556 593 1608 injuria.
640 1555 776 1607 Itaque
808 1552 1067 1592 Archilochia
1098 1553 1139 1590 in
1160 1554 1277 1591 illum
1297 1553 1421 1591 edicta
1442 1553 1575 1591 Bibuli
1596 1555 1746 1607 populo
1767 1555 1823 1592 ita

435 1621 525 1659 funt
538 1619 729 1672 jucunda,
762 1627 806 1656 ut
824 1632 916 1657 eum
936 1619 1085 1663 locum,
1117 1618 1187 1657 ubi
1207 1626 1498 1671 proponuntur,
1529 1632 1607 1671 prae
1631 1619 1821 1658 multitu-

434 1685 526 1724 dine
545 1699 697 1729 eorum,
725 1685 793 1737 qui
814 1684 967 1737 legunt,
999 1684 1155 1722 tranfire
1176 1693 1371 1735 nequeant
1387 1702 1400 1729 ;
1432 1684 1501 1736 ipfi
1522 1684 1576 1722 ita
1594 1684 1745 1729 acerba,
1777 1693 1822 1723 ut

433 1751 601 1790 tabescat
621 1750 754 1788 dolore
771 1768 783 1794 ;
815 1749 915 1788 mihi
937 1749 1161 1788 mehercule
1183 1749 1357 1794 molesta,
1379 1750 1486 1802 quod
1506 1759 1545 1787 et
1564 1763 1671 1794 eum,
1699 1762 1820 1801 quem

434 1818 583 1869 semper
603 1815 740 1860 dilexi,
772 1815 891 1853 nimis
911 1815 1154 1859 excruciant,
1184 1823 1224 1852 et
1243 1814 1380 1859 timeo,
1413 1823 1492 1852 tam
1513 1813 1723 1853 vehemens
1745 1815 1819 1860 vir,

434 1893 594 1935 tamque
614 1894 700 1919 acer
723 1881 764 1918 in
796 1879 914 1925 ferro,
944 1889 983 1918 et
1015 1889 1096 1918 tam
1126 1879 1300 1918 insuetus
1331 1879 1597 1924 contumeliae,
1630 1893 1678 1918 ne
1708 1881 1820 1918 omni

434 1947 558 1986 animi
577 1947 729 1999 impetu
749 1945 875 1983 dolori
896 1955 934 1983 et
955 1945 1163 1983 iracundiae
1184 1954 1327 1998 pareat.
1375 1945 1509 1983 Bibuli
1530 1945 1600 1997 qui
1625 1945 1671 1983 sit
1690 1946 1820 1984 exitus

434 2014 606 2057 futurus,
638 2011 793 2049 nescio:
827 2020 869 2049 ut
903 2024 1007 2049 nunc
1040 2025 1097 2049 res
1130 2011 1166 2049 se
1198 2010 1329 2055 habet,
1360 2011 1583 2049 admirabili
1605 2011 1733 2063 gloria
1749 2011 1818 2050 est.

435 2079 547 2131 Qin
567 2090 660 2116 cum
681 2075 844 2115 comitia
863 2076 902 2114 in
936 2076 1108 2114 mensem
1131 2076 1296 2115 octobr.
1331 2075 1563 2121 distulisset;
1595 2075 1701 2128 quod
1724 2075 1821 2115 solet

434 2158 478 2183 ea
497 2157 555 2182 res
577 2142 716 2196 populi
737 2142 980 2181 voluntatem
1000 2141 1211 2186 offendere,
1243 2151 1396 2195 putarat
1417 2141 1542 2180 Caesar
1561 2142 1735 2180 oratione
1758 2142 1822 2180 sua

435 2209 538 2263 poss'e
571 2207 724 2260 impelli
755 2208 1004 2252 concionem,
1046 2217 1089 2245 ut
1124 2207 1196 2245 iret
1231 2207 1278 2245 ad
1312 2207 1529 2246 Bibulum:
1570 2207 1696 2246 multa
1726 2222 1821 2247 cum

435 2274 710 2314 seditiosislime
730 2272 891 2318 diceret,
909 2287 1045 2312 vocem
1062 2273 1279 2326 exprimere
1301 2286 1378 2312 non
1402 2274 1546 2326 potuit.
1579 2273 1688 2325 Qid
1709 2287 1818 2325 quae-

435 2342 516 2380 ris?
549 2340 736 2383 sentiunt,
768 2339 803 2377 se
837 2340 987 2378 nullam
1020 2340 1139 2378 ullius
1174 2340 1292 2393 partis
1321 2339 1564 2378 voluntatem
1588 2349 1740 2378 tencre:
1773 2353 1821 2378 eo

434 2406 559 2459 magis
575 2405 633 2444 vis
655 2405 768 2444 nobis
788 2405 840 2443 est
862 2406 1049 2444 timenda.
1074 2405 1239 2444 Clodius
1261 2406 1448 2444 inimicus
1464 2406 1516 2444 est
1534 2406 1661 2444 nobis.
1697 2406 1820 2444 l'om-

435 2472 545 2525 peius
565 2470 772 2511 confirmat
792 2484 883 2510 eum
906 2471 1006 2510 nihil
1028 2470 1100 2509 effe
1122 2470 1317 2510 fasturum
1337 2481 1473 2510 contra
1492 2485 1569 2510 me.
1614 2470 1722 2510 Mihi
1746 2485 1817 2524 pe-

435 2537 649 2579 siculorum
668 2537 721 2577 est
741 2537 923 2577 credere:
956 2537 1004 2577 ad
1032 2537 1281 2578 resistendum
1308 2551 1370 2577 mc
1391 2551 1496 2591 paro.
1544 2537 1679 2577 Studia
1711 2536 1820 2590 spero
