2243 3008
403 310 475 351 108
771 305 1460 348 EPISTOLARUM

429 404 533 443 Illud
554 404 672 442 etiam
694 413 730 443 te
758 418 868 457 rogo,
898 401 949 446 τῆν
969 400 1114 454 παρὲπιν
1132 399 1310 442 καταίςκσιν
1330 393 1502 456 maid-’353-
1531 412 1578 438 ne
1599 397 1695 437 istuc
1716 395 1808 436 hos-

429 484 495 523 pes
517 483 684 509 ventam.

769 671 1011 709 CICERO
1052 669 1306 705 Αττιεο
1348 667 1476 705 SAL.

434 799 546 837 XIV.
571 797 644 868 V
658 799 690 836 E
704 797 978 836 STORIUS
1009 795 1134 833 noster
1154 808 1216 833 me
1237 807 1304 846 per
1324 793 1452 832 literas
1475 792 1571 831 fecit
1590 792 1815 836 certiorem,

667 872 704 900 te
734 863 862 900 Roma
887 874 922 898 a.
952 860 991 898 d.
1015 873 1077 897 vl.
1111 859 1171 897 Id.
1199 858 1299 896 Mai.
1331 867 1464 910 putare
1493 855 1715 909 profectum
1743 855 1817 894 effe

433 928 594 974 tardius,
625 941 743 980 quam
775 926 939 969 dixerat,
970 923 1078 976 quod
1108 924 1240 961 minus
1272 922 1476 960 valuiffes:
1508 921 1534 959 fi
1558 923 1643 974 jam
1672 921 1815 959 melius

432 994 550 1038 vales,
581 992 832 1031 vehementer
850 989 1014 1042 gaudee.
1062 988 1195 1026 Velim
1223 987 1387 1025 domum
1408 987 1455 1024 ad
1476 995 1563 1025 tuos
1585 987 1742 1032 scribas,
1772 994 1819 1024 ut

433 1056 533 1095 mihi
556 1059 613 1095 tui
634 1057 726 1094 libri
747 1063 917 1108 pateant,
945 1067 1024 1091 non
1046 1052 1153 1091 secus
1173 1065 1216 1090 ac
1237 1051 1263 1090 fi
1283 1051 1363 1104 ipse
1383 1051 1538 1097 adesses,
1559 1065 1652 1090 cum
1673 1050 1818 1095 caeteri‚

435 1131 520 1160 tum
542 1121 752 1159 Varronis:
776 1119 829 1158 est
848 1119 956 1157 enim
975 1117 1077 1156 mihi
1098 1117 1291 1156 utendum
1311 1116 1546 1170 quibusdam
1567 1117 1682 1155 rebus
1702 1130 1749 1154 ex
1770 1115 1819 1153 iis

433 1187 545 1225 libris
574 1186 621 1225 ad
649 1199 730 1230 eos,
760 1197 859 1238 quos
890 1185 932 1222 in
964 1183 1146 1221 manibus
1181 1181 1333 1220 habeo:
1366 1195 1481 1234 quos,
1512 1191 1557 1220 ut
1588 1181 1711 1234 spero,
1743 1180 1819 1219 tibi

434 1252 543 1290 valde
563 1251 752 1304 probabo.
784 1251 852 1288 Tu
872 1249 1008 1294 velim,
1039 1248 1065 1286 fi
1087 1247 1184 1300 quid
1204 1246 1306 1286 forte
1327 1248 1418 1285 novi
1438 1246 1573 1293 habes,
1605 1247 1776 1285 maxime
1797 1259 1819 1283 a

435 1318 591 1368 Qinto
610 1316 742 1361 fratre,
760 1315 901 1353 deinde
920 1327 940 1352 a
961 1315 1011 1352 C.
1035 1313 1195 1358 Caesare,
1216 1322 1255 1352 et
1275 1312 1302 1351 fi
1322 1312 1419 1365 quid
1438 1311 1541 1351 forte
1560 1311 1607 1350 de
1627 1311 1819 1356 comitiis,

436 1383 482 1420 de
511 1382 732 1434 Republica
766 1380 881 1432 (soles
910 1380 1018 1418 enim
1048 1389 1089 1417 tu
1121 1378 1203 1417 haec
1233 1377 1370 1417 festine
1399 1378 1569 1428 odorari)
1601 1377 1742 1416 scribas
1772 1377 1820 1414 ad

437 1461 514 1485 me.
561 1448 599 1484 Si
630 1447 686 1485 nil
716 1445 895 1490 habebis,
926 1454 1056 1483 tamen
1091 1443 1233 1482 scribas
1265 1442 1442 1495 aliquid:
1476 1455 1678 1495 nunquam
1713 1442 1821 1480 enim

437 1513 536 1551 mihi
559 1523 625 1551 tua
643 1511 803 1564 epistola
823 1520 888 1549 aut
908 1509 1178 1562 intempestiva
1197 1517 1262 1547 aut
1283 1508 1427 1561 loquax
1448 1507 1525 1546 visa
1544 1507 1611 1546 est.
1642 1507 1822 1545 Maxime

437 1588 565 1615 autem
588 1590 697 1628 rogo,
729 1575 843 1613 rebus
865 1575 942 1612 tuis
968 1583 1131 1626 totoque
1159 1573 1298 1610 itinere
1328 1586 1375 1610 ex
1409 1572 1596 1610 sententia
1624 1569 1820 1615 consecto,

437 1656 505 1680 nos
531 1642 827 1695 quamprimum
857 1640 1009 1679 revisas.
1056 1638 1290 1690 Dionyfium
1315 1638 1412 1690 jube
1442 1637 1597 1677 salvere.
1644 1638 1749 1676 Cura
1778 1646 1822 1676 ut

438 1708 574 1746 valeas.

774 1912 1016 1948 Clenno
1058 1909 1312 1946 ATTico
1354 1908 1484 1946 SAL.

443 2037 532 2075 XV.
560 2036 685 2109 DE
718 2037 942 2088 Eutychide
976 2045 1145 2088 gratum.
1177 2036 1245 2087 qui
1277 2044 1403 2073 vetere
1437 2035 1689 2087 praenomine,
1723 2048 1824 2073 novo

661 2103 819 2141 nomine
841 2104 893 2141 T.
916 2102 989 2140 erit
1011 2102 1219 2145 Caecilius;
1243 2110 1285 2139 ut
1306 2101 1356 2139 est
1378 2114 1423 2138 ex
1447 2114 1508 2138 me
1525 2110 1562 2138 et
1583 2110 1683 2138 exte
1699 2102 1820 2151 junc-

442 2178 503 2205 tus
527 2167 752 2219 Dionysius,
776 2167 842 2205 M.
861 2167 1118 2219 Pomponius.
1144 2166 1265 2204 Valde
1286 2165 1509 2203 mehercule
1531 2164 1630 2203 mihi
1651 2175 1821 2217 gratum,

443 2234 466 2271 fi
492 2233 732 2284 Eutychides
754 2242 860 2270 tuam
881 2246 971 2283 erga
991 2245 1054 2269 me
1076 2231 1386 2269 benevolentiam
1407 2231 1635 2282 cognoscet;
1658 2241 1695 2268 et
1718 2230 1823 2268 suam

444 2299 550 2336 illam
573 2301 611 2336 in
634 2312 722 2336 meo
742 2298 875 2336 dolore
895 2292 1097 2343 συμπάθειαν.
1127 2311 1251 2349 neque
1273 2307 1357 2334 tum
1381 2296 1480 2334 mihi
1501 2297 1719 2339 obscuram.
1754 2310 1821 2334 ne-

443 2378 519 2416 que
541 2364 620 2416 post
644 2365 849 2416 ingratam,
881 2361 1006 2400 fuisse.
1053 2363 1128 2400 lter
1157 2363 1370 2400 Aliaticum
1394 2372 1506 2400 tuum
1531 2372 1625 2413 puto
1648 2362 1720 2399 tibi
1744 2362 1822 2400 sus·

442 2429 670 2482 cipiendum
692 2428 828 2467 fuisse:
864 2441 1064 2480 nunquam
1086 2428 1191 2465 enim
1215 2437 1256 2465 tu
1284 2427 1358 2465 smc
1375 2427 1577 2479 justillima
1606 2427 1717 2465 causa
1745 2437 1824 2465 tam

444 2497 558 2547 longe
579 2508 598 2532 a
620 2495 695 2532 tuis
717 2504 754 2532 et
777 2494 1006 2532 hominibus
1027 2503 1064 2531 et
1088 2495 1199 2531 rebus
1222 2493 1420 2531 carissimis
1441 2503 1478 2531 ct
1508 2493 1732 2531 suavissimis
1753 2493 1823 2531 ab·

442 2561 513 2599 effe
554 2560 728 2598 voluisses
750 2575 757 2598 z
805 2560 866 2598 scd
907 2559 1192 2598 humanitatem
1234 2569 1340 2597 tuam
1375 2572 1625 2611 amoremque
1662 2559 1700 2596 in
1737 2568 1825 2596 tuos
