2243 3008
567 194 645 235 354
909 177 1596 219 EPISTOLARUM

566 292 686 332 quem
706 285 818 331 opto,
834 276 882 315 ad
901 276 957 322 id,
974 276 1081 329 quod
1101 267 1300 321 volumus,
1317 276 1483 324 dederis,
1504 287 1543 316 et
1562 284 1744 330 praeterea
1761 275 1948 326 ἐγγήραμα.

568 345 676 384 Nam
702 344 770 382 illa
797 343 884 382 Silii
913 352 952 381 et
985 340 1100 381 Drufi
1134 355 1212 380 non
1245 342 1333 380 satis
1364 336 1586 382 olmamo‘lma
1615 341 1716 380 mihi
1736 342 1947 381 videntur:

566 409 663 462 quid
692 410 799 447 enim
827 408 954 447 sedere
985 417 1087 446 totos
1116 407 1200 445 dies
1229 408 1269 445 in
1299 407 1394 445 villa
1419 407 1518 445 ista?
1550 408 1679 460 Igitur
1708 408 1845 445 malim
1867 407 1949 459 pri-

565 489 679 513 mum
701 473 890 518 Othonis,
921 472 1061 510 deinde
1082 471 1249 510 Clodiae.
1295 472 1335 509 Si
1355 470 1458 510 nihil
1484 471 1566 517 fiet,
1597 481 1663 511 aut
1684 473 1813 511 Druso
1834 472 1950 510 ludus

568 540 622 579 est
642 539 920 592 suggerendus,
949 547 1017 576 aut
1037 536 1230 575 utendum
1250 536 1492 575 Tusculano.
1535 538 1656 589 Qod
1687 538 1798 577 domi
1829 547 1866 576 te
1886 538 1950 576 in-

564 605 727 650 clufisti,
764 605 912 643 ratione
945 602 1072 641 fecisti
1090 617 1100 640 2
1141 601 1220 646 sed,
1256 601 1400 654 quaes0‚
1436 601 1602 647 confice,
1641 613 1680 641 et
1714 613 1751 641 te
1784 617 1953 642 vacuum

565 671 685 710 *redde
706 670 836 708 nobis.
881 669 969 720 Ego
998 666 1109 712 hinc,
1140 675 1185 705 ut
1215 666 1342 719 scripsi
1373 675 1498 711 antea,
1529 667 1712 718 postridie
1732 668 1793 707 Id.
1816 669 1967 714 Lanu-2

569 737 696 779 vium,
726 733 865 771 deinde
884 731 1069 785 postridie
1088 732 1130 770 in
1150 731 1393 770 Tusculano.
1435 731 1613 770 Contudi
1631 731 1740 770 enim
1756 733 1952 779 animum,

571 810 610 838 et
630 798 782 837 fortass‘e
801 797 895 843 vici,
925 797 951 836 fi
972 797 1092 836 modo
1112 797 1371 849 permansero.
1415 796 1519 835 Scies
1539 797 1663 849 igitur
1681 795 1836 835 fortaffe
1855 811 1953 843 cras,

565 865 771 903 summum
792 863 988 916 perendie.
1021 862 1094 901 Sed
1115 862 1212 915 quid
1230 862 1285 901 est
1305 861 1433 914 quaeso
1451 863 1466 900 ?
1497 860 1740 900 Philotimus
1761 875 1833 901 nec
1855 864 1953 901 Car-

571 930 657 968 teiae
678 929 914 981 Pompeium
935 928 1073 973 teneri,
1098 929 1193 980 (qua
1212 927 1259 965 de
1279 941 1319 966 re
1339 927 1540 966 literarum
1558 927 1606 965 ad
1627 927 1818 966 Clodium
1837 928 1953 967 Pata-

559 984 709 1033 'vinum
736 993 936 1033 miffarum
963 993 1192 1046 exemplum
1221 992 1323 1031 mihi
1345 993 1502 1046 Oppius
1523 1002 1562 1031 et
1589 993 1735 1032 Balbus
1755 993 1955 1039 miserant,

567 1060 609 1100 se
638 1059 680 1098 id
709 1059 859 1098 factum
887 1059 1084 1110 arbitrari)
1114 1059 1345 1111 bellumque
1368 1067 1496 1097 narrat
1514 1058 1714 1110 reliquum
1730 1059 1821 1098 saxis
1840 1072 1955 1112 mag-

572 1139 684 1164 num.
717 1125 823 1164 Solet
843 1125 1008 1164 omnino
1028 1124 1100 1163 effe
1121 1125 1153 1163 F
1158 1124 1336 1162 ulviaster
1353 1139 1363 1163 :
1393 1123 1460 1162 sed
1479 1134 1626 1169 tamen,
1655 1123 1682 1162 fi
1702 1125 1800 1178 quid
1819 1123 1957 1165 habes.

565 1191 676 1233 ¹Volo
695 1192 814 1230 etiam
833 1190 881 1229 de
901 1189 1105 1242 naufragio
1126 1189 1345 1229 Caniniano
1365 1189 1475 1236 scire,
1505 1189 1604 1243 quid
1624 1189 1687 1229 fit.

907 1391 1150 1429 CICERO
1190 1390 1449 1428 ATTrco
1487 1390 1625 1428 SAL,

572 1520 702 1559 XLV.
727 1518 844 1590 EG
860 1519 897 1556 O
926 1517 993 1556 hic
1013 1517 1092 1556 duo
1113 1530 1255 1569 magna
1279 1511 1490 1564 ανντσίγμαῖῙα.
1509 1517 1655 1555 absolvi
1674 1532 1683 1556 :
1716 1517 1828 1555 nullo
1846 1519 1956 1557 enim

831 1584 908 1621 alio
942 1582 1062 1620 modo
1095 1595 1116 1620 a
1147 1581 1300 1620 miseria
1331 1580 1435 1633 quasi
1469 1582 1642 1620 aberrare
1676 1583 1842 1635 poffum.
1888 1585 1958 1622 Tu

572 1650 688 1696 mihi,
719 1650 837 1688 etiam
858 1649 884 1686 si
905 1648 1007 1686 nihil
1028 1648 1117 1693 erit,
1149 1646 1255 1700 quod
1280 1645 1440 1692 scribas,
1473 1647 1598 1699 (quod
1627 1647 1710 1686 fore
1740 1649 1794 1686 ita
1822 1648 1955 1699 video)

572 1726 702 1754 tamen
724 1714 895 1767 idipsum
917 1712 1059 1751 scribas
1079 1712 1214 1757 velim,
1238 1721 1275 1750 te
1295 1710 1398 1750 nihil
1418 1711 1609 1758 habuisse,
1629 1713 1735 1766 quod
1756 1712 1960 1759 scriberes,

572 1782 668 1819 dum
690 1779 809 1818 modo
831 1793 877 1817 ne
898 1777 960 1817 his
981 1778 1124 1817 verbis.
1171 1779 1233 1816 De
1254 1777 1404 1822 Attica,
1435 1778 1601 1830 optime.
1643 1772 1778 1819 'Axnda'a
1808 1788 1873 1816 tua
1893 1793 1958 1818 me

572 1855 732 1885 movet:
763 1845 830 1883 etfi
863 1844 999 1882 scribis
1032 1842 1134 1882 nihil
1164 1843 1251 1882 effe.
1298 1843 1346 1881 In
1375 1843 1603 1882 Tusculano
1632 1856 1678 1881 eo
1708 1844 1960 1883 commodius

571 1925 653 1957 ero,
684 1909 791 1963 quod
815 1919 854 1948 et
873 1910 1047 1948 crebrius
1069 1918 1152 1948 tuas
1173 1909 1303 1947 literas
1322 1909 1530 1961 accipiam,
1560 1917 1599 1947 et
1630 1918 1668 1947 te
1696 1908 1824 1961 ipsum
1855 1924 1959 1948 non-

571 1989 779 2028 nunquam
799 1975 954 2013 videbo.
988 1975 1095 2012 Nam
1115 1974 1327 2026 caeteroqui
1345 1970 1530 2022 ὀνατόπρα-
1548 1983 1657 2012 erant
1678 1973 1826 2012 Asturae
1843 1993 1855 2019 ;
1887 1988 1959 2014 nec

570 2041 673 2087 haec,
704 2054 790 2093 quae
820 2038 1019 2083 refricant,
1048 2037 1115 2077 hic
1142 2052 1205 2077 me
1234 2038 1359 2090 magis
1385 2046 1563 2090 angunt:
1595 2039 1661 2077 etfi
1688 2048 1833 2084 tamen,
1866 2040 1958 2079 ubi-

574 2121 731 2160 cunque
752 2106 852 2150 sum,
870 2105 938 2144 illa
958 2105 1046 2143 sunt
1067 2117 1240 2142 mecum.
1272 2105 1334 2142 De
1355 2103 1501 2142 Caesare
1522 2104 1652 2142 vicino
1673 2104 1895 2157 scripseram
1911 2106 1959 2144 ad

575 2183 627 2217 te,
658 2172 750 2224 quia
770 2183 981 2222 cognoram
1003 2183 1050 2208 ex
1073 2169 1149 2207 tuis
1183 2169 1320 2207 literis.
1368 2169 1474 2206 Eum
1502 2165 1627 2203 σύννοιαν
1645 2169 1807 2220 Qirini
1836 2171 1957 2217 malo,

576 2251 695 2289 quam
717 2236 873 2275 Salutis.
907 2237 972 2274 Tu
995 2248 1085 2273 vero
1104 2235 1290 2287 pervulga
1310 2234 1520 2272 Hirtium:
1544 2233 1583 2271 id
1603 2235 1708 2272 enim
1732 2233 1859 2287 ipsum
1880 2250 1957 2288 pu-

577 2315 712 2346 taram,
744 2302 850 2354 quod
873 2301 1006 2339 scribis
1025 2320 1035 2346 5
1068 2310 1126 2346 ut,
1157 2315 1250 2339 cum
1272 2299 1475 2352 ingenium
1496 2300 1613 2339 amici
1635 2299 1752 2339 nostri
1772 2301 1957 2354 probare-

578 2379 654 2415 tur,
685 2364 813 2409 ὑπθῐσῑς
833 2366 1079 2419 vituperandi
1101 2367 1262 2406 Catonis
1283 2365 1523 2405 irrideretur.
