2243 3008
545 251 652 290 AD
709 246 1142 287 ATTICUM
1211 248 1497 291 LIB.V11.
1646 265 1718 305 197

332 351 640 406 Responderem,
662 350 703 396 si,
726 348 1064 402 quemadmodum
1084 349 1205 401 parati
1226 350 1404 396 essemus,
1437 352 1587 393 scirem.
1624 355 1718 394 Cas-

331 420 430 458 sium
463 426 543 456 erat
571 415 639 454 hic
672 415 854 454 auditum
887 414 1097 467 expulsum
1127 416 1308 461 Ancone,
1339 430 1501 469 eamque
1532 420 1669 459 urbem
1700 436 1721 460 a

329 483 445 523 nobis
467 481 605 520 teneri.
638 480 678 518 Si
699 480 850 518 bellum
870 478 1053 518 futurum
1074 479 1141 525 est,
1159 481 1366 532 negotium
1386 482 1498 521 utile.
1531 484 1719 524 Caesarem

330 548 508 602 quidem,
539 548 590 586 L.
614 546 760 585 Caesare
780 559 873 584 cum
895 545 1087 584 mandatis
1109 545 1156 583 de
1177 559 1270 599 pace
1291 546 1418 593 miffo,
1451 557 1579 587 tamen
1611 552 1721 590 aiunt

329 613 516 652 acerrime
537 612 733 650 delectum
753 610 910 657 habere,
941 611 1027 649 loca
1046 624 1253 664 occupare,
1285 612 1427 650 vinciri
1447 614 1646 666 praefidiis.
1683 617 1720 653 O

328 679 532 733 perditum
550 678 744 716 latronem
763 677 771 715 ἔ
797 678 833 716 O
856 677 922 715 vix
943 677 1026 715 ullo
1047 678 1129 715 otio
1149 678 1477 730 compensandam
1498 678 1600 718 hanc
1622 682 1720 719 Rei-

329 745 501 798 publicae
534 743 852 797 turpitudinem!
900 742 973 781 Sed
1006 742 1239 782 stomachari
1273 743 1506 790 defimamus,
1552 749 1722 800 tempori

329 823 549 864 pareamus,
579 823 672 848 cum
703 809 894 863 Pompeio
923 809 966 847 in
993 808 1227 862 Hispaniam
1247 823 1396 849 eamus.
1443 812 1542 850 Haec
1564 822 1659 866 opto
1680 815 1722 853 in

330 878 474 923 malis;
506 877 696 930 quoniam
728 876 838 914 illius
872 875 1040 914 alterum
1071 876 1321 915 consulatum
1353 891 1374 915 a
1404 878 1641 931 Republica,
1673 894 1723 919 ne

331 944 419 981 data
451 943 615 996 quidem
649 942 863 988 occasione,
905 942 1138 995 repulimus.
1185 942 1260 981 Sed
1293 942 1377 981 haec
1410 943 1611 985 ha&enus.
1659 947 1723 986 De

332 1009 524 1061 Dionyfio
544 1008 652 1061 fugit
671 1022 735 1047 me
756 1008 802 1046 ad
824 1018 862 1046 te
881 1017 992 1046 antea
1011 1008 1177 1047 scribere
1195 1023 1205 1047 ε
1237 1008 1300 1047 sed
1328 1009 1384 1047 ita
1403 1011 1590 1050 constitui
1605 1031 1617 1058 3
1650 1026 1721 1051 ex-

330 1078 484 1128 pediam
503 1074 682 1128 responsa
702 1075 860 1114 Caesaris
877 1093 890 1120 ς
922 1084 981 1120 ut,
1013 1075 1040 1113 fi
1068 1074 1117 1112 ad
1145 1075 1284 1114 urbem
1311 1076 1541 1124 rediremus,
1571 1078 1630 1117 ibi
1651 1093 1722 1118 nos

330 1143 549 1195 expectaret
564 1159 578 1186 ς
609 1141 665 1179 fin
685 1140 832 1179 tardius
853 1140 895 1178 id
915 1141 1039 1186 fieret,
1070 1150 1158 1179 tum
1177 1155 1268 1180 eum
1288 1143 1573 1183 arcefferemus.
1616 1146 1723 1184 Om-

329 1208 426 1246 nino
446 1206 543 1260 quid
572 1206 641 1244 ille
660 1206 786 1245 facere
806 1206 988 1244 debuerit
1014 1206 1056 1244 in
1086 1206 1213 1245 nostra
1240 1207 1310 1246 illa
1336 1207 1447 1261 fuga,
1477 1210 1575 1263 quid
1605 1211 1723 1250 docto

330 1273 495 1312 homine
514 1281 554 1311 et
573 1273 702 1311 amico
722 1272 890 1325 dignum
910 1271 1045 1318 fuerit,
1076 1286 1170 1311 cum
1197 1274 1409 1326 praesertim
1437 1285 1593 1328 rogatus
1614 1277 1720 1317 effet.

332 1339 405 1378 Sed
424 1338 508 1377 haec
528 1352 608 1377 non
630 1339 749 1377 nimis
777 1339 943 1391 exquiro
971 1352 993 1376 a
1022 1339 1188 1377 Graecis.
1235 1341 1302 1378 Tu
1334 1348 1465 1379 tamen
1494 1342 1661 1389 videbis,
1693 1344 1722 1383 fi

330 1405 418 1451 erit,
444 1404 551 1458 quod
572 1404 715 1450 nolim,
745 1404 1001 1450 arcessendus,
1031 1418 1081 1443 ne
1101 1404 1255 1443 molesti
1275 1406 1393 1445 fimus
1414 1407 1555 1446 invito.
1587 1409 1722 1461 Qin-

331 1480 394 1509 tus
414 1469 533 1508 frater
552 1470 716 1516 laborat,
748 1479 793 1508 ut
820 1470 896 1508 tibi
923 1469 1030 1523 quod
1058 1470 1174 1509 debet
1201 1471 1248 1509 ab
1276 1472 1449 1524 Egnatio
1469 1472 1617 1513 solvat:
1650 1489 1723 1513 nec

330 1535 502 1588 Egnatio
521 1536 703 1574 voluntas
723 1535 839 1581 deest,
871 1550 943 1574 nec
963 1550 1103 1589 parum
1123 1537 1300 1590 locuples
1321 1537 1374 1576 est
1389 1557 1402 1584 ς
1434 1538 1498 1577 sed
1525 1553 1617 1578 cum
1647 1541 1725 1580 tale

332 1611 489 1654 tempus
510 1601 570 1645 fit,
602 1610 646 1639 ut
667 1601 925 1653 QTitinius
957 1602 1152 1654 (multum
1181 1604 1288 1642 enim
1315 1603 1369 1641 est
1389 1604 1616 1657 nobiscum)
1639 1607 1722 1645 via-

330 1667 459 1707 ticum
479 1666 515 1705 se
534 1676 652 1719 neget
671 1666 813 1705 habere
829 1685 841 1712 3
874 1666 1058 1720 idemque
1087 1668 1334 1707 debitoribus
1361 1669 1437 1708 suis
1464 1670 1721 1719 denuntiarit,

332 1743 377 1772 ut
396 1733 535 1771 eodem
553 1731 707 1772 foenore
728 1743 958 1779 uterentur;
989 1743 1107 1787 atque
1138 1734 1216 1774 hoc
1247 1735 1352 1774 idem
1382 1736 1500 1775 etiam
1522 1738 1571 1776 L.
1596 1739 1722 1791 Ligus

331 1799 649 1845 fecifferdicatur,
679 1813 752 1838 nec
781 1799 860 1838 hoc
889 1809 1065 1852 tempore
1096 1810 1162 1839 aut
1192 1802 1300 1840 dorni
1328 1817 1514 1841 nummos
1544 1806 1723 1856 Qintus

332 1864 486 1910 habeat,
518 1873 586 1903 aut
611 1865 767 1918 exigere
793 1865 842 1903 ab
863 1866 1052 1919 Egnatio,
1083 1876 1149 1905 aut
1178 1868 1372 1906 versuram
1393 1868 1557 1922 usquam
1579 1870 1720 1917 facere,

332 1931 475 1986 poffit;
506 1932 687 1979 miratur,
720 1941 758 1971 te
777 1946 857 1971 non
878 1932 1051 1972 habuiffe
1072 1936 1263 1973 rationem
1284 1934 1402 1988 hujus
1423 1937 1593 1989 publicae
1613 1937 1722 1975 diffi-

331 1997 505 2036 cultatis.
551 1999 641 2051 Ego
670 2008 817 2043 autem,
848 1999 915 2038 etfi
942 2000 1044 2038 illud
1069 1993 1292 2051 ψυὸηστόδέιον
1320 2002 1393 2054 (ita
1411 2003 1518 2041 enim
1539 2003 1720 2056 putatur)

332 2063 508 2110 observo,
537 2059 619 2112 μηδῖ
648 2058 758 2107 alm,
789 2066 1003 2119 praesertim
1031 2068 1072 2104 in
1094 2077 1146 2112 te,
1178 2080 1198 2104 a
1218 2081 1298 2120 quo
1319 2067 1421 2106 nihil
1443 2082 1618 2122 unquam
1638 2069 1722 2107 vidi

331 2141 476 2169 temere
495 2129 580 2169 fieri
597 2149 609 2177 ς
632 2140 764 2172 tamen
783 2133 892 2174 illius
913 2134 1072 2188 querela
1090 2134 1290 2175 movebar.
1322 2135 1415 2175 Hoc
1435 2135 1630 2189 quidquid
1649 2135 1720 2183 est,

332 2205 370 2235 te
390 2196 485 2236 scire
505 2196 629 2238 volui.
