2243 3008
525 292 601 334 232
875 275 1564 317 EPISTOLARUM

861 516 1107 552 Crcnno
1149 512 1404 550 Αττιοο
1446 512 1575 551 SAL.

516 641 644 683 'XVL
669 640 743 714 O
757 641 807 680 M
822 641 862 680 N
879 641 896 679 1
912 641 947 678 A
978 639 1079 679 mihi
1100 638 1251 692 provisa
1271 638 1375 684 sunt,
1406 648 1544 692 praeter
1563 637 1767 677 occultum
1787 648 1825 678 et
1846 648 1912 678 tu-

766 716 853 745 tum
872 706 947 744 iter
967 705 1013 744 ad
1034 718 1138 743 mare
1159 705 1342 756 superum
1360 719 1369 743 ε
1401 704 1479 742 hoc
1499 704 1607 742 enim
1627 704 1725 742 mari
1746 704 1805 742 uti
1834 718 1914 743 non

525 774 727 827 possumus
749 771 825 810 hoc
847 781 1023 823 tempore
1044 770 1150 808 anni.
1188 769 1292 807 Illuc
1311 779 1459 815 autern,
1481 783 1560 822 quo
1580 769 1724 821 spe-stat
1743 770 1914 814 animus,

525 849 566 877 et
587 852 667 891 quo
688 851 745 876 res
767 846 893 882 vocat,
924 849 1000 888 qua
1028 836 1214 874 veniam?
1244 834 1464 873 cedendum
1492 836 1600 874 enim
1626 833 1680 871 est
1707 833 1913 879 celeriter;

525 918 576 942 ne
597 903 697 942 forte
717 916 794 955 qua
813 916 853 941 re
873 900 1065 953 impediar
1084 909 1202 951 atque
1220 900 1372 952 alliget.
1402 902 1491 940 Nec
1506 913 1597 940 vero
1616 899 1686 938 ille
1705 913 1769 938 me
1788 899 1914 945 ducit,

526 970 597 1022 qui
617 968 798 1007 videtur:
831 981 950 1020 quem
982 979 1055 1018 ego
1081 964 1289 1004 hominem
1318 963 1596 1002 λ’νηλιτικώτατον
1625 965 1808 1004 omnium
1831 967 1916 1018 jam

525 1043 615 1072 ante
634 1045 847 1086 cognoram
863 1051 876 1077 ;
907 1044 1015 1070 nunc
1034 1043 1127 1070 vero
1145 1031 1266 1069 etiam
1283 1029 1604 1079 ἁςρατηγιιιῶτατον,
1636 1031 1732 1069 Νοῃ
1753 1043 1817 1068 me
1837 1031 1915 1083 igi-

526 1109 592 1137 tur
611 1099 643 1137 is
664 1099 790 1144 ducit,
818 1097 882 1136 sed
901 1097 1027 1136 sermo
1046 1095 1275 1141 hominum,
1296 1095 1367 1149 qui
1386 1094 1433 1132 ad
1453 1108 1518 1134 me
1537 1109 1558 1133 a
1578 1095 1800 1134 Philotimo
1820 1096 1915 1134 scri-

526 1165 660 1203 bitur:
690 1165 724 1202 is
745 1164 852 1202 enim
872 1176 937 1202 me
956 1163 1004 1202 ab
1024 1161 1284 1216 optimatibus
1305 1161 1359 1199 ait
1379 1160 1596 1200 conscindi.
1629 1161 1788 1213 Qibus
1809 1163 1915 1215 opti-

526 1231 716 1275 matibus,
746 1229 803 1268 dii
824 1229 920 1268 boni
937 1230 951 1267 ?
979 1229 1054 1282 qui
1074 1240 1181 1266 nunc
1201 1240 1282 1281 quo
1303 1226 1423 1265 modo
1442 1236 1671 1272 occurrunt,
1699 1241 1779 1280 quo
1799 1227 1918 1266 modo

525 1305 659 1335 autem
679 1295 717 1334 se
732 1294 950 1340 venditant,
969 1294 1138 1334 Caesari?
1160 1292 1390 1345 Municipia
1409 1306 1499 1331 vero
1519 1293 1678 1331 Deum:
1702 1306 1774 1331 nec
1796 1292 1916 1331 fimu-

526 1361 624 1406 lant,
657 1369 702 1399 ut
731 1374 824 1398 cum
854 1360 902 1398 de
930 1360 1002 1398 illo
1022 1367 1168 1412 aegroto
1188 1367 1278 1397 vota
1295 1357 1493 1396 faciebant
1509 1377 1521 1403 5
1554 1358 1616 1396 sed
1637 1358 1766 1411 plane,
1797 1357 1917 1410 quid-

524 1426 624 1479 quid
644 1425 739 1464 mali
758 1424 826 1463 hic
847 1425 1063 1464 Pisistratus
1084 1437 1164 1463 non
1184 1423 1337 1468 fecerit,
1368 1432 1448 1462 tam
1468 1433 1624 1476 gratum
1651 1423 1720 1469 est,
1751 1437 1869 1476 quam
1892 1423 1917 1461 fi

525 1491 650 1530 alium
671 1490 797 1529 facere
817 1490 1080 1544 prohibuerit.
1113 1490 1238 1527 Hunc
1259 1489 1479 1542 propitium
1500 1488 1677 1541 sperant;
1701 1489 1818 1528 illum
1838 1490 1916 1527 ira-

526 1565 615 1596 tum
636 1565 791 1609 putant.
825 1557 933 1608 Qas
955 1555 1039 1594 fieri
1059 1553 1188 1592 censes
1207 1551 1406 1594 ἀπαντήσας
1425 1566 1474 1591 ex
1500 1553 1657 1606 oppidis
1677 1555 1690 1591 ?
1722 1567 1821 1606 quos
1841 1553 1916 1592 ho-

525 1623 672 1660 nores?
704 1622 912 1665 Metuunt,
944 1620 1127 1673 inquies:
1160 1616 1305 1663 cred0;
1337 1616 1401 1655 sed
1430 1616 1656 1657 mehercule
1685 1618 1802 1657 illum
1832 1632 1918 1658 ma-

523 1686 601 1739 gis.
649 1686 783 1738 Hujus
816 1685 995 1723 infidiosa
1015 1676 1226 1722 clementia
1244 1681 1514 1728 delectantur5
1547 1683 1655 1722 illius
1676 1683 1919 1723 iracundiam

525 1750 757 1790 formidant.
804 1750 964 1801 Judices
1001 1762 1166 1795 DCCCL,
1198 1749 1268 1801 qui
1302 1748 1498 1801 praecipue
1529 1749 1650 1787 Cnaeo
1683 1748 1814 1787 nostro
1848 1749 1918 1788 de·

526 1817 784 1861 lectabantur,
815 1829 863 1854 ex
897 1816 1043 1869 quibus
1077 1813 1257 1867 quotidie
1290 1813 1465 1865 aliquem
1499 1813 1628 1859 video,
1661 1813 1789 1852 nescio
1822 1828 1918 1868 quas

525 1884 610 1935 ejus
633 1882 817 1920 Lucerias
837 1881 1014 1920 horrent.
1062 1883 1198 1932 Itaque
1230 1893 1376 1932 quaerO,
1408 1879 1477 1931 qui
1509 1879 1583 1918 fint
1612 1879 1671 1918 isti
1692 1881 1917 1932 optimates,

527 1948 599 2000 qui
619 1960 682 1985 me
703 1946 930 1991 exturbent,
961 1961 1054 1985 cum
1083 1946 1152 1998 ipfi
1172 1945 1283 1983 domi
1303 1955 1499 1984 maneant.
1547 1945 1620 1983 Sed
1649 1955 1793 1991 tamen,
1825 1947 1917 1998 qui-

525 2027 686 2066 cunque
707 2012 810 2057 sunt,
841 2006 991 2059 ιάδῖομαῃ
1011 2007 1135 2060 Τρῶας.
1182 2011 1280 2055 Etsi,
1310 2024 1388 2062 qua
1416 2011 1480 2063 spe
1508 2011 1743 2063 proficiscar,
1775 2013 1916 2058 video;

524 2080 806 2132 conjungoque
839 2090 904 2115 me
937 2089 1030 2114 cum
1066 2074 1229 2114 homine
1263 2076 1387 2128 magis
1418 2076 1465 2113 ad
1495 2076 1713 2115 vastandam
1748 2078 1916 2123 ltaliam,

525 2157 648 2198 quam
677 2143 724 2181 ad
745 2141 1000 2186 vincendum,
1033 2151 1191 2193 parato:
1223 2140 1402 2186 demum,
1433 2155 1552 2194 quern
1582 2145 1745 2195 expecto
1768 2174 1777 2182 .
1801 2174 1808 2181 .
1832 2174 1839 2182 .
1866 2145 1918 2182 Et

526 2209 706 2262 quidem,
738 2223 831 2247 cum
853 2206 934 2246 haec
956 2206 1171 2246 scribebam
1196 2220 1255 2245 ιν.
1281 2207 1432 2252 Nonas,
1458 2208 1542 2259 jam
1569 2209 1820 2261 cxpefflbam
1842 2210 1914 2247 ali-

527 2274 625 2326 quid
647 2288 667 2312 a
688 2273 919 2312 Brundufio.
967 2272 1077 2324 Qid
1109 2282 1240 2311 autem
1270 2271 1451 2324 aliquid?
1484 2286 1600 2325 quarn
1631 2274 1719 2312 inde
1752 2276 1918 2327 turpiter

527 2339 700 2392 fugisset,
731 2349 770 2377 et
791 2339 913 2377 viCtor
933 2337 999 2377 hic
1019 2352 1097 2391 qua
1118 2338 1153 2377 se
1174 2337 1348 2383 referret,
1370 2349 1408 2376 et
1429 2353 1522 2391 quo.
1557 2340 1676 2391 Qod
1698 2340 1766 2378 ubi
1787 2341 1915 2380 audis-

526 2406 636 2451 sem5
669 2406 695 2444 si
718 2405 784 2444 ille
806 2406 937 2458 Appia
957 2405 1119 2451 veniret,
1150 2419 1224 2458 ego
1246 2405 1444 2458 Arpinum
1467 2406 1704 2459 cogitabam.
