2243 3008
525 260 633 299 AD
690 259 1123 298 ATTICUM
1192 262 1336 303 LIB.
1387 263 1504 305 xv1.
1628 279 1709 321 455

321 357 497 396 surdum.
530 356 814 408 Relinquimus
835 355 943 394 enim
964 368 1116 408 pacem,
1139 364 1183 393 ut
1203 357 1251 394 ad
1271 357 1424 399 bellum
1445 371 1709 409 revertamur;

321 423 506 476 quodque
536 422 724 474 temporis
755 421 797 459 in
827 420 1022 474 praediolis
1054 420 1208 467 nostris,
1239 431 1278 460 et
1310 423 1412 462 belle
1443 427 1642 467 aedificatis
1673 439 1712 467 et

321 488 410 527 satis
431 489 611 532 amoenis,
642 486 821 525 consumi
843 487 988 540 potuit,
1020 487 1060 524 in
1085 488 1398 541 peregrinatione
1424 492 1710 533 consumimus.

322 551 588 590 Consolantur
625 551 724 590 haec.
780 554 864 590 Aut
902 551 1148 604 proderimus
1188 553 1339 605 aliquid
1379 555 1579 601 Ciceroni,
1629 568 1710 603 aut,

319 627 514 670 quantum
534 617 674 671 profici
694 618 822 670 poffit,
843 617 1130 670 judicabimuS.
1163 618 1319 657 Deinde
1340 628 1384 657 tu
1398 621 1498 672 jam,
1521 631 1565 660 ut
1587 622 1710 675 spero,

319 691 359 721 et
380 692 423 720 ut
444 684 661 735 promittis,
682 682 829 721 aderis:
863 682 970 734 quod
990 682 1153 735 quidem
1173 683 1200 720 fi
1221 683 1422 730 acciderit,
1444 687 1578 724 omnia
1597 688 1712 726 nobis

318 757 435 786 erunt
473 749 651 786 meliora.
701 748 883 787 Maxime
915 757 1048 785 autem
1081 761 1145 786 me
1182 749 1292 801 angit
1330 750 1429 788 ratio
1467 752 1714 804 reliquorum

320 825 500 851 meorum
519 829 528 852 ε
561 828 648 866 quae
669 826 895 866 quanquam
914 813 1110 865 explicata
1128 812 1242 859 sunt;
1266 823 1412 860 tamen,
1435 817 1541 868 quod
1563 826 1601 855 et
1623 818 1711 856 Do-

319 878 471 918 labellae
493 893 638 918 nomen
665 880 707 917 in
736 880 784 917 iis
814 879 882 924 est,
913 887 952 916 et
971 878 1229 917 attributione
1250 879 1352 918 mihi
1379 882 1541 920 nomina
1560 883 1710 937 ignota,

319 945 564 983 conturbor:
598 958 668 983 nec
690 958 754 983 me
775 944 856 983 ulla
876 957 933 982 res
955 945 1079 996 magis
1109 945 1218 996 angit
1247 959 1295 984 ex
1324 947 1527 987 omnibus.
1575 950 1713 1002 Itaque

320 1022 400 1048 non
422 1009 524 1048 mihi
544 1010 678 1048 videor
697 1010 844 1055 errasse,
875 1010 982 1062 quod
1003 1010 1050 1047 ad
1080 1010 1251 1048 Balbum
1272 1011 1401 1064 scripsi
1433 1014 1619 1065 apertius,
1652 1004 1710 1061 ut‘,

321 1074 347 1112 s1
369 1075 465 1127 quid
488 1076 563 1113 tale
582 1075 792 1120 accidisset,
825 1084 868 1112 ut
901 1089 979 1112 non
1010 1085 1289 1114 concurrerent
1318 1078 1494 1123 nomina,
1526 1079 1711 1118 subveni-

320 1151 406 1186 ret;
439 1155 581 1194 meque
602 1142 676 1180 tibi
697 1142 814 1179 etiam
837 1140 1042 1186 mandasse,
1074 1150 1133 1186 ut,
1164 1142 1190 1179 fi
1213 1142 1309 1195 quid
1329 1143 1521 1195 ejusmodi
1545 1146 1710 1184 accidis-

320 1206 390 1251 set,
421 1220 514 1245 cum
534 1221 581 1245 eo
600 1208 940 1246 communicares:
973 1206 1079 1259 quod
1099 1206 1232 1253 facies,
1264 1208 1290 1246 s1
1313 1209 1387 1246 tibi
1408 1209 1619 1256 videbitur,
1642 1225 1711 1250 eo-

320 1285 398 1324 que
419 1273 560 1324 magis,
592 1272 616 1310 fi
639 1271 897 1325 proficisceris
917 1272 957 1309 in
980 1271 1166 1324 Epirum.
1212 1272 1311 1311 Haec
1343 1287 1417 1326 ego
1447 1275 1710 1316 conscendens

319 1351 340 1375 e
362 1338 602 1390 Pompeiano
624 1339 750 1376 tribus
771 1337 1007 1382 actuariolis,
1038 1338 1175 1376 decem
1196 1338 1365 1379 scalmis.
1403 1341 1548 1380 Brutus
1569 1352 1649 1380 erat
1669 1344 1711 1381 in

319 1403 465 1443 Nefide
485 1405 603 1441 etiam
625 1417 746 1449 nunc,
764 1403 936 1456 Neapoli
957 1403 1121 1442 Caffius.
1154 1405 1313 1457 Ecquid
1334 1419 1437 1444 amas
1460 1407 1710 1459 Dejotarum,

319 1478 358 1506 et
379 1482 457 1506 non
485 1482 589 1507 amas
618 1469 817 1507 Hieram?
848 1469 934 1521 qui,
965 1477 1011 1507 ut
1041 1468 1256 1508 Blesamius
1289 1471 1398 1509 venit
1428 1471 1475 1508 ad
1506 1485 1585 1517 me,
1617 1486 1711 1511 cum

319 1534 354 1572 ei
377 1533 647 1586 praescriptum
667 1534 772 1579 effet,
804 1547 852 1571 ne
883 1533 981 1586 quid
1012 1534 1091 1571 fine
1123 1535 1230 1573 Sexti
1261 1535 1380 1573 nostri
1409 1536 1600 1575 sententia
1620 1551 1712 1590 age-

320 1609 405 1644 ret3
439 1613 565 1651 neque
590 1600 636 1637 ad
666 1600 798 1644 illum,
831 1613 957 1651 neque
986 1599 1032 1637 ad
1063 1613 1304 1653 quemquam
1336 1601 1525 1647 nostrum,
1558 1604 1709 1643 retulit.

321 1665 498 1703 Atticam
520 1664 688 1704 nostram
709 1665 828 1718 cupio
843 1664 1042 1703 absentem
1062 1665 1248 1710 suaviari;
1270 1666 1323 1703 ita
1344 1665 1445 1704 mihi
1463 1667 1590 1706 dulcis
1611 1668 1724 1707 salus,

320 1730 399 1768 visa
419 1729 486 1774 est,
504 1744 572 1783 per
593 1740 630 1768 te
650 1730 759 1768 miffa
778 1730 825 1768 ab
846 1730 928 1769 illa.
962 1729 1122 1769 Referes
1143 1730 1266 1783 igitur
1285 1732 1320 1769 ei
1341 1731 1571 1784 plurimam,
1590 1734 1709 1772 item-

320 1809 396 1849 que
417 1795 527 1834 Piliae
548 1795 652 1835 dicas
674 1796 809 1835 velim.

656 1998 899 2035 Crcssno
940 1998 1196 2036 Aa-Txco
1238 1999 1369 2037 SAL.

321 2125 394 2164 IV.
419 2125 556 2197 ITA
585 2134 630 2164 ut
658 2124 744 2163 heri
778 2125 854 2164 tibi
888 2126 1059 2172 narravi„
1084 2127 1145 2165 vel
1174 2125 1328 2165 fortasse
1359 2125 1478 2165 hodie
1512 2127 1714 2179 (Qintus

477 2192 584 2230 enim
605 2191 727 2229 altero
747 2191 809 2229 die
831 2192 865 2229 se
886 2192 1029 2244 aiebat)
1053 2194 1092 2231 in
1114 2192 1258 2231 Nefida
1274 2206 1360 2230 VI11
1381 2193 1488 2230 I‘dus.
1522 2193 1584 2230 Ibi
1606 2194 1708 2231 Bru-

322 2266 399 2295 tus.
444 2258 575 2309 Qam
597 2257 665 2295 ille
685 2257 814 2295 doluit
833 2257 880 2296 de
901 2258 1032 2297 Nonis
1052 2257 1170 2312 Juliis
1187 2258 1204 2294 ,Ι
1233 2257 1399 2295 mirifice
1420 2257 1473 2295 est
1493 2258 1707 2296 conturba-

323 2330 400 2358 tus.
443 2321 580 2374 Itaque
600 2321 675 2359 sese
695 2321 933 2374 scripturum
954 2323 1093 2366 aiebat,
1126 2332 1169 2360 ut
1190 2322 1436 2360 venationem
1457 2322 1591 2367 etiam,
1622 2335 1709 2375 quae

322 2385 505 2438 postridie
534 2387 648 2426 ludos
677 2387 926 2440 Apollinares
956 2387 1090 2426 futura
1118 2387 1185 2432 est,
1217 2387 1517 2440 proscriberent,
1551 2400 1607 2425 111
1646 2387 1706 2426 Id.

322 2451 451 2502 Qint.
497 2451 601 2489 Libo
633 2453 857 2491 intervenit.
904 2454 941 2492 Is
965 2452 1190 2499 Philonem,
1222 2453 1404 2506 Pompeii
1435 2453 1638 2497 libertum,
1670 2462 1709 2490 et

323 2516 510 2555 Hilarum
550 2516 664 2555 suum
712 2517 916 2563 libertum,
966 2518 1107 2558 venisse
1144 2531 1166 2556 a
1205 2519 1322 2557 Sexto
1366 2531 1460 2556 cum
1498 2517 1621 2555 literis
1661 2516 1709 2554 ad
