2243 3008
546 255 656 295 AD
715 253 1147 293 ATTICUM
1215 255 1356 295 LIB.
1408 256 1523 297 VIII.
1654 272 1730 315 ²05

346 359 387 397 in
408 370 492 397 eam
512 345 665 394 causam
685 354 891 399 descende,
922 354 963 392 in
989 367 1066 406 qua
1092 368 1219 408 neque
1246 358 1367 408 pacis,
1399 372 1526 412 neque
1546 360 1730 412 viiioriae,

345 423 445 461 ratio
464 421 622 474 quaefita
640 420 688 460 fit
713 433 904 472 unquam,
935 419 999 458 sed
1027 419 1178 474 semper
1206 421 1404 474 flagitiosae
1433 435 1471 463 et
1501 428 1732 469 calamitosae

344 488 463 541 fugae.
495 485 714 532 Eundum3
748 495 806 532 ut,
837 499 1118 539 quemcunque
1138 485 1219 526 fors
1239 488 1377 527 tulerit
1397 490 1543 537 casum,
1574 494 1732 535 subeam

343 554 476 607 potius
497 566 592 592 curn
611 553 676 598 iis,
707 552 777 605 qui
807 552 996 591 dicuntur
1015 552 1088 591 effe
1118 553 1228 599 boni,
1258 567 1378 607 quarn
1407 556 1539 595 videar
1567 572 1587 596 a
1617 560 1730 600 bonis

342 619 555 661 dissentire.
600 619 684 658 Etsi
709 618 940 672 propediem
963 618 1078 657 video
1099 619 1310 666 bonorum,
1340 621 1381 659 id
1402 622 1454 660 est
1475 624 1673 665 lautorum
1693 638 1732 666 et

341 685 605 739 locupletum,
627 685 768 724 urbem
787 684 971 724 refertam
991 684 1100 730 fore;
1123 687 1354 740 municipiis
1375 702 1466 727 vero
1486 689 1548 729 his
1570 693 1730 739 relicti&

341 752 643 791 refertiffimam.
674 751 769 803 Qo
788 764 861 803 ego
880 751 921 789 in
943 756 1109 790 numero
1128 752 1258 798 essem,
1276 754 1302 791 fi
1322 753 1395 792 hos
1416 755 1569 795 lictores
1586 760 1731 798 moles-

341 818 508 857 tiffimos
528 831 609 856 non
637 816 822 856 haberem
839 836 852 863 ;
884 831 956 856 nec
983 831 1050 856 me
1076 818 1140 857 M.
1164 819 1323 872 Lepidi,
1354 821 1403 859 L.
1428 822 1616 870 Volcatii‚
1649 826 1730 865 Ser.

342 883 526 937 Sulpicii,
555 885 752 922 comitum
771 884 1008 936 poeniteret:
1040 897 1212 937 quorum
1241 898 1359 924 nemo
1389 901 1461 926 nec
1487 889 1642 929 stultior
1661 892 1733 938 est,

340 962 460 1002 quam
482 949 532 988 L.
555 949 762 988 Domitius
778 967 791 995 ς
822 962 895 987 nec
921 950 1218 995 inconstantior,
1249 964 1367 1004 quam
1389 954 1497 1006 App.
1522 956 1728 996 Claudius.

342 1016 458 1055 Unus
479 1016 692 1069 Pompeius
712 1029 777 1054 me
796 1025 945 1062 movet,
976 1016 1184 1062 beneficio,
1214 1031 1294 1056 non
1324 1021 1577 1061 auctoritate:
1610 1037 1731 1076 quam

340 1083 448 1121 enim
474 1081 544 1121 ille
571 1082 713 1121 habeat
740 1083 1012 1121 auctoritatem
1041 1084 1085 1121 in
1112 1083 1186 1122 hac
1206 1084 1332 1130 causa,
1362 1087 1448 1138 qui,
1478 1101 1571 1127 cum
1592 1103 1729 1130 omnes

340 1148 530 1186 Caesarem
549 1148 839 1194 metuebamus,
860 1148 941 1201 ipse
960 1162 1053 1187 eum
1074 1149 1290 1202 diligebat?
1312 1152 1518 1205 postquam
1539 1169 1629 1193 vero
1650 1157 1731 1209 ipse

338 1223 514 1252 metuere
534 1214 672 1267 caepit,
702 1223 816 1267 putat
845 1227 983 1252 omnes
1012 1213 1139 1253 hostes
1160 1215 1222 1253 illi
1242 1226 1420 1268 oportere
1440 1218 1511 1257 effe
1530 1221 1543 1257 ?
1575 1221 1732 1260 Ibimus

339 1289 470 1318 tamen
492 1280 702 1319 Luceriam
715 1299 728 1326 5
760 1293 832 1319 nec
852 1294 944 1319 eum
965 1279 1119 1319 fortaffe
1138 1281 1347 1321 delectabit
1367 1284 1493 1322 noster
1512 1286 1699 1326 adventus
1716 1303 1728 1327 ε

338 1345 575 1384 diffimulare
594 1345 701 1384 enim
722 1358 802 1383 non
823 1355 976 1398 potero,
1005 1345 1124 1392 mihi,
1156 1360 1242 1399 quae
1262 1347 1390 1386 adhuc
1411 1351 1492 1387 afta
1512 1350 1616 1397 sunt,
1648 1353 1728 1390 dis-

337 1411 498 1465 plicere.
530 1412 633 1464 Ego,
665 1411 692 1450 fi
717 1411 902 1450 somnum
923 1425 1058 1465 capere
1078 1412 1239 1465 possem,
1272 1422 1352 1451 tam
1373 1415 1504 1468 longis
1525 1425 1562 1455 te
1582 1418 1728 1470 episto-

337 1477 386 1515 lis
407 1490 487 1515 non
507 1477 783 1516 obtunderem.
816 1478 899 1523 Tu,
930 1478 957 1516 fi
978 1478 1055 1516 tibi
1074 1478 1207 1517 eadem
1227 1478 1339 1518 causa
1359 1480 1426 1526 est,
1457 1494 1521 1520 me
1541 1496 1729 1522 remune-

337 1555 418 1581 rere
438 1542 524 1580 sane
545 1542 682 1581 velim.

676 1744 917 1781 C1czno
959 1744 1215 1782 ATT1co
1256 1745 1389 1785 SAL.

337 1873 391 1912 11.
417 1871 628 1946 MIHI
656 1885 747 1910 vero
767 1871 900 1910 omnia
919 1880 1053 1924 grata;
1086 1882 1125 1910 et
1145 1873 1253 1925 quod
1272 1874 1449 1927 scripsisti
1471 1876 1517 1914 ad
1538 1891 1615 1923 me,
1638 1893 1727 1932 quae

539 1936 711 1976 audieras
729 1956 741 1983 3
773 1947 811 1975 et
832 1937 939 1990 quod
959 1951 1039 1976 non
1060 1938 1272 1984 credidisti,
1303 1954 1390 1993 quae
1411 1941 1529 1994 digna
1549 1943 1721 1997 diligen-

335 2005 390 2043 tia
409 2018 496 2043 mea
515 2017 595 2042 non
615 2013 723 2042 erant
738 2023 750 2050 ς
783 2014 821 2042 et
842 2003 950 2057 quod
970 2005 1172 2050 monuisti,
1203 2006 1310 2057 quod
1331 2007 1536 2048 sentiebas.
1568 2011 1656 2063 Ego
1676 2012 1725 2049 ad

335 2071 524 2109 Caesarem
544 2083 639 2108 unas
662 2071 796 2123 Capua
815 2069 944 2108 literas
966 2070 1070 2115 dedi,
1102 2071 1247 2124 quibus
1276 2072 1323 2110 ad
1350 2087 1392 2111 ea
1419 2075 1604 2127 rescripfi,
1637 2090 1723 2128 quae

334 2150 492 2175 mecum
513 2136 581 2174 ille
608 2136 655 2174 de
683 2135 966 2188 gladiatoribus
994 2136 1070 2174 suis
1100 2147 1243 2190 egerat,
1277 2139 1424 2183 breves,
1456 2140 1519 2177 sed
1550 2141 1721 2180 benevo-

334 2201 497 2240 lentiam
532 2202 807 2254 fignificantes,
841 2215 920 2240 non
955 2201 1075 2240 modo
1109 2203 1186 2240 fine
1220 2204 1474 2248 contumelia,
1506 2204 1568 2241 sed
1602 2206 1721 2246 etiam

334 2278 428 2303 cum
456 2267 627 2304 maxima
654 2266 783 2312 laude,
816 2267 1023 2319 Pompeii:
1056 2266 1098 2304 id
1123 2267 1231 2305 enim
1251 2268 1320 2305 illa
1339 2268 1528 2306 sententia
1546 2270 1718 2322 postula-

335 2331 415 2375 bat,
446 2345 523 2384 qua
542 2332 659 2370 illum
679 2332 726 2369 acl
747 2333 999 2370 concordiam
1018 2332 1214 2371 hortabar.
1262 2334 1336 2372 Eas
1358 2333 1385 2372 fi
1406 2347 1485 2387 quo
1509 2335 1577 2373 ille
1597 2337 1718 2383 misit,

335 2396 376 2433 in
397 2396 560 2448 publico
579 2409 770 2449 proponat
792 2398 929 2437 velim.
974 2398 1127 2436 Alteras
1157 2398 1295 2437 eodem
1326 2399 1387 2437 die
1414 2400 1517 2446 dedi,
1549 2415 1629 2453 quo
1649 2401 1718 2440 has

334 2460 380 2498 ad
402 2470 452 2499 te.
500 2461 595 2500 Non
615 2463 728 2513 potui
749 2477 827 2502 non
849 2464 951 2509 dare,
984 2477 1076 2502 cum
1105 2474 1144 2502 et
1173 2464 1254 2517 ipse
1283 2465 1328 2502 ad
1350 2479 1413 2504 me
1433 2466 1646 2518 scripsisset,
1677 2477 1718 2505 et

334 2526 494 2566 Balbus.
542 2527 688 2565 Earum
719 2529 948 2581 exemplum
977 2529 1023 2568 ad
1054 2539 1091 2569 te
1120 2530 1221 2569 mifi.
1268 2530 1387 2570 Nihil
1417 2531 1581 2570 arbitror
1615 2531 1715 2581 fore,
