2243 3008
446 301 496 342 30
799 280 1483 323 EPISTOLARUM

444 389 616 443 permale
636 394 860 441 pugnarunt
878 400 886 423 :
919 393 958 422 et
979 382 1155 421 Helvetii
1177 381 1252 419 fine
1275 379 1398 418 dubio
1419 379 1508 418 sunt
1529 379 1568 418 in
1591 379 1722 425 armis,
1752 392 1826 418 ex-

445 452 714 504 curfionesque
734 452 774 488 in
795 449 1036 503 provinciam
1057 445 1222 484 faciunt.
1261 445 1420 482 Senatus
1441 444 1626 490 decrevit,
1649 453 1694 482 ut
1714 445 1826 482 Con-

446 520 544 558 sules
574 518 672 556 duas
707 516 856 554 Gallias
896 514 1137 556 sortirentur,
1182 510 1352 548 delectus
1386 509 1608 554 haberetur,
1652 509 1825 547 vacatio-

445 599 512 625 nes
534 598 582 623 ne
601 583 786 626 valerent,
817 581 935 633 legati
963 592 1056 618 cum
1086 577 1313 615 auctoritate
1343 576 1609 620 mitterentur,
1639 576 1710 627 qui
1740 575 1826 613 adi-

445 660 532 689 rent
563 648 704 688 Galliae
737 647 928 690 civitates,
969 645 1182 696 darentque
1213 653 1385 693 operam,
1427 653 1476 678 ne
1507 654 1560 679 eae
1593 654 1688 679 cum
1721 639 1826 678 Hel-

444 716 558 753 vetiis
593 714 628 752 se
656 714 883 765 jungerent.
935 710 1072 762 Legati
1107 709 1196 746 sunt
1229 708 1298 758 Q
1322 706 1511 744 Metellus
1547 707 1743 750 Creticus,
1787 713 1828 743 et

447 783 496 820 L.
520 781 700 824 Flaccus,
731 787 784 821 et,
814 771 846 811 *n*
869 773 922 810 ἐπὶ
946 773 985 826 τῇ
1007 771 1103 825 φακῇ
1126 768 1228 825 μόςον,
1258 771 1452 810 Lentulus
1484 771 1669 810 Clodiani
1701 770 1824 808 filius.

446 848 579 898 Atque
617 843 693 882 hoc
727 843 816 880 loco
849 839 950 878 illud
985 851 1063 876 non
1096 850 1200 890 queo
1233 837 1441 890 praeterire,
1485 836 1607 889 quod,
1632 844 1745 874 ‘cum
1779 835 1828 873 de

445 909 727 950 Consularibus
755 919 843 945 mea
872 905 999 957 prima
1030 903 1107 941 sors
1138 901 1287 946 exifl'et,
1318 915 1396 939 una
1423 913 1521 939 voce
1552 903 1714 939 Senatus
1745 899 1828 938 fre-

446 989 570 1030 quens
604 973 852 1013 rctinendum
888 983 951 1008 me
984 971 1025 1006 in
1052 968 1149 1006 urbe
1178 967 1344 1005 censuit.
1391 967 1483 1004 Hoc
1512 966 1618 1004 idem
1650 965 1734 1019 post
1763 979 1829 1004 me

448 1041 637 1093 Pompeio
656 1037 799 1076 accidit
817 1051 826 1074 :
858 1044 903 1072 ut
923 1047 994 1091 nos
1015 1033 1107 1077 duo,
1138 1031 1243 1092 quali
1275 1033 1440 1084 pignora
1465 1032 1714 1085 Reipublicae
1733 1032 1828 1070 reti·-¹

446 1107 528 1145 neri
549 1104 782 1143 videremur.
816 1098 926 1151 Qid
946 1098 1053 1136 enim
1073 1110 1146 1150 ego
1167 1097 1333 1135 aliorum
1355 1097 1394 1134 in
1416 1109 1480 1134 me
1496 1094 1738 1146 ἑπιφωνοὶμιτα
1754 1110 1828 1135 ex-

444 1173 612 1224 pectem,
640 1181 735 1206 cum
756 1165 838 1204 haec
858 1163 968 1202 domi
993 1162 1230 1200 nascantur?
1262 1162 1431 1200 Urbanae
1459 1170 1592 1199 autem
1621 1174 1680 1199 res
1710 1161 1761 1200 fic
1791 1161 1830 1199 se

445 1236 606 1275 habent.
653 1232 814 1285 Agraria
840 1231 903 1268 lex
923 1243 944 1267 a
964 1229 1100 1267 Flavio
1119 1228 1305 1266 Tribuno
1325 1227 1451 1280 plebis
1471 1225 1724 1265 vehementer
1742 1228 1829 1280 agi-

446 1301 599 1339 tabatur
618 1300 772 1336 auctore
799 1294 1016 1347 Pompeio;
1048 1307 1134 1345 quae
1166 1292 1269 1330 nihil
1296 1292 1483 1346 populare
1512 1290 1696 1337 habebat,
1727 1305 1829 1345 prae-

445 1377 504 1405 ter
523 1367 732 1408 auctorem.
779 1363 841 1400 Ex
870 1360 943 1399 hac
971 1373 1044 1412 ego
1070 1359 1171 1411 lege,
1201 1358 1368 1397 secunda
1385 1358 1588 1397 concionis
1608 1357 1826 1404 voluntate,

444 1433 578 1471 omnia
598 1430 666 1469 illa
685 1428 887 1472 tollebam,
918 1439 1004 1478 quae
1025 1423 1072 1463 ad
1098 1425 1340 1477 privatorum
1371 1423 1672 1463 incommodum
1703 1423 1827 1477 perti-

447 1498 618 1536 nebant:
651 1494 863 1533 liberabam
896 1505 1035 1544 agrum
1068 1504 1175 1536 eum,
1205 1490 1277 1543 qui
1306 1490 1352 1529 P.
1382 1490 1540 1535 Mucio,
1571 1490 1621 1528 L.
1654 1489 1828 1542 Calpur-

448 1565 514 1603 nio
549 1561 652 1601 Coss.
690 1560 874 1614 publicus
908 1557 1065 1596 fuiss‘et:
1110 1556 1358 1608 Syllanorum
1389 1555 1601 1595 hominum
1631 1554 1828 1608 posseffio-

447 1643 513 1668 nes
534 1626 841 1666 confirmabam:
875 1623 1148 1661 Volaterranos
1179 1631 1218 1660 et
1249 1621 1469 1667 Arretinos,
1499 1634 1672 1675 quorum
1691 1633 1831 1673 agrum

447 1694 551 1745 Sylla
584 1691 816 1746 publicarat,
857 1701 983 1741 neque
1017 1686 1209 1731 diviserat,
1249 1686 1290 1724 in
1326 1686 1390 1724 sua
1422 1685 1646 1739 poss‘effione
1679 1685 1827 1723 retine-

447 1760 564 1797 bam:
609 1770 726 1795 unam
758 1755 949 1793 rationem
983 1766 1061 1790 non
1093 1751 1336 1804 rejiciebam,
1379 1758 1424 1788 ut
1456 1763 1546 1803 ager
1576 1749 1648 1787 hac
1681 1749 1827 1787 adven-

446 1826 534 1863 titia
563 1822 728 1875 pecunia
756 1828 964 1862 emeretur,
995 1831 1080 1868 quae
1106 1830 1154 1854 ex
1184 1816 1294 1853 novis
1319 1815 1575 1867 vectigalibus
1607 1827 1676 1867 per
1705 1815 1827 1867 quin-

445 1888 665 1942 quennium
687 1885 935 1937 reciperetur.
980 1882 1092 1920 Huic
1124 1880 1197 1919 toti
1226 1881 1366 1918 rationi
1394 1879 1550 1932 agrariae
1577 1880 1737 1918 Senatus
1756 1878 1827 1917 ad-

448 1953 680 1996 versabatur,
730 1949 923 2002 suspicans
964 1946 1154 1999 Pompeio
1191 1959 1333 1984 novam
1370 1945 1565 1998 quandam
1610 1945 1827 1998 potentiam

448 2019 583 2073 quaeri.
630 2016 840 2069 Pompeius
869 2027 960 2052 vero
987 2013 1033 2051 ad
1062 2012 1307 2050 voluntatem
1337 2010 1572 2064 perferendae
1593 2011 1689 2063 legis
1712 2011 1828 2049 incu-

449 2087 598 2124 buerat.
645 2084 732 2135 Ego
760 2091 889 2119 autem
923 2092 1062 2132 magna
1092 2091 1183 2116 cum
1212 2077 1451 2130 agrariorum
1474 2077 1597 2130 gratia
1615 2076 1826 2115 confirma-

448 2153 538 2190 bam
558 2148 739 2188 omnium
761 2148 1000 2200 privatorum
1023 2143 1285 2197 possessiones:
1319 2144 1350 2181 is
1370 2143 1477 2181 enim
1496 2142 1549 2181 est
1572 2143 1696 2181 noster
1716 2157 1828 2181 exer-

448 2218 566 2260 citus,
597 2215 822 2257 hominum,
854 2221 897 2250 ut
918 2220 1001 2249 tute
1023 2210 1109 2254 scis,
1140 2209 1415 2262 locupletium.
1450 2209 1602 2261 Populo
1622 2218 1768 2252 autem,
1789 2218 1828 2246 et

451 2282 639 2334 Pompeio
672 2282 780 2331 (nam
809 2277 847 2316 id
873 2289 1032 2329 quoque
1058 2274 1256 2324 volebam)
1287 2273 1567 2312 fitist‘acieb.1n1
1597 2275 1825 2327 cmptione;

449 2360 525 2401 qua
544 2346 753 2385 constituta
772 2343 995 2395 diligenter,
1026 2350 1064 2379 et
1086 2340 1275 2379 sentinam
1301 2340 1408 2378 urbis
1435 2339 1646 2381 exhauriri.
1678 2350 1715 2377 et
1750 2341 1827 2378 lta-

448 2414 509 2455 b'ae
546 2411 795 2451 solitudinem
831 2408 1082 2461 frequentari,
1126 2406 1227 2460 poli‘e
1258 2406 1483 2444 arbitrabar.
1531 2406 1602 2443 Sed
1636 2405 1715 2443 lure
1750 2415 1830 2444 tota

451 2493 506 2517 res
529 2476 770 2531 interpellata
792 2474 896 2513 bello
918 2472 1132 2512 refrixerat.
1180 2472 1368 2510 Metellus
1401 2472 1452 2510 cst
1485 2471 1618 2509 consul
1650 2469 1733 2509 sanc
1755 2471 1828 2508 bo-

450 2558 538 2589 nus,
569 2552 607 2583 et
629 2556 697 2581 nos
717 2540 930 2581 admodum
951 2539 1083 2592 diligit
1102 2554 1110 2577 :
1144 2538 1209 2576 illc
1229 2539 1324 2576 alter
1346 2538 1399 2577 ita
1419 2536 1519 2576 nihil
1544 2537 1612 2581 cst.
1645 2546 1687 2575 ut
1718 2536 1829 2589 plane
