2243 3008
491 321 544 361 70
841 306 1524 346 EPISTOLARUM

491 417 650 461 propter
671 406 927 445 Autronium.
974 406 1110 450 Nunc,
1142 414 1186 443 ut
1211 405 1257 442 ad
1288 415 1325 443 te
1356 414 1466 444 antea
1493 404 1637 457 scripfi,
1669 403 1695 442 fi
1724 402 1771 442 ad
1802 415 1872 441 nos

493 474 658 518 veneris,
700 473 907 512 confilium
942 472 1063 509 totius
1098 472 1150 509 rei
1185 472 1400 523 capiemus.
1451 472 1528 510 Iter
1561 471 1634 508 esse
1665 469 1873 508 molestum

494 539 573 578 scio
589 558 601 584 ς
634 538 696 576 sed
718 547 798 576 tota
817 537 1014 576 calamitas
1036 549 1172 574 omnes
1193 536 1385 574 molestias
1406 535 1538 574 habet.
1574 535 1691 574 Plura
1710 534 1874 573 scribere

494 618 573 643 non
594 603 761 657 poffum,
791 603 845 641 ita
864 603 949 641 sum
970 602 1102 640 animo
1123 601 1299 654 perculso
1322 611 1362 639 et
1388 602 1552 654 abjecto.
1599 602 1704 639 Cura
1732 609 1776 638 ut
1806 613 1873 637 va·

493 671 586 709 leas.
620 670 713 708 Dat.
738 682 798 707 νι.
822 668 881 707 Id.
906 669 1003 720 Apr.
1027 668 1068 705 in
1088 668 1166 705 oris
1188 667 1288 706 Luc.

831 869 1074 906 Cxcssno
1113 867 1368 905 ATTlco
1410 867 1539 904 SAL.

494 996 572 1036 111.
598 994 673 1067 U
690 996 760 1033 TI
778 995 819 1033 N
834 996 870 1033 A
884 995 933 1033 M
964 995 1080 1033 illum
1110 994 1215 1033 diem
1241 992 1409 1037 videam,
1440 1005 1534 1030 cum
1561 992 1635 1031 tibi
1655 1005 1766 1044 agam
1786 1003 1875 1044 gra·

697 1061 783 1104 tias,
814 1059 921 1111 quod
941 1072 1005 1097 me
1031 1058 1159 1096 vivere
1184 1057 1359 1110 coegisti.
1406 1056 1551 1096 Adhuc
1577 1057 1739 1110 quidem
1768 1056 1879 1095 valde

492 1139 557 1165 me
578 1126 768 1179 poenitet:
800 1124 864 1162 sed
884 1133 922 1162 te
941 1137 1024 1169 oro,
1047 1132 1091 1161 ut
1111 1123 1157 1161 ad
1178 1137 1241 1162 me
1263 1123 1461 1161 Vibonem
1481 1123 1611 1161 statim
1630 1123 1775 1167 venias,
1797 1134 1878 1174 quo

492 1205 567 1244 ego
587 1191 725 1229 multis
746 1189 792 1228 de
812 1190 931 1228 caufis
951 1189 1128 1227 converti
1147 1190 1222 1227 iter
1241 1201 1390 1226 meum.
1428 1188 1501 1226 Sed
1520 1202 1566 1227 eo
1587 1189 1613 1227 fi
1633 1188 1798 1232 veneris,
1830 1186 1878 1224 de

493 1266 580 1295 toto
606 1256 746 1294 itinere
770 1267 813 1292 ac
844 1253 940 1306 fuga
967 1267 1053 1292 mea
1081 1253 1289 1291 confilium
1316 1266 1450 1305 capere
1478 1263 1630 1306 potero.
1677 1253 1716 1291 Si
1736 1252 1777 1290 id
1798 1264 1877 1290 non

494 1321 648 1367 feceris,
679 1319 851 1359 mirabor
868 1334 878 1358 ε
910 1319 974 1358 sed
993 1318 1151 1358 confido
1170 1328 1209 1358 te
1227 1317 1300 1357 effe
1319 1316 1530 1358 facturum.

834 1522 1076 1560 Clenno
1116 1521 1371 1560 A'r’rxco
1412 1521 1542 1560 SAL.

497 1649 571 1690 IV.
595 1650 687 1723 Μ
702 1650 720 1688 1
735 1650 758 1687 S
773 1650 806 1688 E
822 1651 858 1689 R
872 1651 951 1689 1AE
981 1649 1116 1689 nostrae
1138 1649 1270 1702 potius
1290 1648 1425 1694 velim,
1456 1661 1576 1700 quam
1596 1647 1879 1692 inconstantiae,

718 1715 881 1760 tribuas,
906 1714 1013 1767 quod
1033 1728 1054 1752 a
1074 1714 1246 1759 Vibone,
1276 1727 1358 1767 quo
1377 1722 1416 1752 te
1435 1713 1728 1758 arcefl‘ebamus,
1750 1713 1881 1751 subito

495 1780 733 1820 disceffimus
751 1795 761 1820 ε
793 1781 908 1820 allata
927 1780 981 1818 est
999 1781 1107 1818 enim
1129 1779 1242 1817 nobis
1263 1779 1414 1831 rogatio
1432 1778 1480 1816 de
1501 1778 1672 1831 pernicie
1692 1791 1804 1822 mea,
1838 1777 1880 1814 in

495 1861 587 1899 qua,
617 1846 724 1900 quod
745 1847 963 1885 correctum
983 1845 1056 1883 esse
1075 1844 1335 1889 audieramus,
1366 1852 1446 1882 erat
1465 1843 1673 1895 ejusmodi,
1705 1852 1749 1880 ut
1779 1841 1880 1880 mihi

496 1912 599 1950 ultra
617 1911 903 1965 quadringenta
923 1911 1049 1949 millia
1068 1910 1203 1948 liceret
1222 1909 1308 1948 esse.
1355 1909 1433 1948 1110
1460 1922 1554 1947 cum
1582 1908 1780 1961 pervenire
1802 1921 1881 1946 non

497 1977 646 2022 liceret,
678 1976 806 2014 statim
827 1976 900 2014 iter
921 1975 1184 2014 Brundusium
1204 1975 1332 2013 versus
1353 1975 1506 2013 contuli
1526 1984 1614 2012 ante
1635 1973 1739 2012 diem
1768 1986 1879 2025 roga-

498 2042 616 2081 tionis
634 2061 645 2087 ;
678 2056 725 2080 ne
745 2051 784 2080 et
805 2042 904 2086 Sica,
935 2041 1037 2093 apud
1057 2054 1178 2093 quem
1197 2054 1316 2085 eram,
1347 2040 1488 2093 periret
1506 2059 1517 2085 ς
1548 2048 1587 2077 ct
1606 2039 1713 2092 quod
1739 2039 1882 2076 Melite

495 2107 568 2147 effe
588 2120 667 2146 non
688 2107 846 2146 licebat.
892 2107 1015 2146 Nunc
1037 2115 1079 2145 tu
1100 2120 1262 2159 propera
1282 2115 1325 2144 ut
1346 2119 1416 2144 nos
1436 2105 1684 2158 consequare,
1717 2105 1740 2142 fi
1764 2105 1883 2142 modo

497 2174 747 2227 recipiemur.
793 2171 939 2211 Adhuc
973 2173 1186 2211 invitamur
1220 2172 1388 2224 benigne
1407 2187 1416 2210 :
1449 2171 1526 2217 sed,
1558 2171 1664 2224 quod
1701 2170 1880 2223 superest,

497 2240 700 2279 timemus.
742 2236 828 2285 M‘e,
850 2227 916 2277 ⁵mi
938 2239 1149 2292 Pomponi,
1180 2238 1290 2277 valde
1311 2238 1477 2291 poenitet
1497 2238 1651 2282 vivcrc3
1684 2250 1760 2289 qua
1781 2237 1819 2274 in
1844 2251 1881 2274 re

498 2304 601 2357 apud
630 2318 693 2343 me
722 2313 764 2343 tu
792 2304 1012 2358 plurimum
1041 2303 1206 2344 valuisti.
1254 2303 1327 2343 Sed
1356 2303 1438 2343 haec
1465 2315 1625 2342 coram:
1659 2301 1718 2340 fac
1747 2302 1879 2347 modo,

499 2380 544 2410 ut
572 2383 716 2410 vemas.
