<?xml version="1.0" encoding="UTF-8"?>
<!DOCTYPE html PUBLIC "-//W3C//DTD XHTML 1.0 Transitional//EN"
    "http://www.w3.org/TR/xhtml1/DTD/xhtml1-transitional.dtd">
<html xmlns="http://www.w3.org/1999/xhtml" xml:lang="en" lang="en">
 <head>
  <title>
</title>
<meta http-equiv="Content-Type" content="text/html;charset=utf-8" />
  <meta name='ocr-system' content='tesseract 3.04.00' />
  <meta name='ocr-capabilities' content='ocr_page ocr_carea ocr_par ocr_line ocrx_word'/>
</head>
<body>
  <div class='ocr_page' id='page_1' title='image "./operacumindicibu08ciceuoft_0043.png"; bbox 0 0 2243 3008; ppageno 0'>
   <div class='ocr_carea' id='block_1_1' title="bbox 608 251 1748 311">
    <p class='ocr_par' dir='ltr' id='par_1_1' title="bbox 608 251 1748 311">
     <span class='ocr_line' id='line_1_1' title="bbox 608 251 1748 311; baseline -0.004 -16"><span class='ocrx_word' id='word_1_1' title='bbox 608 254 715 295; x_wconf 89' lang='lat' dir='ltr'>AD</span> <span class='ocrx_word' id='word_1_2' title='bbox 773 251 1205 292; x_wconf 91' lang='lat' dir='ltr'>ATTICUM</span> <span class='ocrx_word' id='word_1_3' title='bbox 1272 252 1414 293; x_wconf 90' lang='lat' dir='ltr'><strong>LIB.</strong></span> <span class='ocrx_word' id='word_1_4' title='bbox 1465 255 1498 294; x_wconf 92' lang='grc' dir='ltr'>Ι.</span> <span class='ocrx_word' id='word_1_5' title='bbox 1697 270 1748 311; x_wconf 74' lang='lat'>35</span> 
     </span>
    </p>
   </div>
   <div class='ocr_carea' id='block_1_2' title="bbox 355 351 1744 995">
    <p class='ocr_par' dir='ltr' id='par_1_2' title="bbox 355 351 1744 995">
     <span class='ocr_line' id='line_1_2' title="bbox 361 351 1744 408; baseline 0 -15"><span class='ocrx_word' id='word_1_6' title='bbox 361 354 450 401; x_wconf 85' lang='lat' dir='ltr'>scis,</span> <span class='ocrx_word' id='word_1_7' title='bbox 480 354 626 393; x_wconf 82' lang='lat' dir='ltr'>enitere</span> <span class='ocrx_word' id='word_1_8' title='bbox 654 366 723 406; x_wconf 87' lang='lat' dir='ltr'>per</span> <span class='ocrx_word' id='word_1_9' title='bbox 750 352 912 398; x_wconf 84' lang='lat' dir='ltr'>amicos,</span> <span class='ocrx_word' id='word_1_10' title='bbox 943 352 1121 398; x_wconf 84' lang='lat' dir='ltr'>clientes,</span> <span class='ocrx_word' id='word_1_11' title='bbox 1151 351 1340 405; x_wconf 84' lang='lat' dir='ltr'>hospites,</span> <span class='ocrx_word' id='word_1_12' title='bbox 1372 353 1534 392; x_wconf 86' lang='lat' dir='ltr'>libertos</span> <span class='ocrx_word' id='word_1_13' title='bbox 1559 353 1744 408; x_wconf 88' lang='lat' dir='ltr'>denique,</span> 
     </span>
     <span class='ocr_line' id='line_1_3' title="bbox 359 417 1743 471; baseline 0 -13"><span class='ocrx_word' id='word_1_14' title='bbox 359 433 403 458; x_wconf 88' lang='lat' dir='ltr'>ac</span> <span class='ocrx_word' id='word_1_15' title='bbox 436 420 561 458; x_wconf 88' lang='lat' dir='ltr'>servos</span> <span class='ocrx_word' id='word_1_16' title='bbox 596 427 699 463; x_wconf 85' lang='lat' dir='ltr'>tuos,</span> <span class='ocrx_word' id='word_1_17' title='bbox 738 427 781 456; x_wconf 91' lang='lat' dir='ltr'>ut</span> <span class='ocrx_word' id='word_1_18' title='bbox 814 417 955 455; x_wconf 87' lang='lat' dir='ltr'><strong>scheda</strong></span> <span class='ocrx_word' id='word_1_19' title='bbox 987 431 1036 456; x_wconf 93' lang='lat' dir='ltr'>ne</span> <span class='ocrx_word' id='word_1_20' title='bbox 1069 431 1147 471; x_wconf 90' lang='lat' dir='ltr'>qua</span> <span class='ocrx_word' id='word_1_21' title='bbox 1180 418 1384 471; x_wconf 89' lang='lat' dir='ltr'>depereat:</span> <span class='ocrx_word' id='word_1_22' title='bbox 1432 432 1522 457; x_wconf 89' lang='lat' dir='ltr'>nam</span> <span class='ocrx_word' id='word_1_23' title='bbox 1555 428 1595 458; x_wconf 89' lang='lat' dir='ltr'>et</span> <span class='ocrx_word' id='word_1_24' title='bbox 1629 421 1743 459; x_wconf 90' lang='lat' dir='ltr'>Grae-</span> 
     </span>
     <span class='ocr_line' id='line_1_4' title="bbox 358 483 1741 538; baseline 0 -15"><span class='ocrx_word' id='word_1_25' title='bbox 358 485 414 523; x_wconf 89' lang='lat' dir='ltr'>cis</span> <span class='ocrx_word' id='word_1_26' title='bbox 436 484 497 522; x_wconf 88' lang='lat' dir='ltr'>his</span> <span class='ocrx_word' id='word_1_27' title='bbox 519 484 647 530; x_wconf 89' lang='lat' dir='ltr'>libris,</span> <span class='ocrx_word' id='word_1_28' title='bbox 677 497 776 536; x_wconf 91' lang='lat' dir='ltr'>quos</span> <span class='ocrx_word' id='word_1_29' title='bbox 797 483 984 536; x_wconf 82' lang='lat' dir='ltr'>suspicor,</span> <span class='ocrx_word' id='word_1_30' title='bbox 1004 493 1043 522; x_wconf 91' lang='lat' dir='ltr'>et</span> <span class='ocrx_word' id='word_1_31' title='bbox 1063 484 1233 530; x_wconf 87' lang='lat' dir='ltr'>Latinis,</span> <span class='ocrx_word' id='word_1_32' title='bbox 1263 497 1362 538; x_wconf 88' lang='lat' dir='ltr'>quos</span> <span class='ocrx_word' id='word_1_33' title='bbox 1384 484 1478 531; x_wconf 89' lang='lat' dir='ltr'>scio,</span> <span class='ocrx_word' id='word_1_34' title='bbox 1508 485 1626 523; x_wconf 91' lang='lat' dir='ltr'>illum</span> <span class='ocrx_word' id='word_1_35' title='bbox 1647 486 1741 523; x_wconf 86' lang='lat' dir='ltr'>reli-</span> 
     </span>
     <span class='ocr_line' id='line_1_5' title="bbox 357 548 1742 604; baseline 0.001 -17"><span class='ocrx_word' id='word_1_36' title='bbox 357 549 493 602; x_wconf 71' lang='lat' dir='ltr'>quiss‘e,</span> <span class='ocrx_word' id='word_1_37' title='bbox 524 549 627 588; x_wconf 88' lang='lat' dir='ltr'>mihi</span> <span class='ocrx_word' id='word_1_38' title='bbox 647 548 898 587; x_wconf 88' lang='lat' dir='ltr'>vehementer</span> <span class='ocrx_word' id='word_1_39' title='bbox 917 562 1016 602; x_wconf 92' lang='lat' dir='ltr'>opus</span> <span class='ocrx_word' id='word_1_40' title='bbox 1037 548 1104 588; x_wconf 88' lang='lat' dir='ltr'>est.</span> <span class='ocrx_word' id='word_1_41' title='bbox 1142 550 1231 602; x_wconf 87' lang='lat' dir='ltr'>Ego</span> <span class='ocrx_word' id='word_1_42' title='bbox 1250 558 1381 588; x_wconf 89' lang='lat' dir='ltr'>autern</span> <span class='ocrx_word' id='word_1_43' title='bbox 1402 550 1581 603; x_wconf 88' lang='lat' dir='ltr'>quotidie</span> <span class='ocrx_word' id='word_1_44' title='bbox 1600 551 1742 604; x_wconf 81' lang='lat' dir='ltr'>magiS,</span> 
     </span>
     <span class='ocr_line' id='line_1_6' title="bbox 356 613 1742 668; baseline 0 -15"><span class='ocrx_word' id='word_1_45' title='bbox 356 614 463 667; x_wconf 92' lang='lat' dir='ltr'>quod</span> <span class='ocrx_word' id='word_1_46' title='bbox 483 613 585 652; x_wconf 90' lang='lat' dir='ltr'>mihi</span> <span class='ocrx_word' id='word_1_47' title='bbox 606 613 653 652; x_wconf 89' lang='lat' dir='ltr'>de</span> <span class='ocrx_word' id='word_1_48' title='bbox 673 613 814 652; x_wconf 87' lang='lat' dir='ltr'>forenfi</span> <span class='ocrx_word' id='word_1_49' title='bbox 834 614 964 652; x_wconf 88' lang='lat' dir='ltr'>labore</span> <span class='ocrx_word' id='word_1_50' title='bbox 985 614 1173 668; x_wconf 88' lang='lat' dir='ltr'>temporis</span> <span class='ocrx_word' id='word_1_51' title='bbox 1194 614 1320 660; x_wconf 89' lang='lat' dir='ltr'>datur,</span> <span class='ocrx_word' id='word_1_52' title='bbox 1352 615 1393 653; x_wconf 92' lang='lat' dir='ltr'>in</span> <span class='ocrx_word' id='word_1_53' title='bbox 1417 615 1464 653; x_wconf 89' lang='lat' dir='ltr'>iis</span> <span class='ocrx_word' id='word_1_54' title='bbox 1486 614 1621 654; x_wconf 89' lang='lat' dir='ltr'>studiis</span> <span class='ocrx_word' id='word_1_55' title='bbox 1642 627 1742 653; x_wconf 89' lang='lat' dir='ltr'>con-</span> 
     </span>
     <span class='ocr_line' id='line_1_7' title="bbox 355 678 1741 733; baseline 0 -15"><span class='ocrx_word' id='word_1_56' title='bbox 355 680 529 733; x_wconf 92' lang='lat' dir='ltr'>quiesco.</span> <span class='ocrx_word' id='word_1_57' title='bbox 576 680 650 717; x_wconf 89' lang='lat' dir='ltr'>Per</span> <span class='ocrx_word' id='word_1_58' title='bbox 683 678 802 725; x_wconf 78' lang='lat' dir='ltr'>mth,</span> <span class='ocrx_word' id='word_1_59' title='bbox 832 693 914 732; x_wconf 84' lang='lat' dir='ltr'>per,</span> <span class='ocrx_word' id='word_1_60' title='bbox 946 679 1125 731; x_wconf 87' lang='lat' dir='ltr'>inquam,</span> <span class='ocrx_word' id='word_1_61' title='bbox 1154 689 1311 732; x_wconf 88' lang='lat' dir='ltr'>gratum</span> <span class='ocrx_word' id='word_1_62' title='bbox 1342 679 1496 725; x_wconf 85' lang='lat' dir='ltr'>feceris,</span> <span class='ocrx_word' id='word_1_63' title='bbox 1527 680 1554 718; x_wconf 91' lang='lat' dir='ltr'><strong>fi</strong></span> <span class='ocrx_word' id='word_1_64' title='bbox 1587 681 1629 718; x_wconf 90' lang='lat' dir='ltr'>in</span> <span class='ocrx_word' id='word_1_65' title='bbox 1663 678 1741 719; x_wconf 89' lang='lat' dir='ltr'>hoc</span> 
     </span>
     <span class='ocr_line' id='line_1_8' title="bbox 356 743 1740 798; baseline -0.001 -16"><span class='ocrx_word' id='word_1_66' title='bbox 356 754 436 783; x_wconf 89' lang='lat' dir='ltr'>tam</span> <span class='ocrx_word' id='word_1_67' title='bbox 457 744 625 797; x_wconf 88' lang='lat' dir='ltr'>diligens</span> <span class='ocrx_word' id='word_1_68' title='bbox 645 743 783 790; x_wconf 80' lang='lat' dir='ltr'>fueris,</span> <span class='ocrx_word' id='word_1_69' title='bbox 812 758 932 796; x_wconf 89' lang='lat' dir='ltr'>quam</span> <span class='ocrx_word' id='word_1_70' title='bbox 961 744 1057 783; x_wconf 88' lang='lat' dir='ltr'>soles</span> <span class='ocrx_word' id='word_1_71' title='bbox 1089 745 1131 783; x_wconf 87' lang='lat' dir='ltr'>in</span> <span class='ocrx_word' id='word_1_72' title='bbox 1160 743 1223 783; x_wconf 89' lang='lat' dir='ltr'>his</span> <span class='ocrx_word' id='word_1_73' title='bbox 1253 745 1384 790; x_wconf 88' lang='lat' dir='ltr'>rebus,</span> <span class='ocrx_word' id='word_1_74' title='bbox 1415 758 1510 798; x_wconf 87' lang='lat' dir='ltr'>quas</span> <span class='ocrx_word' id='word_1_75' title='bbox 1540 756 1603 782; x_wconf 89' lang='lat' dir='ltr'>me</span> <span class='ocrx_word' id='word_1_76' title='bbox 1629 744 1740 782; x_wconf 86' lang='lat' dir='ltr'>valde</span> 
     </span>
     <span class='ocr_line' id='line_1_9' title="bbox 355 809 1741 863; baseline -0.002 -14"><span class='ocrx_word' id='word_1_77' title='bbox 355 810 455 849; x_wconf 89' lang='lat' dir='ltr'>velle</span> <span class='ocrx_word' id='word_1_78' title='bbox 488 810 712 849; x_wconf 88' lang='lat' dir='ltr'>arbitraris:</span> <span class='ocrx_word' id='word_1_79' title='bbox 744 809 940 863; x_wconf 89' lang='lat' dir='ltr'>ipfiusque</span> <span class='ocrx_word' id='word_1_80' title='bbox 974 810 1072 849; x_wconf 80' lang='lat' dir='ltr'>Paeti</span> <span class='ocrx_word' id='word_1_81' title='bbox 1103 810 1178 849; x_wconf 88' lang='lat' dir='ltr'>tibi</span> <span class='ocrx_word' id='word_1_82' title='bbox 1208 811 1367 863; x_wconf 85' lang='lat' dir='ltr'>negotia</span> <span class='ocrx_word' id='word_1_83' title='bbox 1396 810 1660 854; x_wconf 84' lang='lat' dir='ltr'>commendo;</span> <span class='ocrx_word' id='word_1_84' title='bbox 1692 809 1741 847; x_wconf 91' lang='lat' dir='ltr'>de</span> 
     </span>
     <span class='ocr_line' id='line_1_10' title="bbox 358 875 1739 928; baseline -0.001 -15"><span class='ocrx_word' id='word_1_85' title='bbox 358 875 502 928; x_wconf 87' lang='lat' dir='ltr'>quibus</span> <span class='ocrx_word' id='word_1_86' title='bbox 523 876 599 914; x_wconf 88' lang='lat' dir='ltr'>tibi</span> <span class='ocrx_word' id='word_1_87' title='bbox 619 875 687 914; x_wconf 86' lang='lat' dir='ltr'>ille</span> <span class='ocrx_word' id='word_1_88' title='bbox 715 875 797 928; x_wconf 91' lang='lat' dir='ltr'>agit</span> <span class='ocrx_word' id='word_1_89' title='bbox 827 876 1017 915; x_wconf 84' lang='lat' dir='ltr'>maximas</span> <span class='ocrx_word' id='word_1_90' title='bbox 1037 876 1208 928; x_wconf 85' lang='lat' dir='ltr'>gratias:</span> <span class='ocrx_word' id='word_1_91' title='bbox 1238 885 1278 916; x_wconf 91' lang='lat' dir='ltr'>et</span> <span class='ocrx_word' id='word_1_92' title='bbox 1308 885 1352 915; x_wconf 90' lang='lat' dir='ltr'>ut</span> <span class='ocrx_word' id='word_1_93' title='bbox 1376 877 1460 928; x_wconf 86' lang='lat' dir='ltr'>jam</span> <span class='ocrx_word' id='word_1_94' title='bbox 1489 875 1628 915; x_wconf 82' lang='lat' dir='ltr'>invisas</span> <span class='ocrx_word' id='word_1_95' title='bbox 1649 887 1739 920; x_wconf 75' lang='lat' dir='ltr'>nos,</span> 
     </span>
     <span class='ocr_line' id='line_1_11' title="bbox 356 940 1120 995; baseline 0.003 -15"><span class='ocrx_word' id='word_1_96' title='bbox 356 954 436 980; x_wconf 89' lang='lat' dir='ltr'>non</span> <span class='ocrx_word' id='word_1_97' title='bbox 456 941 583 981; x_wconf 89' lang='lat' dir='ltr'>solum</span> <span class='ocrx_word' id='word_1_98' title='bbox 602 954 713 995; x_wconf 89' lang='lat' dir='ltr'>rogo,</span> <span class='ocrx_word' id='word_1_99' title='bbox 744 940 808 980; x_wconf 88' lang='lat' dir='ltr'>sed</span> <span class='ocrx_word' id='word_1_100' title='bbox 827 941 946 981; x_wconf 86' lang='lat' dir='ltr'>etiarn</span> <span class='ocrx_word' id='word_1_101' title='bbox 964 941 1120 983; x_wconf 77' lang='lat' dir='ltr'>suadeo,</span> 
     </span>
    </p>
   </div>
   <div class='ocr_carea' id='block_1_3' title="bbox 1346 2518 1434 2556">
    <p class='ocr_par' dir='ltr' id='par_1_3' title="bbox 1346 2518 1434 2556">
     <span class='ocr_line' id='line_1_12' title="bbox 1346 2518 1434 2556; baseline 0.011 -1"><span class='ocrx_word' id='word_1_102' title='bbox 1346 2518 1434 2556; x_wconf 64' lang='grc' dir='ltr'>ΕΖ</span> 
     </span>
    </p>
   </div>
  </div>
 </body>
</html>
