2243 3008
550 269 656 307 AD
715 268 1143 307 ATTICUM
1213 271 1352 309 LIB.
1405 274 1456 312 V.
1621 289 1692 329 135

311 369 469 420 gentia:
503 381 591 406 nam
612 381 748 405 omnes
769 366 936 405 mirifice
957 361 1223 416 συμφιλοὸοξέσιν
1251 369 1384 420 gloriae
1414 385 1523 410 meae.
1570 375 1695 427 Lepta

310 433 437 471 noster
456 432 647 471 mirificus
668 433 736 471 est.
769 432 841 470 Sed
862 445 968 470 nunc
988 446 1154 485 propero
1173 448 1180 471 :
1213 433 1448 486 perscribam
1469 437 1515 474 ad
1539 447 1574 476 te
1594 453 1694 492 pau-

310 500 367 537 cis
387 499 524 536 diebus
545 499 692 536 omnia.
739 499 948 537 Cicerones
979 499 1127 537 nostros
1153 500 1362 552 Dejotarus
1384 501 1504 547 filius,
1536 506 1605 556 qui
1627 520 1693 544 rex

308 564 357 602 ab
378 565 518 602 Senatu
539 564 755 616 appellatus
785 563 853 608 est,
885 564 1015 602 secum
1045 565 1085 601 in
1116 578 1296 617 regnum.
1344 567 1454 605 Dum
1484 569 1523 606 in
1555 569 1691 609 aestivis

307 642 378 666 nos
412 629 590 674 essemus,
622 629 739 667 illum
772 629 902 682 pueris
937 629 1072 666 locum
1101 629 1173 667 esse
1203 630 1456 669 belliffimum
1487 633 1688 674 duximus.

308 694 461 732 Sextius
482 694 528 732 ad
549 708 612 732 me
633 694 795 747 scripsit,
827 708 913 746 quae
943 703 1074 732 tecum
1104 694 1195 733 effet
1223 696 1271 733 de
1300 710 1387 734 mea
1415 697 1625 738 domestica
1653 711 1691 739 et

305 760 477 797 maxima
498 773 590 797 cura
609 759 781 804 locutus,
812 769 851 797 et
870 759 968 812 quid
989 759 1062 797 tibi
1082 760 1172 798 esset
1192 761 1333 800 visum.
1366 763 1522 801 Amabo
1544 774 1594 810 te,
1626 766 1690 804 in-

305 824 448 862 cumbe
469 825 510 862 in
531 838 616 862 eam
637 838 734 869 rem,
764 833 803 862 et
822 824 869 862 ad
889 838 953 862 me
974 824 1111 869 scribe,
1143 825 1238 877 quid
1259 835 1297 863 et
1317 827 1446 878 poffit‚
1472 838 1510 866 et
1532 838 1574 867 tu
1595 844 1690 868 cen-

306 889 398 928 seas.
434 890 545 928 Idem
565 889 714 942 scripfit
734 890 991 928 Hortensium
1012 890 1059 928 de
1078 891 1324 943 propaganda
1345 893 1470 931 nostra
1490 896 1692 946 provincia

305 955 441 993 dixisse
462 955 591 993 nescio
611 955 723 1008 quid.
762 954 871 993 Mihi
892 956 933 993 in
956 957 1138 994 Cumano
1158 956 1451 1009 diligentissime
1472 959 1522 1005 se,
1554 970 1598 998 ut
1618 975 1688 1000 an-

305 1021 374 1058 nui
404 1020 581 1065 effemus,
613 1019 865 1059 defensurum
895 1031 1102 1073 receperat.
1151 1022 1190 1059 Si
1223 1023 1437 1076 quicquam
1472 1038 1535 1063 me
1568 1040 1688 1073 amas,

303 1085 412 1124 hunc
432 1087 567 1124 locum
587 1087 716 1124 muni.
754 1087 849 1124 Dici
869 1100 948 1125 non
968 1087 1107 1140 potest,
1138 1101 1256 1141 quam
1278 1089 1424 1128 invitus
1446 1103 1466 1127 a
1486 1092 1596 1129 vobis
1617 1094 1688 1131 ab-

302 1151 401 1189 fim:
434 1160 472 1189 et
493 1151 607 1189 simul
628 1150 729 1189 hanc
752 1151 920 1203 gloriam
944 1151 1106 1204 justitiae
1125 1163 1163 1191 et
1192 1153 1433 1193 abstinentiae
1463 1155 1545 1194 fore
1573 1158 1687 1197 illus-

301 1217 462 1255 triorem
483 1216 608 1269 spero,
630 1216 656 1254 fi
677 1217 759 1255 cito
779 1216 1050 1256 decefferimus
1067 1236 1079 1263 3
1111 1218 1151 1255 id
1174 1219 1280 1271 quod
1303 1220 1480 1258 Scaevolae
1501 1224 1685 1277 contigit,

301 1282 370 1334 qui
391 1281 491 1321 solos
512 1295 653 1320 novem
674 1282 823 1320 menses
844 1282 943 1321 Afiae
962 1282 1135 1335 praefuit.
1167 1284 1323 1337 Appius
1344 1285 1485 1331 noster,
1511 1301 1603 1327 cum
1624 1304 1689 1329 me

301 1347 504 1386 adventare
534 1348 696 1394 videret,
727 1347 925 1401 profectus
954 1349 1009 1387 est
1035 1349 1203 1388 Tarsum
1230 1350 1351 1403 usque
1378 1352 1596 1393 Laodicea:
1630 1356 1695 1394 ibi>

300 1412 435 1451 forum
460 1414 556 1466 agit,
587 1427 680 1452 cum
707 1427 780 1466 ego
809 1414 879 1452 fim
908 1414 950 1452 in
976 1415 1206 1467 provincia;
1238 1429 1356 1468 quam
1388 1418 1470 1469 ejus
1501 1418 1686 1471 injuriam

301 1493 380 1518 non
400 1479 566 1518 inse&or
583 1495 593 1518 ;
624 1479 713 1518 satis
733 1480 841 1518 enim
861 1479 987 1518 habeo
1008 1483 1157 1534 negotii
1183 1482 1224 1519 in
1245 1482 1420 1521 sanandis
1440 1484 1685 1533 vulneribus,

301 1558 388 1596 quae
419 1544 509 1582 sunt
540 1545 720 1597 imposita
753 1545 991 1596 provinciae;
1024 1547 1146 1598 quod,
1177 1546 1228 1584 do
1261 1561 1434 1599 operam,
1466 1559 1509 1587 ut
1543 1550 1685 1592 faciam

299 1623 418 1663 quam
440 1611 606 1648 minima
625 1610 734 1648 illius
754 1611 1009 1649 contumelia.
1057 1612 1129 1650 Sed
1154 1611 1232 1650 hoc
1260 1614 1382 1651 Bruto
1409 1614 1537 1653 nostro
1563 1618 1684 1657 velim

299 1676 418 1721 dicas,
451 1677 568 1714 illum
588 1675 717 1714 feciffe
737 1689 815 1713 non
838 1676 954 1722 belle,
986 1678 1055 1730 qui
1076 1678 1244 1716 adventu
1265 1692 1369 1725 meo,
1391 1693 1511 1732 quam
1532 1682 1681 1736 longis-

271 1777 274 1782 .
298 1742 390 1781 sime
409 1742 597 1795 potuerit,
628 1741 851 1780 discesserit.

636 1944 878 1981 CICERO
919 1944 1174 1981 ATTico
1216 1944 1345 1983 SAL.

298 2072 453 2111 XVIII.
568 2072 718 2110 UAM
749 2071 890 2110 vellem
914 2072 1051 2110 Romae
1072 2071 1178 2117 effes,
1209 2072 1235 2110 fi
1257 2072 1358 2111 forte
1379 2087 1456 2111 non
1479 2087 1543 2112 es:
1578 2075 1678 2114 nihil

570 2138 678 2176 enim
698 2137 795 2175 certi
815 2136 1070 2182 habebamus,
1093 2138 1162 2175 nisi
1184 2138 1368 2191 accepisse
1389 2153 1458 2177 nos
1480 2149 1563 2178 tuas
1585 2140 1676 2178 lite-

297 2215 353 2240 ras
373 2215 407 2241 a.
430 2201 469 2241 d.
495 2217 588 2241 xlv.
613 2203 701 2240 Kal.
727 2203 833 2240 Sext.
857 2202 986 2241 datas:
1010 2203 1052 2240 in
1073 2203 1219 2255 quibus
1241 2204 1430 2257 scriptum
1451 2204 1554 2250 esset,
1578 2215 1614 2243 te
1635 2207 1677 2244 in

296 2268 464 2319 Epirum
484 2269 634 2306 iturum
655 2269 812 2306 circiter
835 2268 922 2306 Kal.
947 2269 1125 2307 Sextiles.
1170 2269 1242 2306 Sed
1263 2269 1336 2307 five
1358 2270 1495 2308 Romae
1515 2284 1569 2314 es,
1602 2271 1676 2309 five

297 2333 336 2369 in
358 2333 496 2384 Epiro,
529 2333 662 2372 Parthi
683 2333 928 2387 Euphratem
951 2335 1181 2372 transierunt
1206 2335 1304 2373 duce
1336 2335 1496 2380 Pacoro,
1529 2337 1676 2375 Orodis

296 2397 397 2448 regis
428 2397 662 2437 Parthorum
692 2399 790 2444 filio,
822 2400 972 2437 cunctis
1006 2399 1085 2438 fere
1116 2401 1255 2453 copiis.
1302 2400 1469 2439 Bibulus
1497 2402 1675 2439 nondum

294 2461 523 2499 audiebatur
547 2462 619 2500 effe
648 2464 690 2500 in
722 2464 843 2515 Syria.
888 2464 1036 2503 Caffius
1067 2465 1110 2503 in
1143 2465 1290 2518 oppido
1323 2465 1547 2504 Antiochiae
1581 2480 1673 2504 cum

293 2528 404 2566 omni
423 2527 613 2566 exercitu.
660 2528 745 2566 Nos
775 2529 816 2566 in
844 2529 1092 2581 Cappadocia
1119 2531 1166 2568 ad
1187 2533 1366 2569 Taurum
1386 2544 1479 2569 cum
1498 2531 1676 2571 exercitu
