2243 3008
523 276 630 314 AD
688 273 1120 313 ATTICUM
1189 276 1496 317 LIB.XV1.
1623 294 1702 333 459

315 372 461 411 ocellos
494 373 630 417 Italiae‚
661 371 817 410 villulas
853 384 956 409 meas
989 384 1068 409 non
1101 371 1245 409 video?
1278 373 1339 410 sed
1370 374 1410 411 id
1445 375 1532 413 satis
1564 376 1696 428 super-

314 451 406 490 que.
439 440 595 476 Tecum
614 451 678 475 me
699 450 776 475 non
799 436 870 474 effe
889 438 902 474 ?
933 437 1030 488 quid
1050 435 1271 489 fugientem
1289 439 1300 474 ?
1333 439 1634 490 periculumne?
1657 442 1698 479 id

315 516 422 541 nunc
443 503 619 555 quidem,
651 503 720 541 nisi
742 501 871 546 fallor,
903 502 1060 540 nullum
1082 502 1148 541 est.
1196 503 1259 540 Ad
1290 503 1419 555 ipsum
1446 505 1552 542 enim
1584 520 1695 544 revo-

313 577 376 605 cat
396 581 460 606 me
479 569 684 606 auctoritas
708 578 798 606 tua:
832 568 967 605 scribis
998 568 1105 605 enim
1135 568 1175 605 in
1206 568 1346 606 caelum
1371 568 1462 606 ferri
1484 569 1695 621 profectio-

314 646 406 671 nem
430 646 572 678 meam,
605 633 668 671 sed
697 635 765 678 ita,
796 633 822 671 fi
844 643 932 671 ante
962 633 1051 671 Kal.
1075 634 1163 684 Jan.
1188 633 1366 671 redeam:
1400 635 1505 686 quod
1536 635 1697 686 quidem

313 708 417 736 certe
437 699 574 738 enitar.
618 699 731 737 Malo
751 700 858 737 enim
879 699 939 737 vel
960 713 1053 737 cum
1074 699 1215 736 timore
1235 699 1344 737 domi
1364 699 1450 744 effe,
1483 713 1599 752 quam
1621 701 1697 739 fine

313 764 455 802 timore
475 764 644 803 Athenis
678 765 771 803 tuis.
819 765 891 803 Sed
923 774 1052 803 tamen
1084 765 1276 817 prospice,
1308 779 1387 818 quo
1414 765 1482 803 ista
1508 776 1694 818 vergant3

311 829 494 882 mihique
514 839 580 868 aut
601 831 739 875 scribe,
770 839 850 875 aut,
881 831 988 883 quod
1009 830 1138 868 multo
1159 831 1310 875 malim,
1342 830 1435 868 affer
1455 831 1549 883 ipse.
1597 832 1695 870 Haec

311 893 512 933 hactenus.
546 895 652 933 Illud
673 895 792 934 velim
813 896 852 933 in
876 895 1020 933 bonam
1041 904 1191 948 partem
1211 896 1392 948 accipias,
1421 909 1485 934 me
1505 909 1615 948 agere
1637 906 1694 934 te-

312 973 421 1005 cum,
453 960 560 1012 quod
582 961 655 999 tibi
676 961 814 1013 majori
835 975 935 999 curae
956 961 1074 999 sciam
1094 960 1180 1006 effe,
1211 975 1331 1013 quam
1350 961 1421 1013 ipfi
1442 960 1557 999 mihi.
1605 962 1694 1000 No-

311 1025 420 1063 mina
439 1039 539 1071 mea,
570 1039 638 1078 per
664 1026 770 1071 deos,
801 1026 957 1079 expedi,
988 1025 1156 1064 exsolve.
1203 1026 1311 1064 Bella
1341 1026 1491 1079 reliqua
1522 1027 1692 1078 reliqui:

311 1089 374 1127 sed
395 1103 493 1142 opus
515 1090 568 1128 est
597 1090 817 1142 diligentia,
848 1090 1106 1129 coheredibus
1137 1104 1208 1143 pro
1238 1091 1433 1129 Cluviano
1462 1090 1552 1130 Kal.
1585 1092 1692 1130 Sext.

310 1155 553 1206 persolutum
575 1165 618 1194 ut
649 1156 709 1194 fit.
754 1157 862 1195 Cum
890 1156 1067 1194 Publilio
1086 1169 1166 1208 quo
1187 1156 1306 1194 modo
1326 1156 1520 1209 agendum
1542 1156 1601 1201 fit,
1632 1158 1694 1195 vi-

309 1220 435 1260 debis.
482 1222 577 1260 Non
608 1221 724 1260 debet
751 1236 901 1274 urgere,
931 1222 1120 1275 quoniam
1143 1223 1233 1274 jure
1253 1236 1332 1260 non
1354 1223 1519 1267 utimur,
1550 1222 1614 1260 sed
1635 1232 1694 1261 ta-

308 1299 401 1325 men
425 1288 461 1325 ei
491 1301 650 1340 quoque
679 1288 855 1327 satisfieri
885 1289 999 1341 plane
1027 1289 1132 1327 volo.
1179 1289 1375 1327 Terentiae
1396 1303 1485 1327 vero
1504 1289 1601 1341 quid
1621 1302 1695 1341 ego

308 1351 469 1390 dicam?
501 1354 619 1391 etiam
641 1362 728 1391 ante
749 1353 870 1399 diem,
902 1354 927 1391 fi
952 1363 1080 1406 potes.
1128 1354 1254 1406 Qin,
1286 1354 1327 1399 fi,
1359 1363 1404 1392 ut
1435 1354 1557 1406 spero,
1589 1355 1693 1392 cele-

309 1418 404 1456 riter
435 1418 477 1456 in
513 1418 710 1470 Epirum5
743 1417 835 1464 hoc,
867 1419 974 1471 quod
1008 1418 1186 1457 satisdato
1220 1419 1357 1463 debeo,
1389 1428 1480 1471 peto
1513 1432 1535 1457 a
1568 1428 1619 1464 te,
1651 1428 1696 1458 ut

307 1492 397 1521 ante
416 1483 633 1536 provideas,
664 1483 858 1536 planeque
877 1483 1074 1537 expedias,
1105 1493 1144 1522 et
1168 1483 1342 1523 solutum
1363 1484 1574 1538 relinquas.
1621 1486 1694 1523 Sed

308 1548 355 1586 de
374 1547 437 1587 his
458 1549 562 1593 satis,
592 1557 822 1600 metuoque,
852 1563 902 1587 ne
926 1559 969 1587 tu
989 1549 1162 1587 nimium
1181 1558 1310 1601 putes.
1343 1550 1465 1587 Nunc
1486 1551 1694 1603 negligen-

307 1614 405 1652 tiam
432 1627 561 1652 meam
589 1614 794 1666 cognosce.
842 1615 904 1653 De
934 1614 1059 1666 gloria
1077 1614 1226 1652 librum
1246 1613 1293 1651 ad
1314 1623 1351 1652 te
1371 1614 1456 1652 mifi
1473 1633 1486 1660 ;
1518 1624 1556 1653 at
1584 1616 1625 1654 in
1647 1630 1694 1654 eo

305 1680 547 1732 prooemium
576 1679 617 1717 id
648 1679 715 1725 est,
747 1680 854 1732 quod
886 1680 926 1718 in
958 1678 1198 1718 Academico
1228 1679 1360 1718 tertio.
1406 1680 1452 1718 Id
1482 1681 1612 1720 evenit
1640 1682 1693 1720 ob

306 1758 392 1785 eam
413 1759 511 1790 rem,
540 1745 649 1798 quod
678 1743 805 1783 habeo
835 1746 1021 1784 volumen
1054 1746 1366 1798 prooemiorum:
1398 1759 1446 1784 ex
1477 1759 1523 1785 eo
1548 1747 1693 1799 eligere

305 1810 424 1856 soleo,
456 1824 549 1850 cum
569 1811 730 1864 aliquod
753 1807 972 1864 σύγγραμμα
1000 1811 1167 1850 institui.
1213 1812 1350 1864 Itaque
1365 1812 1448 1864 jam
1468 1811 1510 1849 in
1532 1811 1691 1850 Tuscu-

306 1875 410 1921 lano,
442 1876 512 1929 qui
544 1889 623 1914 non
655 1874 917 1914 meminissem
941 1889 1005 1914 me
1024 1876 1188 1915 abusum
1208 1875 1279 1915 isto
1298 1877 1507 1929 prooemiO,
1538 1878 1692 1929 conjeci

305 1941 346 1980 id
374 1942 416 1980 in
436 1956 529 1981 eum
549 1942 714 1988 librum,
745 1956 865 1995 quem
886 1942 960 1981 tibi
980 1943 1081 1982 mifi.
1123 1944 1230 1982 Cum
1249 1953 1380 1982 autem
1402 1944 1442 1981 in
1463 1943 1551 1981 navi
1581 1944 1689 1996 lege-

307 2020 388 2046 rem
420 2007 695 2053 Academicos,
726 2008 868 2060 agnovi
896 2017 1066 2046 erratum
1096 2022 1244 2047 meum.
1291 2009 1430 2061 Itaque
1458 2007 1587 2046 statim
1618 2022 1691 2046 no-

307 2085 401 2110 vum
421 2074 660 2125 prooemium
681 2073 861 2119 exaravi;
893 2073 969 2112 tibi
1000 2073 1101 2113 mifi.
1147 2075 1214 2113 Tu
1245 2073 1344 2112 illud
1375 2073 1582 2119 desecabis,
1613 2072 1691 2112 hoc

307 2137 586 2189 agglutinabis.
636 2139 747 2179 Piliae
781 2139 944 2178 salutem
978 2139 1083 2179 dices
1117 2148 1156 2178 et
1190 2139 1349 2185 Atticae,
1389 2139 1540 2178 deliciis
1574 2148 1690 2192 atque

306 2203 505 2244 amoribus
525 2204 638 2243 meis.

1146 2526 1191 2563 M
1223 2539 1263 2564 m
1294 2539 1333 2563 m
1367 2538 1386 2564 2
