2243 3008
417 286 465 318 ιο
756 270 1446 312 EPISTULARUM

412 387 560 427 parem.
597 372 659 412 De
678 372 810 418 fratre,
841 373 998 411 confido
1018 373 1072 411 ita
1090 372 1177 418 effe,
1198 381 1243 411 ut
1263 372 1412 426 semper
1430 371 1539 410 volui
1558 380 1598 410 et
1616 371 1793 411 elabora-

414 439 473 477 vi:
496 438 622 477 multa
641 438 746 490 figna
765 437 854 476 sunt
873 439 956 491 ejus
973 438 1050 483 rei;
1074 451 1152 476 non
1174 437 1404 482 minimum,
1420 437 1529 490 quod
1548 437 1652 475 soror
1668 451 1795 490 praeg-

414 516 482 542 nas
502 503 570 541 est.
616 503 678 542 De
707 503 881 541 comitiis
908 503 1021 547 meis,
1051 512 1091 541 et
1117 502 1193 540 tibi
1221 516 1285 541 me
1313 501 1521 555 permifisse
1545 503 1726 547 memini,
1757 511 1797 540 et

415 582 489 622 ego
516 569 754 622 jampridem
788 568 864 607 hoc
898 569 1180 607 communibus
1213 569 1365 614 amicis,
1401 568 1471 622 qui
1505 577 1544 606 te
1575 570 1798 621 expectant,

415 634 598 687 praedico.
644 636 706 673 Te
733 648 810 673 non
842 634 960 673 modo
989 647 1068 673 non
1095 633 1289 679 arceffam,
1321 634 1384 672 sed
1409 633 1630 688 prohibebo
1646 651 1658 678 ;
1689 633 1798 685 quod

415 699 637 753 intelligam
668 700 798 738 multo
831 700 954 753 magis
989 699 1164 738 interefl‘e
1198 710 1278 746 tua,
1310 710 1347 738 te
1381 713 1506 752 agere,
1537 698 1643 752 quod
1677 712 1796 751 agen-

415 765 511 804 dum
531 765 584 804 est
603 765 679 804 hoc
701 775 889 819 tempore,
920 779 1040 819 quam
1060 779 1160 811 mea,
1192 775 1229 804 te
1248 765 1368 804 adeffe
1388 765 1578 804 comitiis.
1629 764 1798 803 Proinde

415 845 461 869 eo
489 833 621 870 animo
653 841 690 870 te
720 832 840 870 velim
871 831 957 877 effe,
988 833 1092 885 quasi
1124 833 1203 871 mei
1233 833 1383 885 negotii
1412 831 1522 870 causa
1548 832 1590 869 in
1615 830 1684 869 ista
1710 829 1797 868 loca

416 897 548 935 milsus
579 897 685 936 effes.
731 897 802 936 Me
833 907 964 936 autem
989 911 1081 936 eum
1113 908 1152 936 et
1182 897 1356 936 offendes
1390 911 1480 949 erga
1511 906 1549 935 te
1579 905 1618 934 et
1648 895 1796 939 audies,

416 962 519 1014 quasi
541 962 656 1007 mihi,
690 962 715 1000 si
736 976 812 1014 qua
830 973 938 1015 parta
956 973 1085 1008 erunt,
1117 977 1197 1001 non
1218 963 1338 1001 modo
1358 971 1395 1000 te
1415 961 1614 1014 praesente,
1646 959 1710 998 sed
1731 973 1799 1012 per

417 1035 468 1071 te,
490 1036 597 1079 parta
616 1027 703 1065 sint.
736 1027 916 1065 Tulliola
935 1028 1010 1066 tibi
1031 1027 1136 1066 diem
1156 1027 1246 1077 datr
1268 1025 1492 1080 sponsorem
1511 1039 1591 1064 non
1611 1024 1798 1078 appellat.

755 1227 996 1266 Cicnno
1038 1228 1294 1265 Αττιςο
1337 1226 1467 1267 SAL.

416 1355 490 1395 XI.
514 1355 628 1428 ET
656 1369 742 1393 mea
762 1355 898 1408 sponte
917 1353 1109 1393 faciebam
1129 1362 1254 1399 antea,
1275 1363 1313 1393 et
1333 1353 1432 1407 post,
1454 1354 1605 1394 duabus
1625 1354 1800 1408 epistolis

611 1422 688 1460 tuis
718 1421 997 1474 perdiligenter
1022 1421 1064 1458 in
1090 1419 1252 1459 eandem
1272 1422 1463 1460 rationem
1483 1421 1654 1474 scriptis,
1684 1435 1798 1474 mag-

416 1499 559 1540 nopere
579 1486 664 1525 sum
685 1496 925 1525 commotus.
964 1487 1025 1525 Eo
1045 1486 1251 1525 accedebat
1271 1485 1447 1525 hortator
1466 1487 1632 1526 assiduus
1654 1486 1800 1525 Sallus·

415 1553 510 1598 tius,
541 1561 586 1591 ut
615 1565 769 1605 agerem
801 1566 919 1605 quam
947 1551 1242 1604 diligentissime
1270 1566 1364 1591 cum
1399 1553 1573 1591 Lucceio
1605 1552 1653 1590 de
1681 1552 1802 1591 vestra

414 1627 541 1657 vetere
573 1618 696 1670 gratia
729 1617 1031 1656 reconcilianda.
1077 1617 1164 1662 Sed,
1200 1631 1293 1656 cum
1324 1619 1459 1656 omnia
1492 1617 1680 1662 feciffem,
1719 1631 1801 1656 non

412 1682 533 1722 modo
551 1696 635 1721 eam
655 1683 900 1722 voluntatem
919 1684 1017 1735 ejus,
1040 1696 1126 1735 quae
1146 1681 1272 1720 fuerat
1291 1696 1381 1735 erga
1402 1691 1453 1728 te,
1475 1696 1700 1736 recuperare
1720 1697 1801 1722 non

412 1748 539 1800 potui,
571 1761 706 1786 verum
736 1761 784 1786 ne
813 1747 967 1786 causam
986 1747 1149 1800 quidem
1169 1747 1310 1785 elicere
1330 1747 1547 1788 immutatae
1568 1746 1799 1787 voluntatis.

412 1813 586 1852 Tametsi
608 1814 728 1865 jactat
757 1813 826 1851 ille
844 1812 1007 1865 quidem
1028 1812 1127 1850 illud
1149 1811 1261 1850 suum
1288 1811 1511 1857 arbitrium,
1542 1821 1581 1850 et
1607 1825 1664 1857 ea,
1695 1826 1798 1865 quae,

409 1880 491 1931 jam
513 1888 598 1916 tum
618 1891 713 1915 cum
732 1877 876 1922 aderas,
898 1877 1094 1916 offendere
1113 1878 1196 1929 ejus
1217 1877 1395 1916 animum
1416 1877 1713 1930 intelligebam;
1738 1887 1798 1915 ta-

413 1957 504 1983 men
526 1943 643 1982 habet
663 1943 851 1996 quiddam
872 1943 1062 1996 profecto,
1093 1943 1199 1996 quod
1220 1943 1343 1995 magis
1372 1944 1412 1982 in
1438 1944 1571 1982 animo
1590 1945 1673 1996 ejus
1695 1944 1797 1983 inse-

414 2009 541 2048 derit:
573 2009 680 2062 quod
712 2023 838 2062 neque
866 2009 1036 2062 epistola:
1068 2018 1158 2054 tuae,
1190 2022 1315 2062 neque
1347 2009 1472 2048 nostra
1506 2009 1688 2062 allegatio
1720 2020 1805 2050 tam

415 2075 537 2129 potest
559 2074 672 2113 facile
693 2075 833 2120 delere,
865 2090 982 2128 quarn
1014 2085 1056 2113 tu
1084 2075 1245 2128 praesens
1277 2089 1355 2114 non
1376 2075 1496 2114 modo
1515 2077 1704 2120 oratione,
1736 2075 1799 2115 sed

414 2151 484 2180 tuo
505 2141 614 2179 vultu
638 2141 708 2179 illo
728 2140 927 2186 familiari,
946 2141 1083 2186 tollcs;
1106 2141 1132 2179 si
1153 2141 1272 2179 modo
1294 2142 1390 2179 tanti
1412 2142 1568 2194 putabis
1590 2142 1653 2187 id;
1675 2142 1798 2194 quod,

414 2207 439 2245 si
462 2220 525 2245 me
545 2207 691 2251 audies,
707 2216 746 2245 et
768 2207 793 2245 si
815 2206 1050 2245 humanitati
1074 2216 1148 2245 tuae
1169 2207 1339 2246 constare
1359 2208 1479 2252 voles,
1501 2217 1604 2246 certe
1623 2208 1797 2261 putabis,

416 2274 491 2318 Ac,
523 2286 570 2310 ne
598 2272 696 2310 illud
723 2272 875 2317 mirere,
907 2286 991 2317 cur,
1022 2286 1115 2310 cum
1135 2286 1209 2325 cgo
1228 2282 1339 2311 antea
1359 2273 1613 2325 significarem
1636 2273 1708 2312 tibi
1731 2288 1798 2327 per

415 2338 559 2382 literas,
591 2352 653 2377 me
682 2338 826 2391 sperare
854 2338 969 2377 illum
1002 2339 1042 2376 in
1072 2338 1196 2377 nostra
1225 2338 1409 2391 potestate
1436 2338 1534 2383 fore,
1566 2353 1670 2377 nunc
1692 2339 1797 2378 idem

414 2404 543 2442 videar
573 2404 776 2449 diffidere;
809 2404 1038 2443 incredibile
1070 2404 1138 2449 est,
1169 2413 1317 2458 quanto
1349 2404 1447 2443 mihi
1483 2405 1658 2443 videatur
1690 2406 1798 2445 illius

414 2469 593 2507 voluntas
614 2470 857 2515 obstinatior,
890 2480 927 2508 et
950 2470 988 2507 in
1012 2468 1082 2508 hac
1105 2470 1302 2508 iracundia
1323 2470 1566 2508 obtimi-atior
1585 2486 1593 2509 :
1627 2470 1688 2509 sed
1715 2470 1798 2510 haec

414 2543 479 2573 aut
507 2534 756 2580 sanabuntur,
787 2549 880 2574 cum
910 2536 1087 2580 veneri-55
1119 2545 1185 2575 aut
1217 2537 1254 2579 ei
1289 2535 1448 2575 molesta
1475 2546 1604 2582 erunt,
1635 2536 1675 2574 in
1708 2545 1797 2576 utro
