2243 3008
550 228 1450 270 ADATTICUML113.X,
1614 233 1684 269 281

642 465 884 502 C1cERo
926 463 1179 501 ATT1co
1221 463 1350 501 SAL.

309 592 383 631 IX.
407 590 834 665 ADVENTUS
871 589 1080 629 Philotimi
1115 591 1171 643 (at
1203 591 1315 643 cujus
1350 590 1540 634 hominis,
1572 603 1690 642 quam

517 657 664 702 insulfi,
695 665 733 695 et
753 670 871 710 quam
891 656 988 708 saepe
1007 669 1078 709 pro
1099 656 1289 708 Pompeio
1310 656 1536 694 mentientis
1554 656 1586 705 ?)
1619 669 1687 693 ex-

308 723 496 762 animavit
516 736 668 768 omnes,
690 722 760 775 qui
780 735 938 760 mecum
959 730 1066 759 erant
1085 737 1093 759 :
1127 735 1215 759 nam
1238 721 1316 774 ipse
1337 722 1522 760 obdurui.
1555 720 1688 759 Dubi-

309 789 415 827 tabat
446 788 621 827 nostrum
655 801 786 832 nemo,
817 787 914 840 quin
951 777 1076 825 Caesar
1109 787 1249 825 itinera
1282 786 1532 840 repreffiffet;
1563 786 1691 838 volare

309 853 482 893 dicitur:
517 854 690 892 Petreius
725 867 818 891 cum
853 851 1020 890 Afranio
1053 851 1313 904 conjunxisset
1348 852 1410 890 se:
1446 852 1548 890 nihil
1582 851 1692 890 affert

308 920 515 972 ejusmodi.
562 919 672 970 Qid
703 919 876 972 quaeris?
907 918 1026 956 etiam
1057 917 1157 955 illud
1191 927 1270 955 erat
1302 917 1536 970 persuasum,
1570 918 1690 955 Pom-

307 985 443 1038 peium
472 999 565 1023 curn
593 985 745 1037 magnis
775 984 900 1036 copiis
930 983 1003 1021 iter
1032 983 1073 1020 in
1104 983 1359 1021 Germaniam
1387 996 1455 1035 per
1485 983 1693 1033 Illyricum

309 1050 440 1089 fecisse
458 1066 466 1089 ε
498 1050 540 1089 id
559 1049 666 1088 enirn
686 1045 875 1092 αύθῑντικῶς
893 1048 1161 1087 nuntiabatur.
1205 1048 1391 1086 Melitam
1410 1048 1533 1100 igitur
1553 1048 1692 1100 opinor

309 1115 560 1169 capessamus,
591 1115 688 1153 dum
718 1112 815 1165 quid
843 1113 885 1151 in
917 1113 1135 1165 Hispania;
1167 1113 1273 1165 quod
1299 1113 1460 1166 quidem
1481 1127 1692 1166 propemo-

310 1182 407 1219 dum
427 1181 560 1219 videor
579 1193 627 1218 ex
649 1178 807 1217 Caesaris
827 1178 951 1216 literis
973 1178 1089 1231 ipfius
1111 1178 1311 1216 voluntate
1332 1177 1456 1217 facere
1476 1179 1593 1231 poss'e,
1624 1181 1693 1231 qui

309 1255 425 1298 negat
446 1258 572 1298 neque
586 1244 801 1289 honestius,
820 1256 946 1295 neque
967 1244 1106 1289 tutius,
1124 1242 1225 1281 mihi
1242 1243 1455 1295 quicquam
1471 1244 1555 1288 effe,
1574 1258 1694 1296 quam

311 1312 359 1349 ab
380 1311 490 1350 omni
511 1310 765 1349 contentione
785 1308 920 1347 abesse.
954 1308 1089 1353 Dices,
1121 1308 1190 1346 ubi
1211 1322 1302 1360 ergo
1325 1317 1414 1346 tuus
1436 1310 1503 1347 ille
1523 1310 1692 1354 animus,

312 1390 432 1429 quem
452 1376 644 1429 proximis
665 1375 821 1414 literis?
853 1373 986 1419 Adest,
1017 1383 1056 1412 et
1085 1373 1191 1411 idem
1220 1374 1299 1412 est:
1332 1374 1395 1412 sed
1427 1375 1577 1412 utinam
1607 1388 1696 1412 meo

314 1442 440 1480 solum
474 1442 601 1495 capite
639 1441 900 1479 decernerem.
952 1440 1152 1491 Lacrymae
1185 1453 1365 1478 meorum
1400 1453 1462 1478 me
1497 1440 1697 1478 interdum

313 1507 517 1551 molliunt,
550 1506 794 1558 precantium
817 1514 860 1543 ut
884 1504 930 1542 de
961 1504 1163 1556 Hispaniis
1184 1506 1447 1556 expediemus.
1494 1506 1558 1543 M.
1583 1506 1696 1544 Caelii

316 1572 477 1624 quidem
497 1571 715 1624 epistolam,
747 1570 930 1622 scriptam
951 1569 1237 1614 miserabiliter,
1268 1583 1361 1608 cum
1390 1569 1466 1608 hoc
1496 1571 1601 1608 idem
1621 1571 1696 1609 ob—

317 1638 492 1682 secraret,
524 1646 567 1675 ut
598 1637 856 1689 expastarem,
888 1648 935 1673 ne
964 1634 1140 1674 fortunas
1162 1648 1280 1679 meas,
1313 1649 1359 1673 ne
1381 1636 1537 1674 unicam
1559 1636 1696 1681 filiam,

316 1717 365 1741 ne
385 1716 492 1741 meos
513 1715 664 1747 omnes,
696 1711 774 1739 tarn
807 1710 950 1739 temere
980 1700 1198 1753 proderem,
1230 1714 1309 1738 non
1335 1701 1413 1738 fine
1440 1714 1582 1753 magno
1603 1701 1700 1740 fletu

316 1769 496 1821 legerunt
516 1769 627 1821 pueri
648 1767 791 1805 nostri:
824 1767 891 1805 etsi
911 1780 1021 1804 meus
1042 1766 1203 1819 quidem
1224 1765 1277 1804 est
1297 1765 1450 1812 fortior,
1472 1780 1595 1819 eoque
1615 1765 1699 1820 ipso

316 1835 588 1874 vehementius
609 1842 861 1878 commovet;
894 1846 965 1870 nec
994 1832 1211 1885 quidquam
1237 1832 1306 1871 nisi
1327 1833 1374 1870 de
1394 1832 1620 1885 dignatione
1640 1834 1698 1872 la-

317 1901 442 1940 borat.
475 1900 660 1939 Melitam
681 1899 826 1951 igitur;
849 1898 988 1936 deinde
1009 1911 1088 1950 quo
1108 1898 1319 1937 videbitur.
1342 1900 1410 1936 Tu
1431 1908 1560 1937 tamen
1581 1900 1700 1938 etiam

319 1980 425 2005 nunc
445 1965 547 2005 mihi
567 1965 718 2018 aliquid
737 1965 953 2010 literarum,
984 1973 1023 2002 et
1055 1965 1226 2001 maxime
1257 1964 1283 2002 fi
1315 1964 1412 2016 quid
1442 1964 1490 2002 ab
1518 1963 1696 2004 Afranio.

318 2033 421 2086 Ego,
452 2033 478 2071 fi
500 2046 593 2071 cum
612 2033 791 2071 Antonio
810 2031 967 2070 locutus
988 2044 1067 2076 ero,
1099 2030 1263 2068 scribam
1292 2030 1340 2068 ad
1367 2040 1419 2076 te,
1450 2031 1546 2083 quid
1571 2033 1700 2070 aCtum

319 2098 391 2136 fit:
423 2110 488 2135 ero
508 2106 638 2135 tamen
659 2097 700 2135 in
721 2096 928 2141 credendo,
952 2106 996 2134 ut
1016 2109 1166 2140 mones,
1189 2104 1350 2134 cautus:
1383 2109 1472 2134 nam
1493 2095 1698 2134 occultan-

321 2162 361 2200 di
381 2162 478 2200 ratio
499 2175 592 2200 cum
612 2161 802 2207 difficilis,
835 2171 921 2200 tum
942 2162 1060 2200 etiarn
1082 2160 1295 2213 periculosa
1314 2160 1381 2199 est.
1429 2161 1602 2198 Servium
1629 2174 1699 2198 ex-

323 2229 433 2279 pesto
467 2227 513 2265 ad
549 2228 713 2273 Nonas5
751 2237 789 2266 et
823 2227 946 2280 adigit
979 2228 1034 2265 ita
1067 2226 1279 2271 Postumia,
1319 2234 1357 2263 et
1391 2225 1543 2262 Servius
1578 2224 1698 2264 filius.

325 2293 564 2344 Qartanam
584 2293 771 2332 leviorem
791 2293 862 2332 effe
881 2293 1046 2346 gaudeo.
1092 2291 1185 2329 Mifi
1212 2291 1259 2329 ad
1280 2301 1317 2329 te
1339 2290 1451 2329 Caelii
1472 2291 1588 2329 etiam
1609 2290 1700 2331 lite-

325 2370 453 2395 rarum
474 2357 715 2410 exemplum.

409 2490 540 2527 TOM.
572 2488 689 2527 VIII.
1311 2489 1350 2527 N
1382 2502 1405 2526 n
