2243 3008
454 277 506 316 90
804 263 1492 303 EPISTOLARUM

457 362 604 408 dicant,
638 361 674 400 se
695 361 821 401 nostra
839 362 951 401 causa
968 362 1130 401 voluisse
1149 362 1256 401 suam
1276 362 1505 415 potestatem
1525 362 1598 402 efl‘e
1618 362 1664 401 de
1686 361 1842 402 Consu·

458 428 562 466 libus
584 428 782 473 ornandis,
814 442 894 466 non
914 437 958 466 ut
977 441 1042 466 eos
1064 428 1315 480 impedirent,
1347 428 1410 466 sed
1431 437 1475 467 ut
1494 428 1540 466 ad
1561 427 1729 467 nostram
1749 441 1843 467 cau·

459 492 537 531 sam
558 493 829 546 adjungerent.
877 493 1000 532 Nunc
1024 493 1050 531 fi
1072 493 1263 531 Consules
1284 507 1305 530 a
1324 493 1438 532 nobis
1458 494 1662 532 alieniores
1683 493 1756 532 efl‘e
1774 506 1843 530 ve-

458 558 550 603 lint,
583 558 684 610 poss‘e
705 558 744 595 id
765 558 887 595 libere
907 557 1054 603 facere;
1087 557 1141 595 fin
1162 557 1309 595 vellent
1330 557 1455 596 nostra
1473 558 1598 603 causa,
1622 557 1722 596 nihil
1745 557 1847 610 poffe

460 622 497 660 se
519 623 667 660 invitis.
701 623 806 661 Nam
828 622 936 675 quod
958 622 1108 667 scribis,
1141 623 1181 659 ni
1204 622 1256 659 ita
1276 622 1390 660 nobis
1411 622 1626 675 placuiffet‚
1658 623 1748 660 illos
1770 622 1846 660 hoc

462 687 567 725 idem
589 702 655 740 per
675 688 870 740 populum
891 687 1124 726 ass‘ecuturos
1155 686 1295 733 fuiss'e3
1327 688 1461 726 invitis
1494 688 1688 726 Tribunis
1720 687 1859 740 plebis*

462 753 546 791 fieri
569 753 679 791 nullo
711 753 830 791 modo
855 754 1001 806 potuit.
1048 754 1108 791 Ita
1127 766 1272 797 vereor,
1305 767 1352 791 ne
1371 763 1410 791 et
1431 753 1554 791 studia
1573 754 1849 791 Tribunorum

462 819 735 864 amiserimus;
766 828 820 864 et,
851 819 878 857 s1
904 818 1028 856 studia
1059 827 1255 863 maneant,
1287 819 1464 856 vinclum
1496 818 1597 856 illud
1627 817 1847 870 adjungen-

462 883 604 922 dorum
625 883 846 922 Consulum
866 883 1045 922 amiss‘um
1073 883 1132 921 fit.
1178 883 1346 921 Accedit
1372 883 1478 921 aliud
1500 897 1579 921 non
1601 896 1763 936 parvum
1784 883 1848 921 in-

463 948 738 993 commodum,
768 948 875 1001 quod
895 949 1021 1000 gravis
1043 948 1111 985 illa
1130 948 1280 1000 opinio,
1313 958 1357 986 ut
1377 948 1539 1000 quidem
1559 948 1607 986 ad
1627 961 1697 986 nos
1718 947 1849 1001 perfe-

463 1014 633 1058 rebatur,
666 1013 852 1050 Senatum
883 1012 986 1050 nihil
1021 1012 1226 1050 decernere
1253 1021 1464 1065 antequam
1495 1013 1542 1051 de
1573 1013 1687 1052 nobis
1719 1015 1850 1052 actum

463 1077 568 1121 esset,
599 1076 730 1114 amissa
749 1077 801 1114 est
817 1095 829 1121 ;
862 1077 1074 1129 praesertim
1095 1077 1135 1115 in
1156 1090 1200 1115 ea
1219 1078 1342 1123 causa,
1369 1092 1455 1130 quae
1477 1091 1556 1116 non
1577 1078 1696 1117 modo
1717 1078 1850 1116 neces-

463 1142 556 1180 saria
577 1155 654 1179 non
677 1141 770 1186 fuit,
802 1141 864 1179 sed
885 1142 1002 1180 etiam
1023 1142 1216 1187 inufitata,
1250 1156 1293 1180 ac
1318 1156 1430 1181 nova.
1477 1143 1620 1195 Neque
1640 1144 1748 1181 enim
1775 1157 1850 1182 un-

464 1221 582 1260 quam
604 1207 771 1245 arbitror
791 1217 942 1246 ornatas
963 1207 1034 1246 effe
1055 1208 1274 1260 provincias
1291 1207 1602 1260 designatorum;
1626 1218 1683 1254 ut,
1702 1222 1794 1247 cum
1811 1210 1852 1247 in

463 1273 540 1311 hoc
561 1273 629 1310 illa
648 1271 877 1317 constantia,
908 1286 994 1325 quae
1014 1282 1094 1311 erat
1113 1286 1199 1311 mea
1219 1273 1329 1311 causa
1349 1273 1536 1327 suscepta,
1558 1274 1771 1313 imminuta
1791 1275 1850 1320 sit,

465 1338 667 1390 nihiljam
688 1338 801 1390 poffit
827 1352 905 1376 non
935 1338 1105 1377 decerni.
1152 1339 1241 1389 Jam
1271 1337 1348 1384 his,
1379 1339 1426 1377 ad
1457 1352 1556 1392 quos
1587 1339 1753 1378 relatum
1782 1340 1850 1386 est,

465 1405 602 1443 amicis
624 1403 820 1456 placuisse,
853 1417 930 1442 non
961 1405 1107 1443 mirum
1129 1405 1201 1443 fit:
1233 1414 1314 1443 erat
1343 1406 1451 1444 enim
1479 1405 1641 1443 difficile
1670 1407 1850 1459 reperire,

465 1470 536 1522 qui
562 1478 698 1507 contra
728 1478 833 1506 tanta
861 1469 1070 1507 commoda
1099 1469 1268 1507 duorum
1298 1469 1506 1508 consulum
1537 1470 1666 1522 palam
1695 1470 1851 1508 sentcn-

465 1536 563 1574 tiam
595 1533 754 1572 diceret.
801 1535 896 1572 Fuit
927 1536 1092 1573 omnino
1121 1535 1284 1573 difficile
1304 1549 1382 1573 non
1403 1535 1566 1588 obsequi
1587 1536 1647 1573 vel
1667 1536 1851 1574 amiciffi-

466 1614 533 1641 mo
553 1598 708 1638 homini
730 1599 918 1645 Lentulo,
949 1600 1009 1638 vel
1038 1600 1222 1645 Metello,
1253 1601 1324 1652 qui
1353 1601 1592 1639 simultatem
1620 1600 1853 1640 humaniffi-

466 1680 530 1705 me
550 1665 776 1718 deponeret.
823 1665 895 1702 Sed
916 1679 1062 1711 vereor,
1094 1679 1141 1703 ne
1170 1664 1242 1703 hos
1273 1675 1402 1703 tamen
1434 1675 1563 1704 tenere
1591 1667 1851 1719 potuerimus,

466 1731 670 1770 Tribunos
692 1730 818 1782 plebis
838 1730 1097 1769 amiserimus.
1142 1731 1240 1769 Haec
1262 1744 1320 1769 res
1341 1731 1676 1784 quemadmodum
1697 1732 1853 1769 cecide-

469 1798 532 1842 rit,
564 1806 602 1834 et
633 1805 714 1833 tota
744 1809 801 1833 res
831 1809 912 1848 quo
941 1795 1031 1834 loco
1061 1797 1120 1842 fit,
1150 1797 1271 1834 velim
1301 1796 1348 1834 ad
1377 1810 1442 1834 me
1468 1796 1638 1841 scribas;
1671 1806 1709 1834 et
1737 1797 1790 1834 ita
1811 1807 1854 1836 ut

468 1860 666 1901 instituisti
685 1875 694 1898 ε
728 1874 817 1898 nam
840 1861 908 1898 ista
926 1862 1080 1905 veritas,
1113 1861 1259 1898 etiamsi
1276 1861 1452 1913 jucunda
1474 1875 1550 1899 non
1572 1861 1640 1907 est,
1671 1861 1773 1900 mihi
1796 1871 1852 1900 ta-

468 1940 557 1965 men
580 1935 688 1978 grata
705 1925 773 1964 est.
807 1927 901 1964 Dat.
928 1939 987 1964 ιν.
1011 1926 1071 1965 Id.
1098 1926 1291 1965 Decemb.

804 2130 1046 2167 Crceao
1090 2131 1343 2168 Αττιεο
1385 2131 1514 2169 SAL.

472 2257 603 2296 XXV.
632 2256 816 2328 POST
841 2268 952 2296 tuum
975 2271 995 2296 a
1016 2271 1078 2295 me
1098 2257 1302 2296 discessum
1324 2258 1441 2296 litera·
1464 2258 1562 2297 mihi
1587 2259 1714 2298 Roma
1733 2262 1857 2300 allatae

712 2323 812 2368 sunt,
844 2337 891 2362 cx
923 2323 1068 2375 quibus
1101 2323 1291 2376 perspicio
1323 2325 1435 2361 nobis
1468 2324 1505 2362 in
1539 2324 1607 2362 hac
1636 2326 1857 2366 calamitate

473 2388 746 2426 tabescendum
768 2389 867 2427 csse:
902 2403 1027 2441 neque
1056 2389 1178 2434 enim,
1213 2389 1293 2440 (sed
1326 2389 1468 2427 bonam
1501 2391 1539 2427 in
1573 2401 1720 2442 partem
1750 2394 1855 2431 acci-

472 2455 571 2507 pies)
598 2455 620 2492 si
654 2455 731 2493 ulla
764 2455 844 2507 spes
878 2455 989 2493 saluti
1022 2455 1155 2494 nostrae
1188 2455 1363 2499 subess‘ct,
1396 2467 1453 2498 tu,
1487 2470 1554 2508 pro
1578 2467 1644 2496 tuo
1665 2471 1794 2497 amore
1816 2460 1855 2497 in

471 2535 546 2565 mc,
580 2519 655 2558 hoc
689 2530 863 2573 tempore
895 2520 1127 2560 disceffiss'cs.
1175 2521 1247 2560 Sed
1281 2536 1326 2560 nc
1361 2523 1516 2574 ingrati,
1549 2533 1612 2561 aut
1646 2537 1693 2562 ne
1724 2525 1857 2563 omnia
