2243 3008
477 209 553 252 330
821 191 1508 234 EPISTOLARUM

475 297 611 335 Laenas
643 294 720 333 hoc
754 302 963 347 receperat.
1009 292 1158 331 Prende
1191 293 1240 331 C.
1274 292 1526 346 Septimium,
1557 291 1607 331 L.
1640 290 1857 330 Statilium.

476 361 660 413 Denique
682 373 799 398 nemo
819 359 978 412 negabit
999 358 1034 396 se
1058 359 1298 410 juraturum,
1329 372 1448 411 quem
1479 358 1638 410 rogaris.
1685 356 1805 410 Qod
1831 355 1859 394 fi

476 427 550 465 erit
569 426 720 472 durius,
750 427 918 470 veniam,
948 434 988 463 et
1007 424 1086 476 ipse
1107 434 1343 476 perpetuum
1362 425 1547 463 morbum
1562 424 1720 477 jurabo.
1752 424 1859 461 Cum

473 492 580 529 enim
601 490 700 529 mihi
723 491 933 529 carendum
955 490 1000 527 sit
1020 489 1228 534 conviviis,
1258 489 1362 527 malo
1389 489 1430 527 id
1459 490 1544 542 lege
1563 489 1687 528 videri
1715 488 1857 533 facere,

478 570 597 609 quam
617 557 765 594 dolore.
812 555 1026 594 Cocceium
1048 553 1168 591 velim
1197 553 1396 606 appelles;
1429 555 1536 607 quod
1561 556 1668 593 enim
1695 554 1859 598 dixerat,

478 637 556 661 non
578 621 673 660 facit
691 638 700 660 ι
732 636 805 674 ego
833 630 964 659 autem
985 620 1075 658 volo
1104 619 1265 672 aliquod
1285 632 1412 658 emere
1432 619 1646 658 latibulum
1665 630 1704 658 et
1723 619 1859 674 perfu-

479 689 591 740 gium
611 687 757 725 doloris
778 687 870 725 mei.

817 887 1060 926 Cicnno
1100 887 1356 925 ATT1co
1398 887 1528 925 SAL.

481 1018 594 1056 XIV.
620 1016 697 1090 D
710 1017 744 1054 E
766 1029 830 1054 me
844 1014 1064 1055 excusando
1079 1013 1180 1068 apud
1196 1014 1414 1068 Apuleium
1431 1014 1611 1055 dederam
1626 1014 1672 1052 ad
1690 1023 1727 1052 te
1741 1013 1868 1067 pridie

729 1082 873 1121 literas.
919 1080 1039 1120 Nihil
1070 1080 1143 1119 effe
1177 1081 1328 1133 negotii
1361 1081 1555 1120 arbitror:
1587 1092 1868 1135 quemcunque

480 1149 701 1203 appellaris,
732 1161 849 1186 nemo
880 1147 1053 1199 negabit.
1101 1145 1174 1184 Sed
1199 1147 1438 1200 Septimium
1457 1147 1560 1193 vide,
1590 1156 1630 1185 et
1650 1147 1866 1191 Laenatem,

480 1225 519 1252 et
549 1214 749 1252 Statilium
765 1231 778 1258 ς
810 1213 936 1252 tribus
966 1212 1074 1250 enim
1103 1224 1202 1264 opus
1232 1211 1313 1250 est:
1345 1211 1409 1250 sed
1438 1211 1540 1250 mihi
1570 1212 1706 1250 Laenas
1735 1220 1867 1249 totum

479 1290 687 1334 receperat.
731 1279 850 1331 Qod
878 1278 1015 1317 scribis
1035 1292 1055 1316 a
1075 1279 1198 1330 Junio
1218 1287 1256 1317 te
1274 1278 1515 1331 appellatum
1531 1297 1544 1324 ς
1576 1278 1741 1316 omnino
1761 1278 1865 1315 Cor-

480 1346 637 1385 nificius
658 1345 834 1398 locuples
855 1344 935 1382 est:
968 1343 1031 1382 sed
1061 1353 1193 1382 tamen
1219 1343 1314 1382 scire
1333 1343 1452 1382 velim
1473 1344 1630 1397 quando
1649 1343 1755 1381 dicar
1775 1343 1866 1395 spo-

479 1411 668 1464 pondiffe,
699 1421 738 1450 et
769 1425 840 1464 pro
871 1420 993 1463 patre,
1024 1423 1122 1448 anne
1155 1423 1225 1462 pro
1259 1409 1369 1449 filio:
1403 1424 1529 1463 neque
1562 1424 1608 1449 eo
1642 1410 1789 1455 minus,
1822 1418 1867 1448 ut

482 1477 633 1523 scribis,
650 1486 917 1530 procuratores
940 1475 1147 1514 Cornificii
1168 1485 1206 1513 et
1227 1475 1443 1527 Apuleium
1465 1475 1735 1528 praediatorem
1755 1474 1866 1513 vide-

482 1543 558 1582 bis.
603 1543 722 1595 Qod
752 1555 814 1580 me
843 1542 890 1579 ab
920 1541 996 1584 hoc
1024 1553 1191 1579 moerore
1212 1541 1372 1578 recreari
1393 1540 1466 1586 vis,
1497 1539 1609 1586 facis,
1641 1549 1685 1578 ut
1705 1540 1866 1585 omnia;

482 1608 545 1646 sed
566 1622 628 1646 me
649 1607 749 1646 mihi
771 1621 849 1645 non
871 1605 1046 1651 defuisse,
1079 1616 1122 1644 tu
1143 1605 1247 1644 testis
1268 1619 1306 1644 es
1326 1620 1335 1644 :
1368 1604 1469 1644 nihil
1497 1606 1604 1644 enirn
1634 1605 1680 1644 de
1701 1619 1869 1644 moerore

482 1673 698 1712 minuendo
730 1673 920 1725 scriptum
952 1672 1000 1710 ab
1033 1671 1116 1710 ullo
1147 1671 1214 1716 est,
1246 1671 1352 1724 quod
1373 1685 1446 1724 ego
1467 1685 1545 1710 non
1567 1671 1675 1709 domi
1705 1680 1780 1709 tuae
1809 1671 1867 1709 le-

483 1741 609 1792 gerim
626 1759 637 1785 ;
671 1739 733 1778 sed
760 1753 925 1777 omnem
955 1737 1264 1776 consolationem
1293 1738 1418 1776 vincit
1449 1738 1574 1776 dolor.
1619 1738 1729 1789 Qin
1749 1737 1869 1775 etiam

483 1806 576 1850 feci,
607 1805 713 1858 quod
735 1803 909 1857 profecto
929 1814 1017 1842 ante
1038 1818 1101 1842 me
1122 1817 1253 1848 nemo,
1286 1813 1329 1842 ut
1349 1804 1429 1857 ipse
1449 1817 1512 1841 me
1533 1817 1599 1856 per
1620 1803 1747 1841 literas
1769 1816 1867 1841 con-

485 1871 622 1909 solarer
641 1885 649 1908 :
682 1884 802 1922 quem
823 1870 972 1908 librum
993 1869 1040 1907 ad
1067 1878 1105 1907 te
1125 1870 1299 1913 mittam,
1331 1869 1356 1907 fi
1388 1868 1658 1921 descripserint
1690 1868 1836 1908 librarii
1856 1884 1866 1907 ε

485 1936 637 1974 affirmo
659 1936 732 1973 tibi
754 1935 904 1973 nullam
925 1935 1234 1973 consolationem
1253 1934 1324 1972 effe
1347 1935 1479 1973 talem.
1523 1936 1648 1972 Totos
1670 1934 1750 1972 dics
1773 1934 1867 1973 scri—

486 2003 565 2047 bo3
605 2015 682 2039 non
718 2015 798 2053 quo
832 2000 1034 2053 proficiam
1069 1999 1194 2051 quid:
1234 1999 1296 2037 sed
1331 2000 1517 2052 tantisper
1550 2000 1758 2053 impedior,
1790 2013 1869 2039 non

486 2067 671 2120 equidem
700 2065 816 2110 satis;
849 2066 906 2103 vis
927 2066 1033 2103 enim
1056 2074 1195 2117 urget:
1230 2064 1290 2102 sed
1314 2065 1462 2103 relaxer
1483 2075 1627 2111 tamen,
1659 2067 1870 2120 omniaque

487 2135 606 2177 nitor,
638 2146 715 2171 non
749 2130 795 2170 ad
826 2131 1018 2176 animum,
1051 2131 1113 2169 sed
1142 2130 1187 2168 ad
1210 2131 1365 2168 vultum
1396 2130 1538 2183 ipsum,
1572 2131 1595 2169 fi
1618 2145 1774 2184 queam,
1807 2146 1867 2171 re·-

487 2199 727 2243 ficiendum;
761 2198 880 2251 idque
907 2198 1052 2236 faciens
1084 2197 1282 2235 interdum
1315 2196 1415 2235 mihi
1448 2211 1606 2250 peccare
1626 2199 1772 2243 videor,
1805 2200 1867 2237 in-

488 2266 641 2305 terdum
665 2275 893 2317 peccaturus
914 2264 1000 2309 esse,
1033 2264 1100 2302 nisi
1129 2263 1283 2302 faciam.
1329 2264 1508 2302 Solitudo
1528 2264 1677 2316 aliquid
1698 2265 1868 2318 adjuvat,

488 2332 550 2370 sed
582 2331 711 2369 multo
744 2331 830 2383 plus
860 2330 1077 2383 proficeret,
1111 2330 1132 2368 si
1167 2339 1208 2368 tu
1239 2339 1367 2368 tamen
1399 2329 1619 2374 intereil'es;
1651 2344 1737 2383 quse
1768 2331 1869 2370 mihi

491 2411 565 2436 tina
585 2396 694 2434 causa
714 2396 765 2434 est
796 2395 889 2434 hinc
910 2396 1158 2434 discedendi:
1193 2409 1282 2434 nam
1313 2409 1383 2448 pro
1413 2395 1523 2433 malis
1555 2398 1655 2435 recle
1684 2396 1866 2436 habebnt.

490 2465 728 2515 Qanquam
767 2461 895 2514 ipsum
930 2461 1070 2499 doleo:
1117 2474 1196 2499 non
1229 2460 1335 2499 enim
1370 2461 1452 2513 jam
1489 2461 1527 2499 in
1562 2475 1625 2500 me
1659 2461 1764 2501 idem
1797 2461 1870 2501 effe
