2243 3008
547 267 656 320 AD
712 276 1148 318 ATTICUM
1215 278 1359 320 LIB.
1409 280 1524 322 X1v.
1652 296 1737 338 407

342 381 473 426 debet,
503 388 548 418 ut
568 376 765 431 quidquid
785 375 986 422 acciderit,
1016 375 1174 415 fortiter
1200 385 1239 414 et
1269 376 1458 430 sapienter
1478 379 1665 429 feramus,
1697 394 1737 423 et

341 445 519 485 accidiffe
539 444 771 483 hominibus
792 442 1091 482 meminerimus
1109 461 1121 488 5
1154 441 1302 494 nosque
1322 456 1416 483 cum
1437 447 1612 486 multum
1640 450 1734 488 lite-

342 525 406 556 rae,
425 520 525 550 <tum
547 523 626 549 non
648 510 863 548 minimum
885 508 977 546 Idus
999 521 1158 561 quoque
1179 508 1303 547 Mart.
1326 509 1592 551 consolentur.
1640 515 1731 552 Sus-

341 577 428 628 cipe
449 589 555 613 nunc
576 588 704 613 meam
725 573 1064 618 deliberationem,
1095 586 1172 625 qua
1192 571 1409 613 sollicitor:
1442 576 1496 613 ita
1516 577 1641 615 multa
1661 593 1728 617 ve-

339 641 458 678 niunt
478 640 519 678 in
541 649 715 678 mentem
736 639 778 677 in
800 648 1007 690 utramque
1026 646 1193 690 partem.
1239 638 1485 685 proficiscor,
1517 651 1561 679 ut
1582 643 1728 682 consti-

338 715 507 752 tueram,
538 706 688 758 legatus
722 705 765 743 in
800 704 995 743 Graeciam
1015 704 1028 741 ?
1060 703 1175 742 caedis
1209 703 1475 757 impendentis
1505 707 1731 759 periculum

339 772 526 810 nonnihil
546 773 666 810 vitare
686 770 833 817 videor,
864 769 928 809 sed
949 769 1103 808 casurus
1128 770 1169 807 in
1189 769 1363 823 aliquam
1384 771 1729 825 vituperationem,

339 838 449 891 quod
485 837 733 890 Reipublicae
766 835 960 875 defuerim
995 845 1076 874 tam
1109 836 1217 888 gravi
1252 845 1443 890 tempore.
1495 839 1561 876 Sin
1596 848 1729 879 autem

339 904 530 949 mansero,
562 904 645 942 fore
675 916 738 941 me
772 902 935 955 quidem
963 901 1077 940 video
1106 902 1147 939 in
1177 901 1403 941 discrimine
1419 922 1431 948 3
1463 903 1526 942 sed
1556 905 1731 944 accidere

339 968 443 1022 poss‘e
464 969 650 1021 suspicor,
672 978 716 1007 ut
737 968 908 1020 prodess‘e
928 967 1066 1020 poffim
1088 967 1350 1020 Reipublicae,
1373 969 1463 1019 Jam
1482 969 1551 1007 illa
1571 971 1731 1010 consilia

336 1036 489 1088 privata
517 1035 621 1080 sunt,
653 1035 760 1087 quod
791 1034 913 1072 sentio
943 1033 1052 1072 valde
1081 1032 1153 1071 effe
1184 1033 1281 1071 utile
1308 1033 1355 1072 ad
1385 1034 1730 1076 confirmationem

341 1101 562 1146 Ciceronis,
592 1114 656 1139 me
682 1101 780 1138 illuc
801 1101 960 1145 venire;
993 1113 1064 1137 nec
1096 1099 1170 1137 alia
1200 1099 1311 1137 causa
1340 1099 1594 1153 profectionis
1625 1102 1729 1142 mihi

340 1167 421 1204 ulla
440 1166 518 1204 fuit
541 1176 642 1211 tum,
671 1180 764 1204 cum
785 1166 992 1204 confilium
1013 1166 1100 1217 cepi
1119 1165 1239 1217 legari
1261 1166 1308 1203 ab
1331 1166 1491 1205 Caesare.
1525 1169 1628 1206 Tota
1649 1169 1728 1221 igi-

337 1241 405 1269 tur
423 1230 496 1269 hac
519 1231 564 1268 de
585 1245 639 1276 re,
671 1240 714 1269 ut
744 1230 856 1276 soles,
888 1231 913 1268 fi
936 1230 1032 1282 quid
1052 1229 1098 1267 ad
1119 1243 1182 1268 me
1203 1231 1397 1282 pertinere
1417 1241 1544 1283 putas,
1576 1234 1728 1285 cogita-

341 1297 416 1335 bis.
462 1296 599 1334 Redeo
618 1310 724 1334 nunc
745 1296 791 1334 ad
813 1296 1014 1348 epistolam
1035 1305 1160 1334 tuam.
1205 1296 1349 1334 Scribis
1371 1297 1478 1334 enim
1499 1297 1571 1335 effe
1591 1313 1729 1337 rumo—

340 1376 414 1407 res,
446 1376 509 1400 me
538 1361 584 1399 ad
614 1361 745 1400 lacum
765 1361 872 1414 quod
892 1361 1018 1399 habeo
1038 1361 1320 1406 venditurum;
1352 1362 1615 1401 minusculam
1639 1378 1731 1402 vero

338 1427 474 1466 villam
496 1427 634 1479 utique
655 1427 810 1478 Qinto
830 1426 1082 1471 traditurum,
1111 1426 1172 1464 vel
1193 1426 1370 1478 impenso
1390 1428 1532 1479 pretio,
1565 1441 1643 1480 quo
1663 1430 1728 1467 in-

339 1493 584 1537 troducatur,
603 1501 646 1530 ut
669 1493 742 1529 tibi
764 1491 947 1543 Qfilius
969 1492 1129 1536 dixerit,
1151 1491 1282 1529 dotata
1304 1493 1496 1544 Aquillia.
1530 1494 1618 1545 Ego
1639 1508 1729 1533 vero

340 1559 387 1597 de
407 1558 633 1597 venditione
654 1557 756 1596 nihil
777 1558 925 1610 cogito,
958 1558 1027 1595 nili
1049 1557 1160 1610 quid,
1192 1558 1299 1610 quod
1318 1559 1442 1610 magis
1464 1573 1528 1597 me
1549 1560 1727 1606 delectet,

339 1626 538 1663 invenero.
616 1624 749 1661 uintus
770 1633 901 1661 autem
922 1623 969 1661 de
989 1623 1155 1662 emendo
1176 1623 1278 1661 nihil
1299 1634 1408 1662 curat
1428 1624 1505 1674 hoc
1527 1635 1726 1679 tempore:

339 1691 428 1729 satis
448 1690 555 1728 enim
577 1699 782 1741 torquetur
803 1689 1003 1727 debitione
1023 1689 1155 1735 dotis,
1188 1690 1227 1727 in
1253 1704 1329 1742 qua
1350 1690 1535 1729 mirificas
1558 1693 1730 1744 Egnatio

339 1757 480 1809 gratias
512 1755 607 1807 agit.
654 1756 691 1792 A
723 1754 900 1792 ducenda
930 1764 1061 1792 autem
1089 1768 1209 1792 uxore
1230 1755 1280 1793 fic
1300 1754 1498 1800 abhorret,
1532 1766 1573 1794 ut
1603 1757 1729 1796 libero

339 1822 484 1860 lectulo
507 1830 621 1873 neget
641 1820 712 1858 effe
732 1821 950 1873 quidquam
967 1821 1200 1872 jucundius.
1247 1821 1319 1859 Sed
1347 1820 1431 1859 haec
1453 1836 1610 1874 quoque
1629 1822 1727 1861 hac-

335 1897 470 1926 tenus.
503 1886 638 1925 Redeo
657 1886 763 1924 enim
786 1886 832 1924 ad
853 1886 1047 1932 miseram,
1079 1887 1143 1925 seu
1165 1887 1316 1925 nullam
1336 1888 1484 1940 potius,
1514 1889 1727 1941 Rempub-

337 1954 470 1992 licam.
505 1953 568 1991 M.
592 1953 794 1990 Antonius
814 1952 861 1990 ad
881 1966 945 1990 me
965 1953 1114 2005 scripsit
1134 1953 1181 1990 de
1201 1953 1445 1991 restitutione
1467 1954 1554 1992 Sex.
1570 1955 1725 1994 Clodii:

341 2033 459 2072 quam
480 2017 711 2063 honorifice,
743 2018 850 2070 quod
871 2018 917 2056 ad
938 2032 1001 2057 me
1021 2019 1176 2064 attinet,
1207 2032 1254 2056 ex
1274 2019 1392 2071 ipsius
1414 2019 1537 2057 literis
1559 2021 1726 2072 cognos-

335 2099 421 2130 ces3
448 2084 551 2136 (mifi
567 2085 674 2122 enim
691 2084 766 2122 tibi
785 2084 1033 2136 exemplum)
1053 2098 1171 2136 quam
1192 2084 1386 2129 diffolute,
1403 2099 1521 2137 quarn
1544 2087 1725 2138 turpiter,

339 2164 536 2203 quamque
568 2151 622 2187 ita
648 2150 877 2202 perniciose,
910 2160 953 2188 ut
985 2164 1270 2202 nonnunquam
1303 2151 1427 2188 Caesar
1458 2151 1728 2190 defiderandus

339 2216 410 2254 effe
431 2215 620 2260 videatur,
651 2214 767 2253 facile
796 2215 1052 2254 existimabis.
1096 2217 1195 2267 Qae
1227 2216 1334 2252 enim
1366 2215 1491 2253 Caesar
1522 2229 1726 2269 nunquam

341 2294 465 2332 neque
486 2280 648 2325 feciss‘et,
680 2294 806 2333 neque
826 2281 950 2333 paffus
972 2281 1076 2324 esset,
1108 2293 1150 2317 ea
1171 2293 1276 2317 nunc
1296 2294 1343 2317 ex
1364 2279 1466 2317 falfis
1497 2282 1579 2332 ejus
1613 2296 1725 2320 com-

341 2346 541 2383 mentariis
573 2345 842 2397 proferuntur.
889 2347 976 2398 Ego
1010 2355 1141 2383 autem
1176 2346 1355 2383 Antonio
1389 2345 1627 2384 facillimum
1663 2362 1727 2386 me

342 2412 517 2465 praebui:
550 2413 696 2449 etenim
717 2413 799 2458 ille,
831 2413 1018 2465 quoniam
1041 2412 1157 2450 semel
1188 2412 1346 2450 induxit
1365 2413 1543 2450 animum
1571 2413 1640 2451 fibi
1674 2415 1725 2452 li-

342 2492 427 2517 cere
447 2477 553 2531 quod
573 2478 705 2522 vellet,
737 2478 883 2517 feciffet
905 2478 1033 2516 nihilo
1053 2479 1184 2516 minus
1206 2492 1269 2516 me
1289 2479 1429 2518 invito.
1461 2479 1597 2531 Itaque
1619 2493 1725 2518 mea-

341 2558 428 2583 rum
450 2556 607 2596 quoque
627 2542 828 2581 literarum
849 2544 933 2581 mili
956 2543 1031 2581 tibi
1051 2543 1295 2596 exemplum.
