2243 3008
651 253 757 291 AD
815 252 1246 292 ATTICUM
1315 256 1456 294 LIB.
1508 259 1541 295 1.
1743 275 1787 311 19

404 352 557 392 tribuni
583 364 662 389 non
693 359 772 388 tam
805 351 923 396 aerati,
954 364 1088 402 quam,
1121 360 1165 389 ut
1195 352 1455 405 appellantur,
1487 356 1620 393 aerarii.
1669 357 1787 394 Pauci

405 427 536 455 tamen
570 415 665 453 boni
699 416 864 460 inerant,
896 428 994 468 quos
1030 416 1236 467 rejectione
1266 417 1401 470 fugare
1432 418 1500 456 ille
1535 433 1612 456 non
1645 431 1786 471 potue-

404 491 488 527 rat,
520 481 590 533 qui
625 480 752 519 moesti
786 481 888 519 inter
922 481 980 519 sui
1014 479 1230 527 diffimiles,
1261 492 1298 521 et
1332 493 1557 529 moerentes,
1589 485 1784 529 sedebant,

403 556 443 585 et
473 547 707 598 contagione
739 545 997 599 turpitudinis
1023 546 1274 586 vehementer
1302 549 1643 600 permovebantur.
1689 550 1786 595 Hic,

403 621 447 650 ut
474 625 640 664 quaeque
668 625 725 649 res
753 612 800 649 ad
831 611 1039 650 confilium
1065 612 1204 665 primis
1231 613 1562 665 postulationibus
1593 614 1786 652 refereba-

403 687 482 722 tur,
514 676 757 715 incredibilis
789 686 870 716 erat
900 677 1092 722 severitas,
1125 677 1234 716 nulla
1267 679 1448 717 varietate
1477 680 1783 718 sententiarum:

403 742 506 781 nihil
527 742 753 795 impetrarat
773 756 859 781 reus
879 758 887 781 :
919 743 1009 796 plus
1029 744 1242 782 accusatori
1262 744 1439 790 dabatur,
1470 759 1589 797 quarn
1615 746 1786 798 postula-

404 809 496 846 bat:
530 807 800 861 triumphabat
827 798 947 861 (quid
973 809 1112 860 quaeris
1131 809 1166 859 ?)
1199 810 1433 849 Hortensius
1466 810 1503 848 se
1534 811 1666 849 vidiffe
1698 821 1785 849 tan-

402 883 518 912 tum:
551 886 668 911 nemo
687 882 781 919 erat,
813 874 883 926 qui
904 874 1021 912 illum
1051 887 1160 913 reum
1190 887 1233 913 ac
1265 889 1344 913 non
1371 876 1516 914 millies
1545 876 1785 914 condemna-

403 948 490 977 tum
510 939 774 977 arbitraretur.
821 939 892 977 Me
921 953 1011 977 vero
1040 939 1131 978 teste
1162 940 1366 992 producto,
1398 941 1514 979 credo
1535 951 1572 980 te
1591 955 1638 980 ex
1659 941 1786 980 accla-

402 1004 576 1041 matione
596 1003 730 1041 Clodii
751 1003 1028 1042 advocatorum
1047 1005 1203 1050 audisse,
1221 1018 1307 1057 quae
1326 1006 1588 1045 consurrectio
1602 1007 1788 1059 judicum

403 1069 502 1107 faCta
522 1069 582 1114 fit,
614 1076 658 1106 ut
677 1082 741 1106 me
761 1069 1104 1114 circumsteterint,
1136 1078 1180 1108 ut
1199 1071 1483 1124 apertejugula
1512 1072 1576 1109 sua
1601 1086 1673 1124 pro
1699 1086 1788 1110 meo

400 1134 530 1186 capite
558 1133 602 1170 P.
627 1132 772 1170 Clodio
803 1133 1045 1172 ostentarint.
1091 1135 1192 1185 Qae
1219 1134 1321 1172 mihi
1350 1148 1407 1173 res
1435 1136 1564 1174 multo
1592 1136 1785 1190 honorifi-

401 1199 554 1236 centior
585 1197 665 1254 visa
688 1197 757 1244 est,
789 1211 909 1250 quam
940 1207 1007 1236 aut
1037 1198 1119 1244 illa,
1150 1212 1243 1238 cum
1266 1200 1397 1252 jurare
1427 1201 1486 1238 tui
1516 1202 1620 1239 cives
1651 1203 1785 1240 Xeno-

401 1273 549 1302 cratem
588 1262 859 1301 testimonium
896 1263 1095 1302 dicentem
1133 1262 1450 1317 prohibuerunt3
1495 1274 1561 1304 aut
1594 1279 1688 1304 cum
1726 1276 1786 1305 ta-

404 1329 515 1367 bulas
537 1328 697 1367 Metelli
718 1328 944 1374 Numidici,
975 1343 1068 1368 cum
1087 1328 1162 1374 hae,
1195 1338 1238 1368 ut
1265 1343 1352 1369 mos
1383 1330 1452 1376 est,
1482 1331 1788 1370 circumferren-

402 1404 481 1441 tur,
513 1394 633 1433 nostri
659 1395 814 1447 judices
849 1395 1016 1449 aspicere
1046 1396 1286 1440 noluerunt3
1319 1396 1447 1434 multo
1478 1395 1576 1442 haec,
1609 1398 1786 1450 inquam,

402 1460 529 1499 nostra
549 1473 606 1498 res
627 1461 766 1512 major.
811 1461 948 1513 Itaque
962 1461 1147 1514 judicum
1168 1461 1347 1507 vocibus,
1379 1475 1471 1500 cum
1491 1476 1564 1515 ego
1584 1463 1635 1501 sic
1655 1464 1702 1501 ab
1723 1464 1786 1509 iis,

402 1536 447 1564 ut
467 1526 566 1564 salus
587 1526 734 1578 patriae,
765 1525 1005 1572 defenderer,
1037 1526 1180 1565 fractus
1211 1540 1313 1572 reus,
1343 1537 1382 1566 et
1411 1541 1487 1565 una
1516 1530 1669 1580 pat-roni
1696 1543 1785 1567 om-

401 1604 469 1628 nes
503 1590 789 1629 conciderunt:
833 1591 882 1628 ad
920 1604 984 1629 me
1017 1600 1149 1630 autem
1183 1592 1317 1630 eadem
1351 1590 1572 1644 frequentia
1604 1593 1788 1646 postridie

400 1655 600 1701 convenit,
636 1667 714 1707 qua
741 1668 835 1693 cum
865 1655 998 1693 abiens
1033 1656 1237 1694 consulatu
1271 1656 1357 1695 sum
1390 1657 1553 1695 domum
1590 1659 1785 1698 reduetus.

404 1720 584 1758 Clamare
604 1719 778 1772 praeclari
799 1721 1059 1772 Areopagitae‚
1092 1720 1128 1758 se
1157 1734 1236 1759 non
1264 1720 1337 1758 effe
1357 1730 1556 1767 venturos,
1589 1723 1657 1760 nifi
1686 1736 1789 1776 prae⁴

403 1785 499 1822 fidio
533 1785 761 1823 constituto.
808 1784 994 1823 Refertur
1027 1786 1074 1823 ad
1107 1786 1341 1831 confilium,·
1379 1799 1456 1824 una
1491 1787 1566 1825 sola
1602 1788 1789 1826 sententia

403 1850 624 1902 praefidium
645 1863 724 1888 non
743 1850 982 1889 defideravit.
1023 1850 1211 1889 Defertur
1232 1864 1288 1889 res
1310 1851 1357 1888 ad
1378 1852 1551 1889 senatum
1570 1872 1580 1897 ;
1612 1854 1787 1904 gravissi-

403 1929 466 1953 me
486 1916 800 1969 ornatissimeque
833 1916 1082 1956 decernitur:
1115 1917 1322 1955 laudantur
1350 1917 1532 1970 judices:
1570 1918 1683 1956 datur
1717 1932 1788 1957 ne-

403 1982 560 2033 gotium
587 1981 902 2033 magistratibus:
935 1982 1209 2035 responsurum
1237 1982 1441 2021 hominem
1475 1996 1592 2021 nemo
1621 1984 1788 2022 arbitra-

405 2048 531 2084 batur.
571 2040 705 2081 ''Eo-mre
740 2044 786 2081 νῦν
814 2060 869 2094 μοι
899 2043 1014 2091 Μὲπᾳ,
1041 2043 1157 2086 ’ὄπ-πως
1186 2040 1222 2088 δὴ
1255 2044 1371 2090 σιςῶτον
1399 2045 1468 2096 πῦρ
1498 2044 1627 2095 {fimo-e.
1672 2049 1788 2088 Nosti

403 2113 588 2157 Calvum,
619 2124 666 2149 ex
697 2111 939 2150 Nanneianis
970 2111 1103 2157 illum,
1134 2112 1251 2150 illum
1287 2112 1525 2151 laudatorem
1559 2127 1709 2159 meum,
1741 2115 1789 2153 de

401 2179 516 2229 cujus
538 2179 711 2215 oratione
731 2190 821 2229 erga
840 2190 903 2214 me
922 2176 1140 2215 honorifica
1160 2177 1206 2214 ad
1228 2187 1265 2215 te
1289 2177 1527 2230 scripseram.
1572 2179 1699 2217 Biduo
1718 2194 1787 2233 per

405 2257 529 2281 unum
562 2243 727 2288 servum,
768 2251 807 2281 et
841 2256 931 2281 eum
964 2257 1013 2281 ex
1045 2242 1277 2295 gladiatorio
1308 2243 1417 2288 ludo,
1449 2243 1620 2282 confecit
1657 2255 1788 2284 totum

405 2309 636 2360 negotium:
669 2307 857 2346 arceffivit
890 2308 937 2345 ad
969 2308 1019 2353 se,
1051 2309 1243 2360 promisit,
1275 2308 1498 2353 intercessu,
1529 2309 1651 2348 dedit.
1697 2312 1787 2361 Jam

405 2385 495 2410 vero
517 2375 574 2424 (O
596 2375 651 2411 dii
673 2374 781 2419 boni,
812 2387 895 2411 rem
915 2373 1108 2426 perditam
1128 2373 1156 2424 !)
1188 2374 1306 2412 etiam
1328 2375 1458 2414 noCtes
1478 2384 1672 2413 certarum
1694 2389 1785 2413 mu-

407 2438 563 2482 lierum,
585 2448 699 2491 atque
718 2439 1098 2478 adolescentulorum
1119 2439 1317 2478 nobilium
1337 2439 1661 2486 introdudtiones‚
1685 2454 1786 2478 non—

405 2503 526 2542 nullis
551 2503 755 2556 judicibus
782 2519 856 2558 pro
889 2505 1080 2545 mercedis
1115 2506 1278 2545 cumulo
1307 2505 1482 2545 fuerunt.
1530 2507 1601 2551 Ita,
1634 2506 1788 2544 summo

1400 2572 1433 2608 C
1465 2583 1485 2608 2
