2243 3008
539 275 620 316 254
885 259 1577 299 EPISTOLAR.UM

538 362 587 400 ad
606 376 698 401 eum
718 361 863 401 literas.
900 361 1088 400 Inventus
1109 360 1163 399 est
1181 361 1248 399 vix
1266 360 1310 399 in
1329 359 1454 399 hortis
1476 360 1553 399 suis
1574 360 1610 399 se
1628 361 1848 408 occultans,
1870 362 1923 402 li·

539 429 716 482 cerasque
747 427 849 467 mihi
875 428 1036 473 remisit,
1067 427 1234 466 mirifice
1263 428 1405 480 gratias
1436 440 1554 480 agens
1582 427 1747 467 Caesari:
1781 429 1828 467 de
1854 429 1924 467 suo

540 505 674 534 autem
703 495 866 533 confilio
895 496 944 533 C.
967 494 1100 532 Caecio
1127 492 1309 530 mandata
1337 493 1384 530 ad
1416 506 1480 531 me
1510 493 1665 533 dedisse.
1713 495 1819 533 Eum
1850 507 1925 547 ego

540 560 661 600 hodie
679 560 945 614 expedhbam,
978 559 1017 597 id
1037 559 1091 597 est
1111 571 1200 597 xlu
1225 558 1314 596 Kal.
1337 558 1469 610 April.
1515 559 1636 598 Venit
1655 561 1773 598 etiam
1794 561 1840 599 ad
1861 574 1926 599 me

541 627 694 665 Matius
725 625 1059 678 Qinquatribus,
1090 623 1213 662 homo
1245 621 1486 669 mehercule,
1518 633 1563 662 ut
1589 623 1690 662 mihi
1724 626 1826 664 visus
1855 626 1924 672 est,

540 701 780 745 temperatus
801 699 840 729 et
859 689 1057 743 prudens3
1089 688 1331 727 existimatus
1352 687 1514 741 quidem
1539 689 1593 726 est
1619 689 1769 743 semper
1794 693 1927 730 auctor

539 759 629 797 otii.
660 760 791 810 Qam
812 756 879 794 ille
899 756 983 793 haec
1005 768 1083 793 non
1104 755 1267 808 probare
1287 754 1389 794 mihi
1408 754 1570 807 quidem
1585 755 1688 793 visus
1709 756 1783 794 est!
1807 770 1928 809 quam

541 823 653 863 illam
675 817 796 867 νικιᾷαιν,
828 830 872 859 ut
893 830 936 859 tu
956 820 1142 873 appellaS,
1174 819 1338 858 timere!
1376 820 1487 858 Huic
1516 833 1590 872 ego
1619 820 1660 858 in
1690 821 1820 859 multo
1849 821 1927 860 ser-

542 901 661 927 mone
680 886 884 939 epistolam
904 885 952 923 ad
970 898 1035 923 me
1054 884 1212 923 Caesaris
1232 884 1396 930 ostendi,
1425 898 1527 929 eam,
1557 886 1670 937 cujus
1699 887 1930 938 exemplum

542 953 591 991 ad
613 962 649 991 te
669 961 781 990 antea
799 951 884 989 mifi
894 969 906 996 ³
930 950 1155 1003 rogavique,
1177 960 1222 988 ut
1241 950 1575 1003 interpretaretur,
1592 949 1690 1002 quid
1711 950 1801 989 effet
1820 951 1929 1004 quod

541 1018 612 1056 ille
632 1017 830 1061 scriberet,
860 1015 994 1066 corfilio
1013 1029 1084 1053 meo
1104 1015 1140 1053 se
1161 1015 1221 1053 uti
1240 1015 1355 1061 velle,
1381 1015 1526 1067 gratia,
1554 1014 1745 1068 dignitate,
1776 1018 1838 1068 ope
1865 1030 1926 1054 re-

541 1097 624 1122 rum
642 1081 806 1120 omnium.
847 1080 1080 1134 Respondit,
1111 1079 1148 1118 se
1169 1093 1247 1118 non
1269 1080 1448 1118 dubitare
1467 1080 1565 1133 quin
1585 1089 1624 1118 et
1643 1094 1760 1133 opem
1781 1090 1819 1119 et
1839 1094 1929 1133 gra—

542 1150 639 1188 tiam
660 1161 789 1187 meam
809 1148 877 1186 ille
906 1147 953 1185 ad
984 1146 1298 1200 pacificationem
1327 1155 1528 1200 quaereret.
1574 1147 1740 1185 Utinam
1769 1147 1931 1200 aliquod

541 1216 584 1253 in
618 1214 692 1253 hac
731 1213 885 1252 miseria
922 1212 1169 1266 Reipublicae
1202 1208 1368 1248 πολιτικὸν
1400 1225 1498 1264 opus
1537 1212 1689 1250 efficere
1723 1221 1761 1250 et
1796 1225 1932 1250 navare

542 1280 646 1320 mihi
667 1280 797 1318 liceat.
843 1279 994 1317 Matius
1024 1278 1186 1331 quidem
1211 1286 1249 1315 et
1269 1276 1386 1315 illum
1407 1277 1447 1315 in
1469 1291 1511 1315 ea
1531 1277 1720 1315 sententia
1739 1277 1811 1316 effe
1831 1291 1929 1316 con-

542 1346 703 1391 fidebat,
733 1355 772 1384 et
793 1345 828 1383 se
848 1346 1046 1382 auctorem
1075 1343 1158 1382 fore
1186 1343 1460 1395 pollicebatur.
1507 1343 1638 1381 Pridie
1667 1352 1798 1381 autem
1827 1343 1931 1396 apud

542 1426 608 1451 me
629 1411 817 1464 Crassipes
839 1409 979 1455 fuerat,
996 1410 1066 1462 qui
1087 1409 1123 1447 se
1143 1409 1269 1462 pridie
1291 1409 1427 1448 Nonas
1450 1409 1574 1447 Mart.
1598 1409 1816 1447 Brundusio
1837 1422 1929 1461 pro·

542 1477 708 1522 fectum,
731 1487 847 1530 atque
868 1477 925 1514 ibi
955 1477 1191 1528 Pompeium
1220 1474 1429 1528 reliquisse,
1460 1475 1644 1520 dicebat3
1676 1475 1783 1527 quod
1812 1476 1932 1513 etiam

541 1545 612 1598 qui
636 1557 721 1581 v111
747 1543 839 1581 Idus
861 1542 973 1581 illinc
994 1540 1159 1594 profecti
1179 1549 1302 1586 erant,
1335 1540 1596 1579 nuntiabant:
1630 1540 1697 1577 illa
1723 1553 1814 1578 vero
1842 1554 1932 1579 om-

543 1623 626 1655 nes,
660 1610 699 1647 in
729 1608 875 1661 quibus
905 1607 1024 1645 etiam
1055 1606 1259 1659 Craffipes‚
1293 1607 1391 1658 (qua
1418 1605 1640 1659 prudentia,
1672 1614 1782 1658 potes
1803 1615 1933 1644 atten-

542 1675 650 1726 dere)
673 1675 867 1712 sermones
889 1673 1076 1718 minaces,
1107 1672 1292 1711 inimicos
1319 1672 1590 1725 optimatium,
1621 1672 1934 1724 municipiorum

542 1740 686 1786 hostes,
709 1753 832 1778 meras
854 1738 1171 1792 proscriptiones,
1195 1751 1322 1776 meros
1343 1738 1489 1789 Syllas:
1522 1751 1609 1790 quae
1630 1738 1849 1775 Lucceium
1871 1737 1932 1775 lo·

543 1807 643 1860 qui?
674 1820 761 1859 quae
783 1815 906 1844 totam
928 1805 1153 1844 Graeciam?
1185 1818 1271 1857 quae
1291 1817 1383 1842 vero
1402 1802 1690 1856 Theophanem
1708 1804 1721 1840 ?
1744 1812 1781 1840 et
1803 1812 1933 1841 tamen

543 1873 674 1911 omnis
698 1872 779 1924 spes
801 1870 933 1909 salutis
955 1871 996 1908 in
1018 1870 1097 1908 illis
1117 1869 1199 1915 est;
1230 1878 1270 1907 et
1295 1882 1369 1921 ego
1394 1868 1550 1907 excubo
1570 1869 1717 1913 animo,
1750 1881 1820 1906 nec
1843 1882 1932 1921 par-

544 1947 625 1976 tem
647 1937 770 1975 ullam
790 1936 903 1988 capio
922 1935 1091 1988 quietis;
1123 1944 1162 1973 et
1183 1944 1226 1973 ut
1246 1933 1314 1973 has
1336 1934 1457 1987 pestes
1477 1933 1680 1987 effugiam,
1711 1947 1804 1972 cum
1825 1934 1933 1972 diffi-

544 2002 727 2041 millimis
750 2001 868 2039 nostri
889 2001 960 2039 esse
981 2000 1114 2053 cupio.
1148 1999 1258 2050 Quid
1279 2000 1386 2038 enim
1407 2010 1449 2038 tu
1471 2000 1555 2039 illic
1578 2000 1818 2052 Scipionem,
1836 1999 1934 2052 quid

546 2069 749 2113 Faustum,
771 2066 867 2120 quid
890 2067 1102 2111 Libonem,
1125 2065 1467 2119 praetermissurum
1491 2066 1641 2104 sceleris
1663 2075 1774 2119 putas
1796 2067 1807 2103 ?
1831 2079 1932 2119 quo—

545 2148 635 2173 rum
669 2133 879 2173 creditores
914 2132 1122 2170 convenire
1158 2131 1358 2170 dicuntur.
1411 2131 1520 2183 Qid
1555 2145 1619 2169 cos
1655 2141 1800 2176 autem,
1841 2145 1933 2169 cum

543 2200 725 2245 vicerint,
771 2199 810 2236 in
847 2198 951 2235 cives
984 2197 1221 2235 effesturos?
1268 2210 1387 2249 quam
1422 2210 1511 2235 vero
1543 2188 1788 2245 μικροψυχίαν
1822 2197 1932 2234 Cnaei

545 2267 663 2305 nostri
699 2265 771 2304 esse
790 2265 803 2301 ?
850 2263 1050 2302 Nunti-ant
1091 2264 1326 2316 AEgyptum,
1371 2273 1410 2302 ct
1450 2263 1635 2301 Arabiam
1675 2254 1855 2309 εὸδῖιὶμιη,
1896 2272 1934 2300 ct

543 2325 807 2376 Μεσοποΰμίαιν.
836 2330 1023 2382 cogitare,
1057 2329 1287 2382 Hispaniam
1309 2327 1500 2381 abjecisse.
1548 2326 1724 2365 Monstra
1750 2337 1932 2372 narrant3

545 2410 633 2449 quae
654 2394 746 2433 falsa
766 2394 836 2433 esse
859 2396 1028 2447 possunt.
1074 2395 1146 2433 Sed
1177 2405 1280 2433 certe
1309 2405 1348 2433 et
1378 2394 1460 2432 haec
1492 2393 1639 2447 perdita
1671 2393 1773 2436 sunt,
1804 2403 1841 2431 ct
1868 2393 1935 2431 illa

548 2476 625 2502 non
647 2461 837 2500 salutaria.
880 2463 987 2500 Tuas
1016 2461 1144 2499 literas
1160 2462 1242 2513 jam
1265 2460 1449 2499 desidero.
1500 2459 1584 2497 Post
1608 2458 1742 2512 fugam
1766 2458 1933 2497 nostram

547 2539 751 2580 nunquam
764 2526 849 2580 jam
869 2526 1084 2566 nostrarum
1105 2525 1356 2565 intervallum
1389 2524 1481 2564 suit.
1529 2523 1621 2563 Misi
1650 2524 1696 2562 ad
1727 2533 1764 2562 te
1795 2536 1931 2562 exem-
