2243 3008
481 265 589 305 AD
647 263 1084 304 ATTICUM
1152 264 1465 306 LIB.XV1.
1591 277 1668 321 471

282 361 421 401 iisdem
440 375 540 416 pene
559 361 688 401 verbis
709 361 825 400 Eros.
868 360 1122 400 Veniendum
1152 362 1205 401 est
1234 363 1357 416 igitur
1387 366 1448 403 vel
1477 366 1517 404 in
1549 366 1673 419 ipsam

281 428 511 468 flammam:
543 427 698 480 turpius
728 425 782 464 est
810 426 917 465 enim
948 428 1133 480 privatim
1162 428 1312 474 cadere,
1343 444 1462 482 quam
1495 432 1670 484 publice.

281 495 420 548 Itaque
439 494 588 532 caeteris
609 493 657 531 de
677 493 808 538 rebus,
839 506 934 546 quas
955 493 1001 532 ad
1030 507 1094 532 me
1120 493 1334 534 suaviffime
1357 495 1548 548 scripsisti,
1579 513 1671 551 per-

279 560 437 598 turbato
457 560 604 604 animo,
636 572 715 597 non
736 559 864 612 potui,
889 569 932 597 ut
952 559 1194 606 consueram,
1227 562 1448 600 rescribere.
1482 564 1672 604 Consenti

278 625 320 663 in
340 624 414 663 hac
433 638 541 669 cura,
572 624 642 662 ubi
662 624 763 669 sum,
795 633 839 662 ut
860 638 924 662 me
943 625 1177 678 expediam:
1209 626 1355 679 quibus
1386 636 1515 665 autem
1539 629 1670 675 rebus,

276 691 385 729 venit
405 690 569 744 quidem
589 688 691 728 mihi
712 690 753 728 in
774 699 969 736 mentem;
993 690 1056 729 sed
1077 699 1181 729 certe
1200 691 1435 730 constituere
1456 692 1557 731 nihil
1578 695 1671 747 pos-

278 755 379 802 sum,
410 757 518 809 prius
549 769 670 809 quam
702 764 740 793 te
766 755 913 794 videro.
961 756 1045 807 Q‘i
1065 757 1198 795 minus
1219 766 1350 796 autem
1370 771 1443 810 ego
1465 758 1548 797 istic
1570 762 1672 799 recte

275 820 348 859 effe
369 821 522 873 posiim,
545 835 665 874 quam
686 819 740 858 est
759 820 981 859 Marcellus
1001 822 1014 859 ?
1046 821 1120 859 Sed
1140 835 1220 860 non
1241 821 1280 860 id
1302 823 1431 875 agitur
1449 839 1457 862 :
1481 837 1609 878 neque
1627 825 1671 864 id

274 888 449 926 maxime
468 900 579 927 curo.
655 886 723 924 uid
743 899 894 933 curem,
924 886 1046 927 vides.
1079 886 1231 927 Adsum
1252 888 1392 942 igitur.

614 1090 856 1128 ClcERo
896 1088 1153 1128 ATTxco
1196 1089 1328 1130 SAL.

271 1216 387 1256 XVI.
412 1216 969 1288 JUCUNDISSIMAS
1001 1227 1084 1256 tuas
1106 1217 1185 1271 legi
1206 1218 1351 1257 literas.
1384 1218 1448 1258 Ad
1471 1220 1663 1261 Plancum

489 1282 648 1335 scripfi3
679 1281 800 1321 habes
821 1282 1065 1335 exemplum.
1113 1284 1220 1321 Cum
1242 1284 1393 1322 Tirone
1413 1285 1510 1338 quid
1531 1286 1576 1324 s1t
1600 1287 1664 1325 lo-

269 1356 401 1393 cutus,
432 1349 668 1401 cognoscam
696 1361 745 1386 ex
774 1348 873 1401 ips0.
919 1349 1028 1387 Cum
1057 1349 1185 1388 sorore
1214 1363 1302 1403 ages
1333 1353 1536 1398 attentius,
1567 1352 1595 1391 ss
1625 1361 1665 1392 te

267 1415 529 1467 occupatione
548 1413 618 1452 ista
637 1413 836 1453 relaxatis.

453 1615 518 1653 M.
551 1615 729 1653 CICERO
761 1613 845 1654 CN.
878 1614 1068 1653 PLANCO
1100 1614 1263 1654 PRAET.
1296 1615 1406 1654 Das,
1439 1616 1478 1655 S.

267 1742 391 1816 AT
406 1745 444 1782 T
459 1745 477 1782 I
492 1744 558 1782 CI
589 1744 708 1783 nostri
738 1754 776 1783 te
795 1743 906 1782 valde
926 1742 1141 1781 studiosum
1162 1742 1234 1781 effe
1255 1743 1438 1796 cognovi,
1471 1746 1548 1783 mei
1569 1759 1661 1785 vero

378 1811 432 1848 ita
462 1809 670 1862 cupidum,
703 1820 747 1848 ut
776 1808 1002 1847 mehercule
1032 1822 1176 1861 paucos
1202 1823 1310 1862 aeque
1331 1809 1575 1849 observantes
1596 1821 1658 1851 at-

266 1890 343 1930 que
363 1884 536 1914 amantes
556 1889 620 1913 me
640 1875 782 1914 habere
802 1874 1037 1913 existimem.
1070 1875 1134 1912 Ad
1155 1884 1331 1927 paternas
1352 1875 1459 1913 enim
1481 1890 1656 1929 magnas,

263 1951 304 1981 et
324 1951 486 1987 veteres,
516 1950 554 1980 et
569 1941 690 1993 justas
712 1941 1008 1980 neceffitudines
1030 1954 1212 1993 magnam
1243 1941 1377 1979 attulit
1403 1942 1657 1981 accessionem

264 2015 332 2045 tua
351 2007 532 2045 voluntas
553 2019 644 2058 erga
664 2020 742 2051 me,
774 2019 938 2058 meaque
958 2019 1048 2058 erga
1069 2015 1120 2050 te,
1153 2019 1221 2058 par
1240 2016 1356 2059 atque
1377 2016 1529 2045 mutua.
1573 2009 1655 2046 Bu-

261 2071 408 2111 throtia
427 2072 503 2111 tibi
523 2071 633 2110 causa
653 2072 789 2124 ignota
804 2085 882 2110 non
900 2071 972 2110 est:
996 2071 1059 2124 egi
1079 2072 1186 2109 enim
1204 2072 1299 2124 saepe
1315 2072 1362 2110 de
1382 2085 1425 2110 ea
1444 2086 1484 2111 re
1505 2082 1654 2119 tecum,

262 2138 418 2190 tibique
439 2147 563 2175 totam
585 2151 667 2175 rem
687 2137 975 2183 demonstravi5
1008 2151 1095 2189 quae
1121 2137 1175 2175 est
1203 2139 1285 2175 acta
1313 2136 1390 2175 hoc
1416 2138 1550 2177 modo,
1598 2140 1656 2178 Ut

261 2205 439 2257 primum
470 2203 729 2242 Buthrotium
755 2217 894 2257 agrum
923 2204 1186 2257 proscriptum
1209 2204 1396 2248 vidimus,
1427 2215 1654 2243 commotus

262 2271 423 2308 Atticus
444 2270 629 2308 libellum
649 2270 900 2323 composuit:
933 2283 1026 2308 eum
1046 2269 1148 2309 mihi
1178 2269 1299 2313 dedit,
1332 2279 1376 2307 ut
1402 2269 1533 2308 darem
1562 2272 1652 2309 Cae-

262 2335 362 2380 sari;
394 2349 498 2373 eram
519 2337 625 2374 enirn
647 2345 872 2375 coenaturus
892 2336 996 2389 apud
1016 2349 1107 2373 eum
1129 2335 1201 2372 illo
1221 2334 1297 2372 die.
1340 2335 1446 2373 Eum
1468 2335 1653 2375 libellum

263 2400 404 2440 Caesari
435 2400 551 2439 dedi:
584 2402 766 2454 probavit
799 2402 979 2447 causam;
1012 2400 1203 2453 rescripsit
1235 2401 1388 2446 Attico,
1421 2415 1529 2454 aequa
1559 2416 1652 2440 eum

259 2467 481 2520 postulare:
513 2466 719 2506 admonuit
751 2478 897 2513 tamen,
930 2477 973 2506 ut
1005 2468 1213 2520 pecuniam
1235 2467 1427 2519 reliquam
1450 2467 1651 2506 Buthrotii

259 2533 306 2571 ad
328 2533 433 2572 diem
453 2532 661 2572 solverent.
682 2533 859 2580 Atticus,
877 2533 947 2585 qui
968 2534 1169 2572 civitatem
1190 2531 1453 2571 conservatam
1474 2543 1649 2585 cuperet,
