2243 3008
499 255 574 310 348
714 305 718 308 Δ
843 251 1534 293 EPISTOLARUM

495 366 616 406 quam
646 352 714 391 diu
743 351 786 391 in
814 352 1038 391 suburbano
1067 352 1113 391 fis
1143 351 1316 390 futurus.
1362 351 1483 404 Apud
1503 350 1733 390 Terentiam
1760 352 1884 405 gratia

497 432 598 472 opus
617 419 672 457 est
691 419 806 458 nobis
827 428 907 466 tua,
939 428 1083 471 tuaque
1113 418 1368 456 auetoritate:
1399 417 1462 456 sed
1493 417 1627 464 facies,
1659 427 1703 456 ut
1728 418 1882 457 videbi-

498 493 590 523 tur:
621 484 702 523 scio
731 485 854 530 enim,
886 485 912 524 fi
944 484 1042 536 quid
1072 496 1159 522 mea
1189 483 1353 527 interfit,
1385 483 1460 521 tibi
1484 484 1623 535 majori
1641 497 1743 523 curae
1764 484 1884 522 solere

496 550 584 596 effe,
602 563 722 603 quam
741 549 859 589 mihi.
890 549 1050 589 Hirtius
1071 548 1119 586 ad
1139 561 1203 585 me
1222 547 1387 599 scripfit,
1410 548 1497 586 Sex.
1520 548 1757 601 Pompeium
1779 550 1882 588 Cor-

497 614 603 653 duba
620 615 750 660 exifi‘e,
767 624 807 652 et
825 613 964 667 fugisse
985 614 1025 651 in
1048 612 1282 665 Hispaniam
1301 611 1540 657 citeriorem,
1558 613 1725 652 Cnaeum
1745 613 1884 666 fugisse

497 679 627 718 nescio
647 693 754 733 quo:
787 693 913 730 neque
936 679 1044 716 enim
1063 691 1175 716 curo.
1220 675 1339 716 Nihil
1368 686 1550 729 praeterea
1578 678 1686 715 novi.
1731 678 1885 717 Literas

496 745 686 784 Narbone
714 743 822 782 dedit
847 757 924 782 X1v
946 743 1036 782 Kal.
1060 743 1162 781 Mai.
1205 742 1274 780 Tu
1293 741 1396 781 mihi
1416 742 1463 780 de
1485 742 1645 780 Caninii
1664 742 1883 795 naufragio,

495 811 602 863 quasi
623 810 742 848 dubia
761 809 922 848 mifisti:
955 809 1096 848 scribas
1118 808 1256 860 igitur,
1286 807 1315 846 fi
1344 808 1442 861 quid
1465 809 1540 846 erit
1559 808 1719 847 certius.
1763 808 1885 860 Qod

496 890 560 914 me
580 889 600 913 a
619 874 803 914 moestitia
822 888 972 920 avocas,
1002 874 1178 913 multum
1197 873 1351 918 levaris,
1381 873 1409 911 s1
1438 873 1574 911 locum
1594 872 1687 912 fano
1715 872 1883 913 dederis.

497 941 632 980 Multa
660 939 763 978 mihi
788 936 830 978 εἰς
846 937 1040 976 ἀποθέωσιν
1067 940 1109 978 in
1139 947 1315 977 mentem
1345 940 1509 978 veniunt
1525 958 1538 986 ς
1569 939 1633 979 sed
1662 939 1751 978 loco
1775 938 1885 979 valde

494 1020 593 1060 opus
615 1006 694 1046 est:
726 1019 843 1060 quare
862 1005 982 1044 etiam
1003 1005 1210 1046 Othonem
1230 1004 1335 1044 vide.

835 1209 1078 1249 Crcnko
1118 1211 1374 1250 ATT1co
1416 1211 1547 1251 SAL.

493 1338 733 1378 XXXVIII.
756 1337 843 1410 N
860 1339 954 1377 ΟΝ
984 1337 1139 1384 dubito,
1170 1339 1269 1392 quin
1299 1339 1616 1391 occupatiffimus
1642 1336 1779 1384 fueris,
1810 1339 1883 1392 qui

700 1448 705 1452 .
873 1404 920 1441 ad
952 1417 1016 1441 me
1047 1402 1149 1441 nihil
1181 1404 1412 1443 literarum:
1445 1404 1508 1443 sed
1542 1404 1665 1443 homo
1694 1417 1882 1458 nequam,

491 1470 563 1522 qui
595 1479 710 1508 tuum
740 1469 1043 1508 commmodum
1074 1483 1154 1507 non
1186 1470 1413 1522 expectarit,
1445 1483 1539 1508 cum
1565 1471 1617 1507 ob
1648 1483 1734 1507 eam
1762 1483 1882 1508 unam

492 1535 644 1573 causam
664 1536 798 1574 missus
819 1535 923 1573 esi'et.
956 1535 1079 1581 Nunc
1100 1534 1279 1586 quidem,
1310 1534 1380 1572 nifi
1394 1535 1500 1587 *quid
1521 1544 1558 1572 te
1579 1535 1722 1579 tenuit,
1754 1534 1881 1587 suspi-

491 1615 558 1639 cor
580 1610 616 1639 te
636 1601 708 1639 esse
729 1601 769 1639 in
791 1600 1027 1639 suburbano.
1067 1601 1122 1637 At
1143 1613 1216 1652 ego
1236 1599 1302 1638 hic
1324 1599 1530 1638 scribendo
1549 1599 1630 1638 dies
1653 1609 1756 1638 totos
1779 1599 1883 1638 nihil

490 1666 674 1718 equidem
694 1667 816 1712 levor,
847 1666 910 1704 sed
933 1675 1062 1703 tamen
1083 1664 1232 1704 aberro.
1276 1665 1434 1704 Afinius
1456 1666 1586 1704 Pollio
1606 1665 1653 1703 ad
1673 1679 1736 1704 me
1757 1665 1882 1718 scrip-

490 1732 536 1769 fit
556 1731 603 1770 de
624 1733 781 1785 impuro
802 1731 931 1770 nostro
952 1740 1120 1783 cognato
1138 1747 1147 1770 :
1181 1731 1288 1784 quod
1321 1731 1465 1769 Balbus
1496 1732 1627 1770 minor
1647 1745 1770 1784 nuper
1791 1731 1881 1769 satis

492 1798 620 1850 plane,
651 1798 861 1836 Dolabella
880 1797 1057 1842 obscure,
1088 1797 1156 1835 hic
1176 1797 1424 1850 apertissime.
1459 1797 1618 1835 Ferrem
1639 1797 1821 1849 graviter,
1852 1797 1880 1835 fi

489 1876 598 1901 novae
619 1863 854 1915 aegrimoniae
874 1863 986 1901 locus
1007 1862 1111 1901 effet.
1159 1862 1231 1900 Sed
1265 1872 1394 1901 tamen
1416 1862 1558 1915 ecquid
1581 1862 1774 1915 impurius
1795 1863 1807 1899 ?
1841 1863 1881 1900 O

489 1927 695 1966 hominem
716 1928 932 1966 cavendum
953 1928 960 1965 l
994 1941 1220 1980 quanquam
1241 1927 1341 1966 mihi
1363 1928 1526 1980 quidem
1550 1958 1559 1966 .
1582 1957 1590 1965 .
1613 1957 1621 1965 .
1646 1927 1718 1965 Sed
1740 1937 1880 1965 tenen-

487 1993 559 2032 dus
588 1992 700 2031 dolor
731 1992 798 2031 est.
842 1994 925 2037 Tu,
957 1994 1144 2043 quoniam
1172 1991 1318 2029 neceffe
1348 1991 1449 2029 nihil
1471 1992 1538 2036 est,
1571 1992 1620 2030 sic
1643 1991 1783 2029 scribes
1805 1992 1879 2030 ali-

488 2057 601 2111 quid,
625 2058 649 2096 s1
671 2058 839 2096 vacabis.
872 2057 991 2110 Qod
1014 2066 1126 2110 putas
1148 2066 1326 2109 oportere
1348 2056 1537 2108 pervideri
1554 2057 1636 2108 jam
1659 2056 1779 2095 animi
1801 2058 1880 2096 mei

490 2124 733 2168 firmitatem,
755 2123 986 2176 graviusque
1006 2122 1193 2175 quosdam
1218 2121 1352 2160 scribis
1373 2122 1420 2160 de
1443 2136 1504 2160 me
1526 2123 1651 2175 loqui,
1673 2136 1792 2174 quam
1814 2133 1881 2161 aut

488 2200 524 2228 te
547 2189 725 2234 scribere,
756 2199 822 2227 aut
843 2190 1010 2228 Brutum
1030 2203 1039 2227 ε
1073 2189 1113 2233 sl,
1143 2188 1212 2240 qui
1234 2201 1296 2225 mc
1318 2186 1481 2225 fractum
1504 2187 1576 2226 esse
1596 2188 1728 2226 animo
1748 2198 1787 2226 et
1807 2188 1877 2226 de-

488 2256 690 2294 bilitatum
713 2265 866 2307 putant,
900 2255 1020 2293 sciant
1042 2254 1138 2307 quid
1160 2254 1360 2292 literarum
1382 2263 1419 2291 et
1441 2255 1553 2306 cujus
1574 2254 1727 2306 generis
1749 2254 1878 2292 confi-

488 2323 618 2365 ciam;
651 2321 781 2365 credo,
814 2321 839 2359 si
871 2321 990 2359 modo
1019 2319 1201 2359 homines
1238 2320 1326 2364 sint,
1356 2319 1581 2358 existiment
1612 2334 1688 2363 mc,
1722 2320 1794 2358 live
1826 2321 1880 2360 ita

489 2389 635 2426 levatus
659 2386 742 2430 snm,
775 2395 817 2424 ut
838 2387 1016 2424 animum
1038 2398 1204 2424 vacuum
1226 2385 1272 2423 ad
1295 2399 1351 2423 res
1373 2385 1553 2423 difficiles
1578 2385 1795 2423 scribendas
1817 2385 1876 2423 af-

490 2454 625 2497 feram,
659 2451 1024 2504 reprehendendum
1058 2464 1135 2489 non
1171 2450 1272 2496 cffc;
1306 2451 1379 2489 slve
1413 2450 1512 2489 hanc
1545 2451 1828 2489 aberrationem
1858 2464 1880 2490 a

486 2520 619 2559 dolore
641 2518 868 2570 delegerim,
901 2532 987 2572 qua:
1008 2517 1179 2558 maxime
1201 2516 1477 2564 libcralissima,
1501 2516 1695 2570 doctoque
1715 2515 1878 2557 homino
