2243 3008
515 243 594 285 324
863 226 1548 267 EPISTOLARUM

512 338 611 383 puto
640 326 712 366 effe
742 325 919 380 perdere)
953 335 1019 364 aut
1049 325 1334 378 delegationem
1366 339 1387 364 a
1418 326 1613 379 mancipe,
1643 338 1771 365 annua
1801 327 1863 366 die
1880 346 1892 372 ;

517 394 624 446 (quis
653 393 742 437 erit,
772 393 837 430 cui
869 391 1056 429 credam?
1087 399 1154 429 aut
1184 390 1341 442 quando
1371 391 1440 430 iste
1472 392 1650 430 Metonis
1682 405 1805 430 annus
1826 406 1894 430 ve-

514 458 647 508 niet?)
679 467 745 495 aut
774 456 937 495 Vecteni
971 456 1243 494 conditionem
1276 455 1438 494 semisse.
1480 448 1619 503 Σκέψιᾳ
1651 458 1788 509 igitur.
1833 459 1895 495 Ac

513 537 659 568 vereor,
691 536 739 560 ne
771 522 838 560 iste
864 523 947 573 jam
979 521 1199 558 auctionem
1226 520 1377 558 nullam
1403 519 1536 566 faciat,
1567 521 1630 560 sed
1659 522 1762 561 ludis
1783 521 1894 561 saetis

512 584 626 637 κτύπῳ
653 587 820 627 subfidio
839 595 983 632 currat,
1014 599 1062 624 ne
1082 584 1170 624 talis
1190 583 1250 623 vir
1267 579 1450 634 ἀληηθῇμ
1480 585 1552 624 Sed
1570 584 1702 633 μελῆαή.

851 788 1095 826 CICERO
1132 788 1388 826 ATTrco
1429 787 1560 826 SAL.

514 917 588 955 IV.
613 914 685 986 O
724 915 762 953 G
781 915 972 953 RATA
989 915 1012 952 S
1053 922 1138 952 tuas
1173 913 1275 952 mihi
1303 914 1575 968 jucundasque
1609 914 1766 953 literas!
1799 914 1896 967 quid

702 981 867 1034 quaeris?
890 980 1088 1018 restitutus
1108 979 1161 1017 est
1180 979 1282 1018 mihi
1303 979 1384 1017 dies
1405 978 1538 1020 festus.
1568 981 1754 1033 Angebat
1771 980 1894 1025 enim,

511 1046 619 1100 quod
639 1047 739 1084 Tiro
758 1041 974 1095 ὲνερευθὲςερον
995 1054 1032 1082 te
1052 1045 1123 1083 fibi
1142 1044 1214 1082 effe
1233 1045 1362 1083 visum
1380 1045 1544 1085 dixerat.
1581 1046 1738 1085 Addam
1757 1045 1895 1098 igitur,

512 1121 556 1150 ut
576 1111 721 1156 censes,
753 1123 879 1148 unum
899 1110 1020 1148 diem.
1059 1109 1132 1147 Sed
1152 1109 1200 1147 de
1220 1109 1371 1147 Catone
1388 1107 1579 1160 πρόςλημαι
1604 1103 1808 1160 ὶξχιμήδεων
1826 1109 1894 1149 est.

512 1177 608 1216 Non
628 1176 802 1230 affequor
822 1185 867 1228 ut
887 1175 1068 1221 scribam,
1099 1175 1206 1228 quod
1235 1176 1295 1213 tui
1324 1176 1497 1214 convivae
1524 1188 1604 1213 non
1624 1174 1744 1213 modo
1763 1174 1895 1214 liberi·-

511 1251 584 1287 ter,
615 1242 678 1281 sed
701 1242 820 1280 etiam
851 1255 964 1294 aequo
994 1241 1143 1286 animo,
1174 1241 1301 1293 legere
1333 1241 1490 1294 poffint.
1532 1240 1644 1291 Qin
1664 1240 1798 1285 etiam,
1829 1240 1856 1278 fi
1876 1253 1898 1278 a

511 1308 713 1346 sententiis
739 1308 822 1360 ejus
852 1307 982 1352 dietis,
1012 1307 1039 1345 fi
1069 1307 1117 1344 ab
1146 1307 1257 1345 omni
1286 1307 1488 1345 voluntate
1516 1305 1777 1358 consiliisque,
1809 1320 1896 1358 quae

511 1373 558 1420 de
598 1373 820 1426 Republica
851 1372 1006 1416 habuit,
1050 1371 1243 1416 recedam,
1287 1367 1477 1424 &laxisque
1510 1371 1630 1409 velim
1663 1372 1896 1423 gravitatem

511 1437 846 1489 constantiamque
865 1437 948 1489 ejus
969 1436 1150 1481 laudare;
1183 1435 1259 1474 hoc
1288 1435 1418 1487 ipsum
1437 1433 1582 1482 ἁζκεσμα
1609 1435 1669 1473 fit.
1715 1435 1788 1473 Sed
1809 1449 1895 1474 vere

512 1503 658 1541 laudari
679 1502 745 1540 ille
765 1502 824 1540 vir
844 1515 922 1540 non
944 1502 1083 1553 potest,
1114 1501 1184 1538 nis1
1214 1500 1296 1538 haec
1317 1510 1450 1538 ornata
1470 1500 1571 1545 fint;
1604 1499 1711 1552 quod
1740 1500 1808 1538 ille
1836 1513 1895 1546 ea,

510 1583 595 1621 quae
617 1582 722 1607 nunc
745 1567 847 1612 sunt,
878 1576 916 1605 et
936 1566 1068 1605 futura
1087 1566 1243 1610 viderit,
1274 1574 1313 1603 et
1333 1579 1380 1603 ne
1401 1565 1537 1603 fierent
1557 1565 1818 1611 contenderit,
1840 1575 1896 1611 et,

510 1634 608 1672 fac’ta
629 1647 676 1672 ne
697 1633 858 1678 videret,
889 1633 1011 1670 vitam
1032 1631 1249 1684 reliquerit.
1283 1631 1441 1669 Horum
1462 1630 1559 1683 quid
1579 1630 1646 1675 est,
1669 1630 1775 1683 quod
1796 1631 1894 1669 Ale-

509 1700 575 1738 dio
603 1699 766 1752 probare
797 1697 1014 1751 possimus?
1054 1697 1127 1735 Sed
1156 1709 1248 1735 cura
1276 1695 1436 1735 obsecro
1466 1705 1510 1734 ut
1539 1696 1677 1741 valeas,
1714 1709 1895 1748 eamque,

509 1777 626 1818 quam
655 1763 702 1802 ad
722 1776 858 1802 omnes
880 1777 938 1803 res
959 1762 1136 1809 adhibes,
1166 1762 1208 1801 in
1228 1761 1367 1815 primis
1387 1761 1435 1800 ad
1454 1760 1802 1800 convalescendum
1822 1760 1893 1800 ad-

510 1829 604 1868 hibe
624 1829 889 1882 prudentiam.

848 2029 1089 2067 Clcaao
1131 2029 1386 2067 A-rrico
1427 2027 1557 2066 SAL.

513 2158 562 2196 V.
589 2156 931 2244 QUINTUS
953 2166 1060 2210 pater
1079 2165 1279 2209 quartum,
1301 2155 1361 2193 vel
1384 2156 1514 2208 potius
1537 2155 1804 2200 millefimum,
1828 2157 1891 2194 ni-

686 2221 744 2260 hil
766 2222 876 2275 sapit,
907 2223 977 2274 qui
998 2223 1150 2261 laetetur
1172 2223 1352 2274 Luperco
1374 2221 1456 2259 filio
1476 2231 1514 2259 et
1536 2223 1673 2265 Statio,
1698 2231 1740 2259 ut
1761 2232 1892 2261 cernat

509 2288 659 2342 duplici
681 2288 868 2326 dedecore
888 2288 1130 2327 cumulatam
1151 2288 1315 2326 domum
1335 2303 1343 2324 :
1368 2287 1469 2324 addo
1487 2287 1603 2325 ctiam
1628 2287 1893 2326 Philotimum

511 2355 685 2392 tertium.
720 2354 756 2390 O
780 2353 1001 2398 stultitiam,
1025 2353 1093 2391 nisi
1116 2366 1201 2391 mea
1222 2354 1344 2404 major
1364 2351 1469 2396 cll‘ct,
1492 2352 1747 2404 singularem!
1772 2352 1895 2404 Qod

508 2429 638 2457 autem
658 2431 699 2456 os
724 2419 762 2456 in
784 2417 883 2456 hanc
906 2432 987 2456 rem
1019 2413 1116 2465 ἔρανον
1141 2432 1160 2454 a
1192 2419 1260 2455 tc?
1295 2418 1370 2455 Fac
1405 2431 1481 2455 non
1514 2417 1560 2454 ad
1593 2410 1749 2462 ‹inmea-
1777 2431 1894 2465 xpum,

510 2485 569 2523 scd
602 2483 647 2522 ad
679 2482 824 2534 Πειρήνην,
854 2497 945 2524 cum
978 2483 1146 2530 venissk3
1179 2483 1241 2523 scd
1273 2482 1457 2531 ἀμπγευμα.
1486 2481 1598 2529 σιμὴν
1621 2476 1755 2529 Ἀλφεά
1783 2482 1826 2520 in
1856 2489 1893 2521 te
