2243 3008
567 228 673 268 AD
731 223 1161 265 ATTICUM
1228 225 1368 265 LIB.
1421 226 1495 264 111.
1673 226 1720 279 83

675 461 917 500 CICERO
957 460 1212 498 ATtho
1254 460 1383 498 SAL.

335 589 473 629 XVII.
498 586 576 661 D
592 589 626 627 E
657 588 812 640 Qinto
833 586 949 626 fratre
970 587 1100 625 nuntii
1123 586 1235 624 nobis
1257 586 1396 632 tristes,
1427 600 1499 624 nec
1520 586 1628 631 varii,
1652 601 1717 624 ve-

597 663 734 692 nerant
753 667 801 692 ex
821 662 910 691 ante
929 652 1034 690 diem
1055 653 1165 691 Non.
1184 653 1280 704 Jun.
1299 652 1419 704 usque
1439 652 1486 690 ad
1506 652 1607 704 prid.
1628 653 1716 692 Kal.

335 719 442 772 Sept.
489 720 549 758 Eo
575 729 707 757 autern
737 718 799 756 die
828 718 1048 763 Livineius,
1079 718 1143 756 M.
1167 718 1315 771 Reguli
1341 718 1521 763 libertus,
1552 717 1599 755 ad
1618 732 1681 756 me
1701 732 1721 755 a

335 784 494 836 Regulo
522 784 656 822 miffus
685 783 807 822 venit.
854 784 891 821 Is
923 783 1088 821 omnino
1118 784 1363 822 mentionem
1395 783 1546 821 nullam
1577 782 1720 821 faustam

334 849 408 888 esse
428 850 625 888 nuntiavit
640 869 652 895 ς
684 849 747 888 sed
767 848 879 888 fuiffe
899 858 1030 888 tamen
1051 849 1268 887 sermonem
1298 849 1345 886 de
1372 849 1421 887 C.
1446 849 1579 887 Clodii
1607 848 1718 887 filio:

335 914 444 967 isque
476 914 579 953 mihi
608 924 695 953 tum
725 928 747 953 a
776 913 895 952 fratre
926 915 1055 953 literas
1086 914 1235 953 attulit.
1282 914 1354 953 Sed
1386 914 1569 967 postridie
1599 915 1720 953 Sextii

334 980 446 1032 pueri
474 990 678 1025 venerunt,
710 980 778 1032 qui
799 994 820 1017 a
840 989 877 1018 te
897 979 1026 1017 literas
1056 980 1287 1025 attulerunt,
1320 993 1398 1017 non
1431 988 1510 1018 tam
1539 981 1720 1032 explora-

335 1054 393 1084 tas
414 1059 435 1083 a
455 1046 610 1091 timore,
641 1058 761 1098 quam
788 1045 912 1084 sermo
933 1045 1104 1083 Livineii
1133 1044 1272 1083 fuerat.
1319 1046 1416 1083 Sane
1446 1045 1530 1083 sum
1560 1046 1602 1084 in
1631 1060 1721 1084 meo

335 1110 495 1148 infinito
524 1123 691 1148 moerore
720 1109 928 1155 sollicitus,
959 1120 998 1148 et
1026 1124 1072 1148 eo
1101 1111 1258 1163 magis:
1272 1111 1378 1162 quod
1409 1111 1532 1163 Appii
1561 1111 1722 1164 quaestio

332 1175 402 1213 est.
450 1176 612 1219 Caetera,
643 1188 730 1227 quae
760 1174 808 1212 ad
840 1188 903 1213 me
934 1175 1079 1213 eisdem
1110 1175 1233 1213 literis
1262 1175 1396 1213 scribis
1427 1176 1474 1213 de
1494 1175 1619 1214 nostra
1640 1177 1718 1228 spe,

332 1240 517 1293 intelligo
551 1240 623 1278 effe
656 1239 915 1292 languidiora,
947 1254 1066 1293 quam
1099 1241 1165 1279 alii
1200 1240 1435 1278 ostendunt:
1468 1255 1540 1293 ego
1574 1252 1719 1287 autem,

335 1306 524 1359 quoniam
546 1319 624 1343 non
647 1305 764 1358 longe
785 1306 832 1344 ab
852 1320 898 1344 eo
920 1315 1095 1360 tempore
1115 1305 1314 1351 absumus,
1345 1307 1387 1344 in
1417 1321 1497 1359 quo
1527 1320 1583 1344 res
1614 1308 1719 1360 diju-

333 1371 546 1416 dicabitur,
577 1381 644 1409 aut
663 1371 710 1408 ad
731 1381 769 1409 te
789 1371 988 1410 conferam
1008 1385 1086 1416 me,
1114 1381 1180 1409 aut
1200 1372 1318 1410 etiam
1340 1385 1445 1409 nunc
1466 1372 1617 1410 circum
1638 1372 1720 1412 haec

335 1437 422 1475 loca
454 1436 742 1475 commorabor.
791 1438 935 1475 Scribit
968 1437 1014 1475 ad
1050 1451 1113 1475 me
1146 1436 1278 1482 frater,
1324 1437 1456 1475 onmia
1490 1438 1554 1475 sua
1586 1452 1655 1491 per
1685 1448 1721 1477 te

336 1515 462 1540 unum
482 1501 671 1540 sustineri.
718 1502 829 1554 Qid
862 1512 899 1540 te
926 1511 996 1541 aut
1022 1502 1186 1540 horter?
1217 1502 1324 1554 quod
1355 1501 1480 1548 facis3
1513 1512 1579 1541 aut
1609 1517 1722 1556 agam

333 1567 503 1619 gratias?
534 1567 641 1619 quod
661 1580 741 1605 non
761 1569 954 1620 expectas.
987 1569 1166 1606 Tantum
1186 1567 1320 1612 velim,
1342 1566 1502 1606 fortuna
1520 1568 1586 1607 det
1606 1570 1720 1609 nobis

334 1630 580 1685 potestatem,
612 1640 657 1669 ut
676 1631 895 1671 incolumes
922 1646 1053 1671 amore
1079 1632 1208 1671 nostro
1232 1631 1493 1685 perfruamur.
1539 1635 1646 1672 Tuas
1669 1635 1720 1673 li-

336 1707 434 1736 teras
455 1697 604 1749 semper
624 1697 795 1736 maxime
815 1699 976 1751 expet‘Jo
991 1717 1004 1744 3
1037 1698 1078 1736 in
1109 1698 1255 1750 quibus
1287 1711 1377 1736 cave
1409 1698 1545 1744 vereri,
1576 1712 1625 1738 ne
1653 1709 1721 1738 aut

336 1761 542 1813 diligentia
563 1769 628 1798 tua
647 1761 749 1800 mihi
769 1762 944 1808 molesta,
975 1771 1041 1802 aut
1066 1763 1204 1801 veritas
1230 1762 1367 1801 acerba
1391 1763 1451 1802 fit.
1499 1764 1592 1803 Dat.
1614 1764 1717 1817 prid.

335 1826 449 1866 Non.
472 1827 578 1879 Sept.

670 2030 912 2068 ClcERO
952 2030 1208 2068 ATTxco
1250 2030 1380 2068 SAL.

337 2157 496 2198 XVIII.
521 2154 633 2228 EX
646 2156 1131 2196 PECTATIONEM
1161 2157 1276 2196 nobis
1298 2170 1375 2195 non
1397 2170 1553 2209 parvam
1573 2159 1716 2196 attule-

616 2235 689 2266 ras,
721 2235 814 2260 cum
848 2221 1046 2274 scripseras
1081 2222 1298 2260 Varronem
1333 2222 1407 2259 tibi
1442 2235 1512 2273 pro
1546 2222 1720 2261 amicitia

336 2286 591 2332 confirmasse,
623 2287 775 2325 causam
809 2287 977 2326 nostram
1009 2287 1247 2339 Pompeium
1281 2296 1383 2325 certe
1418 2286 1715 2339 suscepturun1;

337 2359 390 2395 et,
421 2350 534 2389 fimul
555 2365 576 2389 a
596 2351 742 2390 Caesare
762 2352 897 2398 literae,
920 2364 1015 2405 quas
1035 2353 1267 2404 expediaret,
1290 2351 1449 2389 remifl‘ae
1468 2351 1601 2396 effent,
1623 2365 1716 2389 auc-

339 2424 465 2452 torem
485 2417 602 2454 etiam
622 2416 820 2456 daturum.
864 2419 1012 2455 Utrum
1032 2416 1073 2454 id
1093 2416 1195 2455 nihil
1216 2416 1309 2461 fuit,
1341 2430 1386 2454 an
1409 2416 1609 2455 adversatae
1631 2417 1718 2455 sunt

339 2478 499 2519 Caesaxis
519 2481 638 2520 literae
656 2483 671 2519 ?
701 2496 748 2522 an
768 2483 822 2522 est
841 2483 994 2537 aliquid
1021 2482 1063 2522 in
1084 2483 1147 2536 spe
1167 2484 1179 2520 ?
1212 2483 1343 2522 Etiam
1374 2483 1474 2520 illud
1504 2482 1716 2535 scripseras.

1333 2548 1365 2585 L
1399 2560 1419 2585 2
