2243 3008
488 286 565 326 340
841 269 1526 310 EPISTOLARUM

488 369 566 414 sed,
598 378 641 407 ut
661 367 773 412 facis,
803 366 1014 419 obsequere
1041 366 1135 405 huic
1160 366 1279 403 errori
1310 380 1413 406 meo,
1460 366 1567 405 Nam
1596 365 1702 420 quod
1732 365 1867 406 scribis

487 426 674 483 ἒῷγραμας
706 434 834 471 aCtum
850 433 934 485 jam
955 433 1001 470 de
1021 432 1092 471 isto
1113 430 1165 468 est
1183 445 1191 468 ε
1224 430 1298 469 alia
1317 433 1441 485 magis
1462 445 1608 485 quaero.

828 634 1069 671 CICERO
1110 632 1365 669 ATT1co
1407 629 1536 668 SAL.

490 760 645 800 XXVI.
671 759 717 831 S
734 761 751 798 1
767 760 862 804 CA,
894 767 939 797 ut
964 758 1114 803 scribit,
1145 759 1263 797 etiam
1291 756 1318 794 fi
1348 755 1451 795 nihil
1470 755 1686 795 confecerit
1705 770 1797 795 cum
1818 759 1871 796 A.

748 826 860 870 Silio,
891 834 1020 863 tamen
1041 825 1078 863 se
1098 824 1233 862 scribit
1255 837 1280 861 x
1305 823 1393 861 Kal.
1417 822 1488 860 effe
1508 831 1734 862 venturum.
1770 823 1874 861 Tuis

491 889 818 941 occupationibus
839 889 1028 941 ignosco;
1059 902 1190 940 eaeque
1211 886 1312 926 mihi
1333 886 1422 924 sunt
1443 895 1558 926 notae.
1591 888 1654 926 De
1674 887 1875 926 voluntate

491 964 570 999 tua,
603 964 646 992 ut
676 955 790 993 fimul
820 954 952 999 fimus,
983 954 1044 991 vel
1074 953 1201 992 studio
1227 953 1359 1006 potius
1379 962 1418 990 et
1437 952 1668 1005 cupiditate,
1700 966 1778 990 non
1799 952 1875 990 du-

493 1020 591 1057 bito.
638 1020 701 1058 De
730 1020 849 1058 Nicia
870 1019 977 1071 quod
998 1018 1149 1064 scribis,
1182 1018 1207 1056 fi
1233 1019 1288 1056 ita
1308 1031 1370 1056 me
1392 1017 1591 1063 haberem,
1622 1028 1666 1056 ut
1686 1019 1770 1070 ejus
1796 1017 1874 1055 hu-

493 1084 679 1123 manitate
699 1083 778 1122 frui
798 1084 959 1137 possem,
991 1084 1031 1122 in
1052 1085 1190 1137 primis
1213 1083 1355 1122 vellem
1375 1083 1492 1122 illum
1519 1097 1678 1122 mecum
1705 1083 1874 1127 habere;

492 1149 555 1188 sed
585 1148 687 1188 mihi
716 1149 886 1187 solitudo
915 1159 953 1187 et
984 1149 1145 1188 recess‘us
1172 1149 1374 1202 provincia
1401 1148 1480 1187 est:
1513 1149 1620 1202 quod
1651 1149 1744 1201 quia
1763 1147 1879 1186 facile

491 1213 640 1253 ferebat
661 1214 759 1259 Sica,
791 1227 837 1252 eo
868 1214 992 1266 magis
1020 1214 1137 1252 illum
1169 1213 1354 1252 defiderO.
1400 1214 1587 1252 Praeterea
1615 1213 1715 1251 nosti
1747 1211 1876 1252 Niciae

493 1279 612 1318 nostri
641 1279 974 1324 imbecillitatem,
1005 1279 1232 1325 mollitiam,
1263 1278 1588 1317 consuetudinem
1608 1279 1748 1316 victus.
1794 1279 1878 1315 Cur

493 1358 567 1397 ego
600 1344 662 1382 illi
695 1343 880 1382 molestus
916 1345 1051 1389 velim,
1095 1357 1190 1383 cum
1224 1343 1326 1382 mihi
1360 1343 1427 1381 ille
1456 1343 1657 1395 jucundus
1691 1342 1764 1381 effe
1797 1356 1879 1380 non

494 1409 608 1462 poffit
627 1410 639 1448 ?
671 1409 865 1447 Voluntas
887 1418 1016 1447 tamen
1037 1411 1120 1461 ejus
1141 1408 1242 1447 mihi
1261 1418 1368 1461 grata
1387 1408 1454 1447 est.
1492 1410 1624 1447 Unam
1646 1422 1726 1446 rem
1747 1407 1793 1445 ad
1815 1421 1878 1446 me

494 1473 687 1526 scripsisti,
719 1473 765 1511 de
785 1487 861 1526 qua
880 1473 1033 1511 decrevi
1055 1473 1155 1511 nihil
1179 1474 1252 1510 tibi
1273 1473 1507 1518 rescribere;
1541 1472 1648 1525 spero
1679 1472 1786 1509 enim
1815 1485 1880 1509 me

493 1553 514 1577 a
535 1549 571 1577 te
592 1538 822 1590 impetrasse,
855 1547 898 1575 ut
927 1539 1095 1590 privares
1117 1551 1180 1577 me
1201 1537 1269 1575 ista
1295 1537 1484 1576 molestia.
1531 1537 1640 1575 Piliae
1667 1545 1706 1574 et
1735 1537 1880 1575 Atticae

494 1604 671 1642 salutem.

832 1804 1074 1842 thrzno
1115 1805 1370 1843 Αττιεο
1411 1805 1543 1843 SAL.

497 1931 671 1970 XXVII.
698 1930 775 2003 D
792 1932 825 1969 E
857 1931 1003 1969 Siliano
1028 1933 1201 1983 negotio,
1232 1933 1298 1970 etfi
1321 1931 1420 1970 mihi
1447 1945 1523 1969 non
1544 1931 1597 1969 est
1627 1930 1759 1982 ignota
1780 1944 1879 1969 con-

797 1995 912 2040 ditio,
949 2005 1076 2033 tamen
1108 1996 1223 2034 hodie
1255 2010 1318 2034 me
1352 2010 1400 2034 ex
1433 1997 1518 2034 Sica
1551 1996 1717 2034 arbitror
1748 1997 1881 2034 omnia

498 2062 767 2114 cogniturum.
801 2063 928 2100 Cottae
949 2061 1055 2114 quod
1077 2074 1190 2113 negas
1214 2071 1250 2098 te
1272 2061 1393 2105 nofl‘e5
1418 2062 1518 2099 ultra
1540 2062 1723 2099 Silianam
1745 2061 1881 2099 villam

498 2126 564 2172 est,
596 2141 714 2179 quam
736 2136 833 2180 puto
854 2127 926 2165 tibi
950 2136 1080 2165 notam
1102 2126 1174 2165 effe
1193 2142 1200 2164 :
1234 2127 1372 2165 villula
1401 2127 1550 2165 sordida
1570 2137 1608 2165 et
1630 2127 1738 2165 valde
1759 2127 1880 2180 pusil-

500 2193 560 2230 la:
595 2191 695 2230 nihil
717 2193 826 2245 agri3
858 2192 904 2229 ad
925 2192 1040 2230 aliam
1063 2206 1142 2230 rem
1165 2192 1241 2230 loci
1272 2192 1399 2237 nihil;
1435 2193 1520 2231 satis
1553 2193 1599 2230 ad
1630 2206 1729 2237 eam,
1761 2206 1880 2245 quam

499 2271 629 2309 quaero
648 2273 656 2295 ε
691 2258 827 2310 sequor
847 2258 1130 2296 celebritatem.
1178 2258 1264 2301 Sed,
1298 2258 1320 2296 si
1345 2257 1544 2310 perficitur
1565 2258 1611 2295 de
1633 2257 1756 2295 hortis
1779 2258 1879 2302 Silii,

496 2322 574 2362 hoc
595 2322 662 2366 est,
696 2323 718 2361 fi
743 2323 910 2375 perficis,
945 2323 1014 2374 (est
1044 2323 1150 2361 enim
1183 2333 1310 2362 totum
1345 2324 1510 2376 positum
1543 2324 1581 2361 in
1612 2323 1666 2372 tc)
1699 2323 1797 2361 nihil
1829 2323 1882 2361 est

501 2387 662 2431 scilicet,
695 2387 799 2438 quod
821 2388 866 2425 de
889 2389 1007 2426 Cotta
1038 2389 1272 2439 cogitemus.
1322 2389 1382 2427 De
1415 2390 1621 2433 Cicerone,
1654 2397 1696 2426 ut
1731 2388 1881 2433 scribis,

501 2454 551 2489 ita
573 2451 712 2490 faciam
732 2468 739 2490 :
774 2452 841 2504 ipsi
865 2454 1089 2504 permittam
1111 2453 1156 2490 de
1180 2463 1378 2506 tempore:
1413 2467 1667 2492 nummorum
1689 2465 1884 2506 quantum

498 2532 595 2569 opus
618 2519 689 2556 erit
713 2528 753 2556 ut
777 2528 1035 2571 permutetur,
1068 2530 1109 2558 tu
1131 2519 1295 2558 videbis.
1331 2521 1389 2559 Ex
1414 2520 1570 2565 Aledio,
1603 2519 1709 2573 quod
1732 2519 1884 2563 scribis.
