2243 3008
539 234 648 273 AD
704 229 1134 272 ATTICUM
1201 232 1342 270 ΜΒ.
1394 233 1489 273 x11.
1631 248 1706 289 323

655 468 898 507 Crceno
939 466 1194 504 ATTrco
1235 467 1365 505 SAL.

324 597 379 635 II.
404 595 483 670 H
498 597 517 635 Ι
531 597 564 635 C
595 609 730 634 rumor
749 595 802 634 est
832 604 961 634 tamen
982 594 1174 633 Murcum
1195 594 1345 646 periiffe
1365 594 1582 648 naufragio,
1616 597 1703 636 Afi-

505 663 618 700 nium
639 662 814 700 delatum
834 661 969 699 vivum
989 660 1029 697 in
1051 673 1189 698 manus
1210 660 1402 705 militurn,
1420 661 1707 714 quinquaginta

323 740 436 767 naves
457 728 600 766 delatas
622 728 662 765 in
685 727 846 765 Uticam
867 725 1001 764 reflatu
1021 725 1113 770 hoc,
1146 726 1382 778 Pompeium
1403 739 1482 764 non
1503 741 1704 781 compare-

323 806 378 837 re,
410 807 481 831 nec
502 794 543 831 in
565 792 787 831 Balearibus
808 792 973 829 omnino
993 789 1120 836 fuiffe,
1146 800 1191 828 ut
1211 791 1399 830 Patiaecus
1421 792 1611 831 affirmat:
1644 793 1708 831 sed

324 861 456 897 auetor
476 858 625 897 nullius
647 857 701 895 rei
721 856 942 909 quisquam.
978 855 1112 894 Habes
1134 869 1234 908 quae‚
1266 856 1362 895 dum
1383 866 1425 894 tu
1446 857 1550 903 abes,
1582 858 1707 897 locuti

323 922 428 962 sunt.
473 922 581 962 Ludi
610 923 756 961 interea
785 921 999 961 Praeneste:
1031 921 1090 958 ibi
1119 921 1295 967 Hirtius,
1325 931 1364 960 et
1392 921 1452 960 isti
1474 936 1637 963 omnes:
1670 934 1709 963 et

323 988 487 1040 quidem
506 988 592 1026 ludi
611 988 693 1026 dies
713 989 815 1026 οξὶο.
847 988 948 1038 Qae
968 999 1088 1026 coenae
1107 987 1120 1023 ?
1151 1001 1237 1039 quae
1257 986 1434 1026 deliciae?
1466 988 1544 1026 Res
1565 989 1711 1027 interea

323 1052 479 1092 fortaffe
498 1053 683 1092 transacta
701 1052 769 1092 est.
813 1054 852 1090 O
871 1053 993 1091 miros
1020 1051 1201 1090 homines
1221 1053 1228 1089 !
1262 1054 1318 1091 At
1348 1053 1493 1092 Balbus
1515 1053 1679 1094 aedificat
1697 1070 1707 1094 ε

324 1117 355 1152 τ)
388 1116 454 1168 γὰρ
487 1114 577 1167 αὐτῷ
604 1115 692 1167 prinei
709 1120 723 1156 ?
763 1120 914 1157 Verum
948 1119 975 1156 fi
1010 1118 1165 1170 quaeris,
1197 1117 1353 1158 homini
1387 1133 1466 1157 non
1500 1121 1615 1166 reeta,
1646 1120 1712 1159 sed

325 1183 557 1235 voluptaria,
590 1184 779 1234 quaerenti
801 1178 1127 1226 nonnesseCicaessoq?
1159 1185 1226 1222 Tu
1250 1184 1396 1224 interea
1415 1184 1578 1224 dormis.
1621 1187 1713 1237 Jam

325 1246 607 1299 explicandum
625 1248 680 1285 est
699 1245 899 1297 πρὸζλημα,
937 1247 964 1286 fi
995 1248 1092 1299 quid
1118 1250 1271 1287 aeturus
1292 1263 1347 1288 es.
1394 1249 1432 1287 Si
1453 1251 1592 1301 quaeris
1613 1251 1711 1303 quid

325 1322 480 1366 putem,
511 1326 584 1365 ego
603 1312 778 1352 frustum
799 1322 910 1366 puto.
958 1314 1031 1352 Sed
1062 1314 1160 1366 quid
1190 1315 1346 1354 multa?
1373 1316 1457 1367 jam
1482 1325 1519 1353 te
1540 1317 1709 1361 videbo;

326 1388 366 1417 et
385 1378 562 1431 quidem,
594 1389 638 1417 ut
656 1379 782 1432 spero,
813 1379 861 1418 de
880 1380 942 1417 via
961 1380 1062 1417 reeta
1080 1379 1128 1418 ad
1147 1393 1212 1418 me
1229 1395 1239 1418 :
1272 1381 1386 1419 fimul
1415 1381 1522 1420 enim
1542 1391 1581 1420 et
1607 1381 1712 1420 diem

327 1444 576 1495 Tyrannioni
596 1445 893 1491 constituemus,
906 1448 909 1450 ’
924 1453 963 1483 et
982 1445 1009 1483 fi
1030 1444 1127 1497 quid
1147 1444 1269 1484 aliud.

665 1644 908 1682 emeno
948 1645 1204 1682 AT-rxco
1245 1645 1376 1684 SAL.

333 1772 409 1810 ΙΙΙ.
432 1770 511 1843 {U
528 1772 569 1811 N
585 1772 686 1809 UM
716 1781 755 1809 te
783 1782 882 1824 puto
896 1774 1037 1810 minus
1060 1772 1249 1811 blandum
1269 1773 1356 1818 effe,
1387 1788 1503 1826 quam
1537 1788 1599 1812 me
1618 1793 1627 1819 ;
1660 1785 1712 1819 et,

543 1837 570 1875 fi
601 1846 765 1889 uterque
797 1837 972 1876 nostrum
1001 1838 1054 1876 est
1083 1838 1293 1890 aliquando
1322 1839 1498 1878 adversus
1526 1841 1714 1892 aliquem,

331 1905 434 1942 inter
453 1915 524 1942 nos
544 1912 648 1941 certe
668 1916 873 1956 nunquam
893 1903 1041 1942 sumus.
1073 1904 1182 1942 Audi
1202 1904 1326 1955 igitur
1344 1919 1407 1943 me
1427 1905 1504 1943 hoc
1527 1902 1719 1950 ἀμητεότως

331 1969 545 2007 dicentem.
590 1968 657 2007 Ne
676 1968 820 2015 vivam,
851 1970 908 2007 mi
928 1969 1078 2014 Attice,
1111 1969 1138 2007 fi
1158 1968 1261 2006 mihi
1282 1983 1361 2007 non
1381 1970 1500 2008 modo
1522 1969 1718 2008 Tuscula-

334 2047 446 2079 num,
478 2033 547 2071 ubi
568 2035 779 2086 caeteroqui
808 2033 894 2073 sum
914 2034 1098 2078 libenter,
1130 2033 1192 2071 sed
1211 2030 1375 2082 μακάρων
1395 2030 1473 2075 νῆα-ο,
1495 2035 1593 2072 tanti
1614 2034 1717 2079 sunt,

335 2107 379 2137 ut
398 2099 476 2136 fine
497 2107 534 2136 te
555 2098 626 2136 firn
645 2107 749 2137 totos
770 2098 867 2137 dies.
900 2100 1031 2151 Qare
1051 2098 1267 2137 obduretur
1287 2097 1363 2136 hoc
1385 2099 1586 2142 triduum;
1619 2108 1662 2136 ut
1684 2108 1720 2136 te

332 2176 492 2216 quoque
512 2176 658 2216 ponam
677 2164 717 2201 in
738 2163 876 2202 eodem
890 2160 974 2207 miod
992 2179 1001 2203 ε
1033 2164 1139 2216 quod
1166 2165 1223 2201 ita
1250 2163 1303 2201 est
1323 2162 1512 2214 profeem.
1560 2163 1632 2200 Sed
1653 2177 1719 2200 ve-

334 2229 408 2267 lim
442 2229 552 2274 scire,
583 2228 753 2268 hodiene
786 2230 915 2268 statim
951 2229 999 2268 de
1032 2230 1225 2273 auctione,
1255 2236 1321 2266 aut
1353 2241 1432 2278 quo
1466 2228 1542 2272 die,
1572 2229 1718 2267 venias.

336 2294 425 2345 Ego
454 2308 516 2332 me
547 2295 694 2332 interea
723 2308 816 2334 cum
849 2282 1024 2333 libellis:
1056 2308 1099 2332 ac
1131 2291 1291 2332 moleste
1322 2291 1405 2330 fero
1427 2293 1626 2330 Vennonii
1658 2308 1722 2331 me

337 2357 637 2397 historiamnon
657 2359 813 2398 habere.
862 2360 934 2398 Sed
956 2369 1086 2398 tamen
1109 2372 1156 2397 ne
1177 2357 1279 2396 nihil
1304 2357 1351 2395 de
1372 2372 1424 2403 re,
1458 2372 1601 2397 nomen
1623 2359 1722 2396 illud

339 2423 447 2475 quod
480 2436 502 2461 a
535 2424 696 2469 Caesare,
734 2435 811 2464 tres
845 2425 964 2464 habet
998 2424 1260 2468 conditiones,
1301 2434 1366 2461 aut
1400 2425 1642 2476 emptionem
1676 2425 1723 2461 ab

341 2488 473 2535 hasta5
508 2488 684 2541 (perdere
711 2491 842 2529 malo:
873 2491 957 2536 etsi,
989 2500 1126 2543 praeter
1155 2489 1459 2542 turpitudinem,
1490 2489 1565 2528 hoc
1600 2489 1726 2540 ipsum

1308 2555 1330 2590 S
1362 2553 1383 2590 s
1406 2567 1428 2593 2
