2243 3008
535 293 641 331 AD
699 292 1129 331 ATTICUM
1196 293 1338 334 LIB.
1390 296 1507 336 XIII.
1638 301 1714 353 365

331 388 495 434 scilicet,
525 388 629 427 mihi
653 388 879 442 praesertim,
910 389 979 441 qui
1001 403 1079 428 non
1101 391 1233 429 minus
1255 391 1353 429 bene
1373 396 1501 432 aetum
1522 409 1615 435 cum
1635 397 1715 435 illis

330 463 484 506 putem.
524 454 635 505 Qid
655 455 762 492 enim
783 454 915 492 sumus
935 456 947 492 ?
979 465 1045 493 aut
1065 456 1162 508 quid
1183 457 1254 494 effe
1274 457 1474 508 possumus
1494 462 1506 497 ?
1539 461 1714 507 domine,

330 531 377 556 an
399 518 495 557 foris
515 520 528 556 ?
561 520 681 572 Qod
701 520 771 558 nifi
793 520 894 558 mihi
913 520 991 558 hoc
1012 521 1170 560 venisset
1190 523 1231 559 in
1252 533 1441 568 mentem,
1465 524 1628 564 scribere
1649 527 1717 564 ista

280 633 288 639 ξ
329 583 461 622 nescio
482 598 595 637 quae;
619 599 698 637 quo
718 595 905 624 verterem
927 599 1004 631 me,
1031 600 1109 625 non
1131 587 1329 626 haberem.
1363 589 1427 625 Ad
1449 589 1715 636 Dolabellam,

330 659 375 688 ut
396 650 547 695 scribis,
570 651 624 688 ita
643 661 741 703 puto
761 651 1002 696 faciendum,
1024 650 1174 701 ›ewo'repoe
1194 653 1388 705 quaedam,
1410 663 1448 691 et
1467 654 1712 705 πλιτικώτεραιε

330 714 556 753 faciendum
577 726 682 754 certe
700 717 852 769 aliquid
878 716 959 762 est;
992 716 1102 754 valde
1128 718 1234 756 enim
1267 718 1466 758 desiderat.
1512 720 1656 758 Brutus
1690 722 1716 759 fi

328 781 442 834 quid,
474 781 627 820 curabis
655 791 700 821 ut
726 783 872 828 sciam,
904 783 969 821 cui
1001 783 1162 835 quidem
1193 785 1489 837 quamprimum
1520 786 1716 837 agendum

330 856 443 898 puto,
481 847 693 899 praesertim
727 848 753 886 fi
787 847 919 886 statuit
938 863 947 886 :
985 848 1280 887 sermunculum
1315 850 1422 887 enim
1456 863 1616 888 omnem
1650 861 1716 890 aut

329 910 562 956 restinxerit,
594 921 660 949 aut
689 911 854 950 sedarit:
887 912 976 951 sunt
1004 913 1111 950 enim
1141 915 1210 965 qui
1241 914 1453 966 loquantur
1479 915 1597 953 etiam
1627 930 1714 954 me-

330 990 438 1015 cum.
486 977 558 1014 Sed
587 976 670 1015 haec
700 978 780 1030 ipse
806 979 971 1030 optime,
1001 978 1213 1031 praesertim
1235 979 1260 1017 fi
1281 981 1398 1017 etiam
1421 989 1553 1018 tecum
1573 980 1713 1033 loque-

330 1052 408 1080 tur.
441 1042 551 1080 Mihi
571 1043 624 1080 est
643 1043 684 1080 in
706 1045 837 1081 animo
858 1043 1053 1096 proficisci
1075 1057 1121 1082 Χι
1146 1045 1364 1084 Kalendas:
1397 1045 1462 1083 hic
1483 1047 1591 1084 enim
1611 1046 1715 1085 nihil

328 1107 455 1146 habeo
475 1109 582 1161 quod
603 1122 728 1160 agam,
760 1123 808 1146 ne
828 1109 987 1147 hercule
1007 1110 1092 1147 illic
1113 1110 1290 1162 quidem,
1322 1125 1394 1149 nec
1427 1111 1618 1163 usquam,
1650 1112 1715 1150 sed

329 1183 460 1211 tamen
481 1173 630 1225 aliquid
651 1174 750 1212 illic.
796 1174 930 1212 Hodie
963 1174 1211 1227 Spintherem
1241 1178 1417 1228 expecto.
1463 1177 1576 1215 Mifit
1607 1178 1714 1216 enim

329 1238 474 1276 Brutus
495 1238 542 1275 ad
562 1252 625 1276 me
644 1253 652 1276 :
681 1252 748 1290 per
767 1239 896 1277 literas
918 1249 1058 1292 purgat
1079 1241 1267 1279 Caesarem
1289 1241 1335 1278 de
1356 1242 1517 1279 interitu
1539 1242 1714 1280 Marcel-

327 1303 383 1348 li,
416 1304 456 1341 in
478 1317 613 1355 quem,
644 1317 706 1349 ne,
738 1304 765 1342 s1
785 1305 932 1342 infidiis
953 1304 1115 1357 quidem
1135 1306 1204 1343 ille
1224 1306 1452 1344 interfectus
1473 1305 1577 1351 effet,
1598 1307 1714 1345 cade-

328 1378 387 1408 ret
419 1369 499 1407 ulla
528 1369 709 1422 suspicio.
757 1371 880 1409 Nunc
906 1384 1011 1416 vero,
1041 1384 1135 1409 cum
1163 1371 1209 1408 de
1230 1371 1370 1423 Magio
1390 1371 1553 1417 constet,
1584 1385 1716 1411 nonne

328 1434 439 1474 furor
458 1436 540 1487 ejus
561 1435 714 1473 causam
734 1449 892 1474 omnem
915 1436 1073 1475 sustinet
1092 1438 1105 1474 ?
1138 1437 1257 1474 Plane
1277 1437 1374 1489 quid
1395 1437 1440 1475 fit
1461 1449 1539 1474 non
1561 1437 1713 1476 intelli-

329 1514 380 1552 go
398 1514 407 1537 :
440 1499 666 1550 explanabis
686 1501 822 1551 igitur.
865 1502 1102 1553 Qanquam
1123 1500 1225 1538 nihil
1245 1501 1371 1539 habeo
1391 1501 1497 1553 quod
1517 1501 1713 1548 dubitem,

329 1564 416 1609 nifi,
448 1563 517 1615 ipsi
540 1564 678 1616 Magio
699 1579 785 1616 quae
810 1564 929 1603 fuerit
960 1565 1070 1604 causa
1101 1566 1307 1611 amentiae3
1339 1579 1411 1618 pro
1442 1579 1522 1618 quo
1553 1567 1716 1618 quidem

329 1631 448 1667 etiam
478 1628 637 1680 sponsor
668 1629 779 1666 Sunii
813 1629 936 1668 fastus
971 1630 1038 1669 est.
1085 1631 1291 1669 Nimirum
1321 1631 1362 1668 id
1390 1630 1496 1669 fuit:
1529 1631 1716 1670 solvendo

329 1695 435 1734 enim
467 1707 544 1731 non
573 1704 665 1732 erat.
715 1696 842 1733 Credo
871 1709 961 1734 eum
982 1695 1130 1748 petiiffe
1150 1709 1170 1733 a
1190 1696 1384 1735 Marcello
1403 1696 1569 1748 aliquid,
1601 1706 1638 1734 et
1659 1697 1712 1735 il-

327 1760 429 1806 lum,
462 1768 505 1797 ut
525 1769 619 1806 erat,
651 1760 888 1800 constantius
911 1761 1156 1814 respondisse.
1191 1762 1235 1796 οὐ
1253 1757 1363 1797 racadu
1380 1755 1466 1799 εἶδος.

668 1966 908 2003 CICERO
950 1967 1204 2004 ATT1co
1246 1966 1374 2003 SAL.

329 2093 406 2131 XI.
432 2091 498 2165 C
516 2092 552 2130 R
568 2093 601 2130 E
617 2093 654 2130 D
671 2094 703 2131 E
719 2095 798 2132 BA
813 2094 862 2132 M
892 2093 964 2132 effe
992 2093 1134 2132 facile:
1168 2103 1296 2132 totum
1327 2093 1379 2131 est
1410 2092 1530 2137 aliud,
1561 2093 1712 2145 postea-

531 2172 650 2211 quam
675 2159 759 2197 sum
781 2173 800 2197 a
822 2168 859 2197 te
879 2159 1105 2211 dijunCtior.
1139 2159 1211 2197 Sed
1231 2159 1308 2197 fuit
1329 2158 1569 2203 faciendum,
1601 2169 1643 2196 ut
1672 2168 1711 2198 ct

328 2224 605 2262 constituerem
636 2224 878 2263 mercedulas
898 2225 1148 2277 praediorum,
1181 2235 1218 2262 et
1240 2238 1286 2261 ne
1307 2237 1495 2275 magnum
1517 2237 1615 2261 onus
1635 2224 1709 2261 ob-

330 2288 525 2328 servantiae
551 2290 674 2327 Bruto
702 2290 830 2328 nostro
858 2292 1117 2342 imponerem.
1166 2288 1328 2337 Pthac
1358 2289 1464 2326 enim
1494 2289 1709 2340 poterimus

329 2355 577 2392 commodius
599 2355 725 2393 colere
753 2357 853 2394 inter
874 2369 943 2394 nos
963 2357 1013 2396 ‚in
1037 2355 1277 2393 Tusculano.
1323 2354 1414 2392 Hoc
1445 2364 1575 2392 autem
1607 2364 1709 2392 tem-

329 2434 437 2472 pore,
469 2433 561 2457 cum
582 2420 649 2458 ille
671 2435 732 2459 me
753 2422 929 2473 quotidie
950 2422 1078 2459 videre
1099 2421 1229 2466 vellet,
1261 2434 1333 2473 ego
1352 2420 1399 2457 ad
1418 2421 1535 2458 illum
1557 2421 1610 2457 ire
1632 2434 1710 2457 non

329 2485 490 2538 poffem,
520 2485 743 2536 privabatur
763 2487 873 2524 omni
894 2487 1148 2525 deletstatione
1169 2486 1399 2525 Tusculani.
1432 2487 1497 2523 Tu
1519 2485 1654 2536 igitur,
1684 2484 1709 2521 fi

328 2551 490 2589 Servilia
519 2551 680 2596 venerit,
714 2551 738 2589 si
773 2553 914 2589 Brutus
948 2552 1043 2604 quid
1074 2554 1210 2604 egerit,
1241 2551 1358 2589 etiam
1391 2551 1417 2588 fi
1449 2549 1710 2595 constituerit,
