2243 3008
638 218 744 256 AD
803 216 1231 257 ATTICUM
1299 219 1441 257 LIB.
1493 221 1547 257 11.
1735 223 1785 272 (25

399 318 502 358 nihil
531 317 730 361 haberem,
760 325 799 354 et
830 329 937 360 cum,
969 316 1183 354 recreandae
1203 315 1351 355 voculae
1376 318 1499 361 causa,
1532 318 1676 356 necess'e
1696 319 1786 357 ess'et

397 381 497 421 mihi
529 381 744 426 ambulare,
775 379 858 419 haec
889 380 1029 419 dictavi
1061 380 1281 419 ambulans.
1328 382 1509 419 Primum
1540 383 1663 433 igitur
1683 382 1785 420 illud

397 456 435 486 te
455 447 551 487 scire
570 447 675 491 volo,
693 446 1043 498 Sampsiceramum
1064 446 1239 484 nostrum
1259 447 1432 484 amicum
1455 446 1705 485 vehementer
1726 448 1784 485 sui

395 511 514 550 status
534 512 740 564 poenitere,
772 510 1000 563 restituique
1026 511 1068 549 in
1088 524 1179 549 eum
1200 511 1334 549 locum
1355 525 1511 563 cupere,
1545 526 1591 549 ex
1613 526 1692 564 quo
1713 513 1782 549 de-

395 577 510 622 cidit,
540 577 797 629 doloremque
817 576 930 614 suum
951 576 1154 629 impertire
1174 576 1304 621 nobis,
1335 586 1374 614 et
1398 577 1636 615 medicinam
1658 578 1781 614 inter-

395 642 492 680 dum
511 651 641 695 aperte
661 655 831 694 quaerere
847 660 860 686 ;
892 655 1012 693 quam
1032 655 1107 693 ego
1133 641 1285 694 possum
1305 643 1480 680 invenire
1501 642 1650 680 nullam
1670 658 1679 679 :
1712 643 1780 680 de-

394 707 487 746 inde
505 721 644 747 omnes
674 708 782 745 illius
812 708 932 760 partis
961 709 1134 745 auctores
1167 721 1209 746 ac
1242 708 1380 752 socios,
1413 709 1524 746 nullo
1553 708 1780 753 adversario,

395 774 691 818 consenescere;
723 773 1015 811 consensionem
1050 773 1320 811 universorum
1352 788 1422 812 nec
1449 774 1678 818 voluntatis,
1711 788 1782 812 nee

395 840 598 885 sermonis,
629 840 816 892 majorem
851 853 1027 892 unquam
1060 839 1186 878 fuisse.
1234 840 1320 878 Nos
1350 850 1481 878 autem
1513 842 1637 892 (nam,
1669 841 1710 878 id
1745 850 1782 879 te

395 905 489 944 scire
508 918 666 957 cupere,
697 913 804 942 certo
835 903 932 954 scio)
966 904 1139 956 publicis
1171 904 1342 943 consiliis
1375 905 1496 943 nullis
1530 906 1781 950 intersumus,

395 970 575 1022 totosque
595 983 665 1007 nos
687 969 733 1007 ad
752 969 946 1008 forensem
966 983 1123 1022 operam
1150 969 1402 1022 laboremque
1429 970 1672 1009 contulimus
1692 987 1701 1010 :
1734 986 1782 1010 ex

393 1048 489 1087 quo,
510 1034 619 1086 quod
637 1033 754 1072 facile
774 1034 946 1085 intelligi
967 1033 1094 1086 poffit,
1116 1035 1158 1071 in
1179 1034 1306 1072 multa
1323 1036 1701 1074 commemoratione
1716 1050 1781 1074 ea-

392 1113 483 1138 rum
504 1112 649 1143 rerum,
671 1111 765 1150 quas
785 1099 984 1151 geffimus,
1005 1099 1270 1150 desiderioque
1290 1100 1498 1139 versamur.
1533 1101 1604 1138 Sed
1624 1096 1782 1140 βαώπιὸος

393 1163 528 1202 nostrae
543 1163 854 1214 consanguineus
871 1176 950 1201 non
970 1163 1186 1201 mediocres
1205 1173 1366 1202 terrores
1382 1166 1480 1216 jacit
1496 1175 1610 1217 atque
1627 1166 1781 1204 denun-

390 1231 477 1273 tiat,
509 1238 547 1267 et
568 1228 871 1281 Sampsiceramo
891 1238 1035 1281 negat;
1066 1229 1214 1266 caeteris
1246 1243 1324 1281 prae
1351 1229 1388 1267 se
1417 1229 1508 1275 fert,
1540 1240 1578 1268 et
1598 1231 1777 1270 ostentat.

391 1294 678 1346 Qamobrem,
710 1293 736 1331 fi
767 1307 831 1332 me
856 1307 960 1331 amas
991 1302 1162 1338 tantum,
1193 1303 1388 1346 quantum
1407 1295 1584 1347 profecto
1604 1309 1722 1342 amas,
1754 1299 1781 1335 fi

391 1360 555 1404 dormis,
586 1358 878 1411 expergiscere5
911 1359 938 1397 fi
958 1359 1045 1404 stas,
1076 1358 1306 1411 ingredere,
1339 1359 1365 1398 fi
1387 1360 1616 1413 ingrederis,
1639 1375 1777 1408 curre,

390 1426 418 1465 fi
438 1425 577 1470 curris,
599 1424 749 1463 advola.
796 1424 998 1463 Credibile
1018 1438 1097 1463 non
1117 1425 1185 1470 est,
1217 1434 1411 1478 quantum
1438 1439 1511 1479 ego
1541 1427 1583 1464 in
1607 1428 1779 1466 consiliis

389 1500 429 1529 et
450 1490 657 1544 prudentia
676 1499 756 1535 tua,
778 1490 962 1543 quodque
982 1491 1204 1529 maximum
1223 1490 1291 1536 est,
1313 1501 1508 1544 quantum
1530 1493 1570 1530 in
1591 1505 1722 1531 amore
1742 1504 1782 1532 et

390 1556 467 1594 fide
487 1568 646 1608 ponam.
693 1555 934 1607 Magnitudo
955 1556 1010 1593 rei
1036 1556 1197 1607 longam
1217 1556 1436 1594 orationem
1457 1556 1611 1595 fortasse
1631 1557 1780 1596 defide-

391 1629 463 1665 rat,
494 1619 722 1671 conjunclio
752 1632 842 1657 vero
874 1619 1095 1658 nostrorum
1123 1621 1347 1658 animorum
1377 1621 1564 1659 brevitate
1595 1632 1781 1661 contenta

389 1684 458 1722 est.
506 1684 714 1736 Permagni
740 1683 867 1722 nostra
890 1683 1062 1729 interest,
1093 1693 1146 1729 te,
1177 1685 1203 1724 fi
1225 1685 1400 1723 comitiis
1421 1699 1500 1724 non
1520 1687 1710 1739 potueris,
1741 1696 1780 1725 at

387 1749 584 1788 declarato
601 1749 689 1793 1110,
721 1748 793 1787 effe
813 1749 967 1788 Romae.
1000 1749 1106 1787 Cura
1127 1759 1170 1788 ut
1191 1749 1329 1788 valeas.

725 1951 967 1987 CICERO
1010 1949 1266 1988 ATTICO
1310 1950 1440 1990 SAL.

390 2075 545 2115 XXIV.
663 2077 700 2114 U
716 2078 752 2115 A
769 2077 792 2115 S
824 2076 1034 2116 Numestio
1060 2078 1191 2116 literas
1219 2077 1323 2123 dedi,
1355 2079 1406 2117 src
1428 2088 1464 2118 te
1485 2079 1532 2117 iis
1551 2079 1777 2126 evocabam,

679 2151 723 2179 ut
750 2141 852 2180 nihil
877 2142 1018 2187 acrius,
1051 2156 1177 2195 neque
1197 2143 1415 2188 incitatius,
1447 2143 1529 2182 fieri
1550 2144 1698 2196 posset:
1731 2145 1779 2183 ad

387 2206 500 2245 illam
519 2203 657 2244 κέλευσιν
675 2207 772 2245 adde
792 2208 911 2245 etiam
933 2207 959 2245 si
987 2207 1084 2260 quid
1109 2217 1233 2260 poteS.
1281 2210 1341 2247 Ac
1363 2222 1410 2246 ne
1431 2209 1476 2246 fis
1497 2210 1745 2261 perturbatus
1765 2225 1776 2249 :

390 2273 481 2310 novi
501 2272 607 2309 enim
629 2281 695 2317 te;
727 2282 766 2310 et
787 2286 866 2310 non
888 2273 1041 2324 ignoro,
1073 2287 1192 2325 quam
1222 2273 1268 2310 fit
1297 2287 1407 2311 amor
1433 2275 1562 2312 omnis
1585 2275 1777 2315 sollicitus

389 2346 506 2388 atque
532 2337 699 2376 anxius:
731 2338 795 2375 sed
822 2352 880 2376 res
910 2337 978 2383 est,
1009 2348 1054 2376 ut
1084 2338 1207 2390 spero,
1239 2352 1318 2376 non
1349 2348 1428 2377 tam
1460 2340 1568 2377 exitu
1603 2340 1775 2386 molesta,

391 2414 510 2452 quam
530 2402 653 2441 aditu..
692 2403 849 2442 Vettius
870 2403 953 2448 ille,
984 2403 1052 2441 ille
1073 2403 1200 2443 noster
1219 2404 1352 2449 index,
1376 2404 1530 2448 Caesari,
1563 2415 1605 2442 ut
1626 2406 1776 2457 perspi-

390 2467 534 2510 cimus,
563 2467 766 2518 pollicitus
785 2469 852 2515 est,
876 2469 912 2508 se
932 2479 1175 2515 curaturum,
1198 2479 1241 2509 ut
1261 2471 1302 2509 in
1323 2471 1496 2523 aliquam
1517 2470 1777 2523 suspicionem

475 2533 512 2569 T
527 2545 549 2569 0
566 2544 617 2570 M.
650 2533 767 2573 VIII.
1458 2537 1477 2573 I
