2243 3008
463 265 571 303 AD
629 261 1058 327 ATTICUM
1125 262 1268 302 LIB.
1324 265 1442 305 XIII.
1572 266 1648 319 389

263 374 353 400 nam
374 362 493 400 tacui.
538 361 594 399 At
623 359 718 398 ille:
751 358 814 397 sed
834 372 898 397 me
918 359 1091 398 maxime
1110 360 1219 412 angit
1239 362 1470 400 avunculus.
1515 363 1647 414 Qid-

263 427 386 464 nam?
418 427 595 478 inquam.
639 424 759 476 Qod
781 423 898 470 mihi,
929 424 1076 478 inquit,
1107 425 1226 463 iratus
1248 424 1315 463 est.
1362 427 1445 463 Cur
1474 429 1646 478 pateris?

265 491 454 542 inquam:
487 491 592 528 malo
625 490 732 528 enim
762 490 816 527 ita
844 489 987 535 dicere,
1019 503 1138 542 quam
1171 503 1242 528 cur
1273 491 1508 529 committis.
1554 493 1650 530 Non

264 556 400 608 patiar,
432 555 593 607 inquit;
625 555 777 593 causam
799 556 905 593 enim
932 555 1084 594 tollam.
1131 556 1185 593 Et
1216 568 1304 607 ego,
1336 555 1539 593 rectiffime
1559 558 1650 607 qui-

265 619 369 659 dem.
416 620 488 658 Sed
519 620 545 658 fi
575 633 689 672 grave
714 633 791 658 non
814 620 881 665 est,
913 620 1033 658 velim
1053 620 1148 658 scire
1169 619 1266 671 quid
1287 619 1331 657 s1t
1352 620 1486 658 causae.
1531 622 1649 672 Qia,

264 685 361 723 dum
382 685 612 724 dubitabam
633 698 752 738 quam
780 685 978 730 ducerem,
1011 699 1090 724 non
1122 684 1405 723 satisfaciebam
1437 686 1568 730 matri,
1600 687 1654 724 ita

264 763 314 788 ne
346 750 406 788 illi
439 750 615 802 quidem.
662 750 784 788 Nunc
806 749 908 788 nihil
938 749 1041 788 mihi
1062 750 1160 788 tanti
1180 749 1259 794 est;
1292 748 1433 787 faciam
1454 751 1559 802 quod
1582 764 1651 789 vo-

265 815 370 854 lunt.
418 815 604 853 Feliciter
636 815 772 860 velim,
811 815 990 867 inquam,
1028 824 1144 868 teque
1179 815 1309 852 laudo.
1357 815 1430 852 Sed
1464 816 1651 866 quando?

265 880 386 919 Nihil
419 881 465 918 ad
497 894 575 925 me,
607 880 753 932 inquit,
785 879 832 918 de
863 890 1054 933 tempore,
1085 881 1274 933 quoniam
1301 894 1384 918 rem
1415 881 1551 933 probo.
1598 882 1655 919 At

265 958 354 997 ego,
386 946 565 997 inquam,
596 944 747 990 censeo,
779 945 1005 997 priusquam
1026 944 1308 998 proficiscaris:
1342 945 1396 982 ita
1423 946 1524 997 patri
1551 959 1653 998 quo-

266 1024 342 1063 que
364 1024 514 1048 morem
536 1009 704 1062 gesseris,
738 1011 911 1056 Faciam,
942 1011 1090 1063 inquit,
1123 1019 1166 1049 ut
1186 1009 1330 1048 censes.
1373 1009 1454 1048 Hic
1476 1010 1654 1063 dialogus

268 1077 318 1114 fic
339 1076 547 1113 conclusus
568 1075 634 1113 est.
682 1075 754 1113 Sed
781 1074 878 1114 heus
900 1085 957 1121 tu,
989 1077 1094 1114 diem
1116 1089 1250 1114 meum
1272 1074 1344 1113 scis
1365 1075 1437 1113 effe
1460 1089 1515 1114 111
1541 1077 1652 1116 Non.

267 1142 357 1193 Jan.
390 1141 530 1179 Aderis
552 1141 687 1192 igitur.
735 1141 968 1193 Scripseram
984 1143 1095 1194 jam:
1128 1155 1218 1179 ecce
1248 1140 1338 1186 tibi,
1369 1150 1451 1178 orat
1479 1142 1654 1194 Lepidus

268 1215 312 1244 ut
333 1208 499 1245 veniam.
534 1206 690 1258 Opinor
710 1207 890 1259 Augures
913 1207 971 1244 nil
991 1207 1133 1245 habere
1153 1206 1200 1245 ad
1221 1205 1416 1259 templum
1437 1206 1665 1246 effandum..

269 1273 392 1311 Eatur
409 1270 494 1320 μίας
513 1265 617 1321 κέρδε’.
647 1271 883 1311 Videbimus
906 1281 943 1310 te
963 1273 1112 1326 igitur„

600 1474 842 1512 CICERO
885 1475 1141 1512 ATT1co
1185 1475 1315 1512 SAL.

274 1602 428 1641 XLIII.
456 1599 571 1671 EG
585 1601 621 1638 O
643 1613 733 1638 vero
755 1608 841 1638 utar
859 1601 1133 1654 prorogatione
1154 1600 1232 1639 diei
1251 1617 1259 1640 :
1284 1611 1406 1654 tuque
1426 1599 1660 1639 humaniffi-

551 1680 614 1704 me
635 1665 775 1711 fecisti,
801 1667 870 1718 qui
891 1680 954 1705 me
975 1667 1181 1705 certiorem
1202 1665 1356 1712 feceris,
1388 1675 1503 1718 atque
1525 1667 1592 1711 ita,
1615 1675 1659 1705 ut

273 1745 318 1771 eo
340 1741 514 1784 tempore
535 1731 752 1784 acciperem
782 1731 926 1778 literas,
958 1745 1038 1785 quo
1059 1745 1137 1769 non
1159 1734 1429 1784 expectarem3
1463 1740 1583 1782 tuque
1614 1741 1659 1770 ut

274 1799 321 1836 ab
342 1798 444 1836 ludis
467 1797 665 1835 scriberes.
700 1797 798 1834 Sunt
819 1798 984 1836 omnino
1004 1796 1106 1836 mihi
1126 1797 1303 1850 quaedam
1322 1796 1470 1850 agenda
1490 1797 1628 1835 Romae
1646 1813 1655 1836 :

275 1863 336 1903 sed
357 1864 641 1917 consequemur
663 1862 784 1901 biduo
804 1864 904 1916 post.

612 2066 852 2104 Cxcnno
892 2066 1150 2104 AT‘rrco
1192 2063 1322 2103 SAL.

277 2193 428 2232 XLIV.
455 2191 501 2264 S
517 2192 678 2231 UAVE
693 2193 715 2230 S
746 2202 830 2232 tuas
851 2193 981 2232 literas
1001 2193 1009 2231 !
1032 2193 1099 2231 etfi
1120 2192 1256 2231 acerba
1275 2203 1433 2244 pompa.
1463 2189 1659 2228 Verunta-

532 2272 623 2296 men
657 2258 752 2296 scire
783 2260 917 2298 omnia
945 2273 1025 2298 non
1055 2259 1239 2297 acerbum
1269 2257 1336 2301 est,
1367 2256 1428 2294 vel
1458 2255 1505 2293 de
1526 2257 1658 2296 Cotta.

279 2323 478 2375 Populum
497 2337 587 2362 vero
607 2325 853 2377 praeclarum,
884 2325 992 2379 quod
1022 2334 1180 2377 propter
1209 2323 1358 2361 malum
1389 2323 1581 2367 vicinum,
1614 2336 1663 2360 ne

279 2389 461 2426 Victoriae
481 2389 642 2440 quidem
670 2389 884 2441 plauditur.
931 2392 1076 2429 Brutus
1108 2388 1210 2442 apud
1241 2402 1304 2426 me
1334 2387 1440 2433 fuit;
1472 2388 1536 2426 cui
1569 2389 1661 2439 qui-

278 2453 367 2491 dem
388 2453 497 2491 valde
519 2454 710 2506 placebat,
742 2469 805 2494 me
824 2456 975 2508 aliquid
995 2456 1042 2493 ad
1064 2455 1267 2493 Caesarem.
1311 2455 1537 2491 Annueram
1555 2471 1566 2497 ς
1600 2451 1661 2489 sed

279 2532 466 2572 pompam
487 2519 648 2559 videret.
692 2521 759 2559 Tu
791 2529 921 2560 tamen
942 2521 1053 2560 ausus
1074 2533 1113 2559 es
1135 2519 1301 2559 Varroni
1333 2519 1420 2557 dare
1440 2519 1452 2555 ?
1485 2518 1665 2569 Expecto
