2243 3008
495 213 574 253 274
840 196 1525 236 EPISTOLARUM

494 297 540 335 fit
561 295 861 349 supplicandum
880 295 888 332 !
922 294 994 333 Sed
1015 308 1112 347 opus
1133 293 1212 332 fuit
1232 294 1369 332 Hirtio
1390 302 1585 333 convento
1603 307 1612 332 :
1644 292 1698 332 est
1717 291 1877 346 profec-

496 372 537 400 to
558 362 686 399 nescio
706 361 831 414 quid;
863 361 926 399 sed
946 361 1066 399 velim
1085 373 1203 412 quam
1225 361 1418 398 minimo:
1451 370 1490 398 et
1511 369 1640 398 tamen
1660 373 1752 398 eum
1773 373 1876 398 non-

495 430 589 466 dum
619 428 751 466 rediffe
780 428 983 466 miramur.
1030 427 1103 465 Sed
1132 426 1215 464 haec
1245 426 1481 465 videbimus.
1527 428 1594 465 Tu
1616 427 1772 479 Oppios
1791 428 1876 464 Te-

494 493 627 531 rentiae
647 492 779 531 dabis:
805 494 889 545 jam
910 493 1016 530 enim
1038 491 1145 529 urbis
1167 504 1291 528 unum
1311 491 1533 543 periculum
1553 490 1620 529 est.
1653 491 1725 529 Me
1746 500 1876 529 tamen

495 557 779 609 confiliojuva,
811 557 1024 610 pedibusue
1056 555 1274 608 Rhegium,
1305 568 1353 593 an
1384 555 1480 593 hinc
1509 555 1638 594 statim
1658 557 1700 594 in
1721 569 1874 594 navem.

496 623 693 660 Caeterum
713 622 901 674 quoniam
922 633 1161 666 commoror,
1191 633 1265 672 ego
1294 619 1340 657 ad
1370 628 1408 657 te
1438 618 1567 657 statim
1595 619 1750 658 habebo
1768 619 1877 673 quod

496 687 676 731 scribam,
709 687 821 725 simul
843 696 886 724 ut
908 686 1040 725 videro
1060 685 1291 724 Curionem.
1340 685 1402 723 De
1421 684 1572 723 Tirone
1592 697 1698 730 cura,
1729 685 1874 737 quaese,

495 752 601 806 quod
622 751 732 797 facis,
766 763 807 791 ut
829 752 946 790 sciam
967 752 1061 805 quid
1084 752 1115 789 is
1136 759 1237 803 agat.

831 953 1072 991 C1c13Ro
1112 952 1367 990 ATT1co
1408 951 1538 990 SAL.

495 1081 543 1120 V.
567 1080 645 1153 D
660 1081 693 1118 E
720 1088 800 1117 tota
819 1093 904 1118 mea
923 1079 1162 1132 cogitatione
1182 1078 1312 1132 scripfi
1332 1078 1380 1116 ad
1401 1087 1569 1118 tezantea
1587 1079 1691 1125 satis,
1710 1088 1753 1118 ut
1774 1078 1875 1118 mihi

676 1145 778 1183 visus
799 1145 899 1191 sum,
930 1145 1167 1198 diligenter:
1200 1144 1248 1182 de
1276 1144 1339 1182 die
1369 1143 1471 1183 nihil
1501 1145 1587 1183 sane
1606 1145 1731 1198 potest
1758 1145 1875 1183 scribi

490 1212 602 1257 certi,
634 1220 771 1265 praeter
799 1210 891 1256 hoc,
922 1224 1002 1248 non
1036 1220 1125 1249 ante
1159 1210 1294 1248 lunam
1326 1223 1481 1249 novam.
1529 1211 1715 1249 Curionis
1750 1211 1875 1249 sermo

492 1276 674 1329 postridie
693 1275 854 1314 eandem
875 1274 1014 1313 habuit
1034 1274 1114 1313 fere
1135 1274 1343 1320 summam,
1374 1275 1444 1313 nifi
1473 1275 1580 1328 quod
1607 1276 1775 1328 apertius
1796 1275 1873 1327 fig-

490 1340 680 1386 nificavit,
698 1339 734 1378 se
753 1338 892 1377 harum
913 1352 1042 1377 rerum
1059 1340 1210 1377 exitum
1231 1351 1309 1377 non
1330 1339 1473 1377 videre.
1496 1339 1616 1391 Qiod
1637 1338 1739 1378 mihi
1759 1353 1873 1377 man-

490 1404 555 1442 das
577 1404 623 1443 de
644 1405 799 1457 Qinto
819 1403 1003 1455 regendo,
1035 1398 1220 1452 Α’ρκαδὶαιν.
1263 1404 1416 1441 Tamen
1439 1403 1540 1442 nihil
1561 1405 1872 1456 praetermittam.

493 1471 624 1522 Atque
645 1470 796 1508 utinam
822 1478 864 1506 tu
883 1483 892 1507 :
925 1468 989 1506 sed
1009 1467 1219 1506 modestior
1238 1481 1315 1506 non
1337 1481 1415 1506 ero.
1462 1469 1678 1521 Epistolam
1698 1468 1746 1506 ad
1775 1469 1874 1507 Ves-

489 1535 637 1572 torium
658 1534 786 1572 statim
806 1533 853 1570 de
873 1533 1010 1571 Tullia
1028 1547 1036 1570 :
1069 1545 1112 1570 ac
1133 1532 1243 1570 valde
1263 1533 1457 1585 requirere
1478 1532 1638 1571 solebat.
1678 1534 1872 1571 Commo-

489 1600 576 1637 dius
599 1609 731 1637 tecum
752 1599 947 1636 Vestenus
968 1597 1021 1636 cst
1042 1597 1214 1643 locutus,
1245 1611 1365 1650 quam
1386 1597 1433 1635 ad
1459 1611 1522 1636 me
1552 1597 1777 1651 scripserat;
1810 1598 1874 1636 sed

490 1666 622 1702 mirari
644 1665 730 1702 satis
751 1663 926 1702 hominis
946 1663 1230 1715 negligentiam
1251 1677 1329 1701 non
1349 1677 1468 1716 queo.
1512 1664 1618 1702 Cum
1645 1664 1752 1701 enim
1772 1663 1874 1702 mihi

489 1730 730 1768 Philotimus
766 1728 920 1767 dixisset
952 1729 1046 1767 H-S
1080 1741 1120 1767 1..
1155 1742 1284 1767 emere
1315 1729 1363 1767 de
1394 1729 1587 1767 Canuleio
1618 1729 1871 1767 diversorium

490 1795 588 1833 illud
610 1795 726 1847 posse,
760 1794 923 1832 minoris
944 1794 1061 1832 etiam
1083 1804 1326 1846 empturum,
1358 1795 1383 1832 si
1406 1795 1624 1832 vectenum
1655 1794 1838 1846 rogassem
1857 1813 1868 1839 ;

490 1861 620 1912 rogavi
642 1870 699 1904 ut,
732 1860 755 1897 fi
778 1859 874 1911 quid
896 1858 1030 1911 posset,
1061 1873 1108 1897 ex
1136 1872 1179 1896 ea
1208 1859 1358 1897 summa
1387 1859 1631 1897 detraheret:
1664 1860 1869 1912 promisit:

488 1926 534 1963 ad
555 1939 618 1963 me
640 1938 776 1977 nuper,
809 1925 901 1962 H·S
925 1937 1013 1961 xxx
1036 1923 1193 1962 emisse:
1226 1934 1270 1962 ut
1300 1924 1522 1968 scriberem,
1553 1925 1616 1962 cui
1639 1924 1779 1962 vellem
1801 1925 1869 1962 ad-

489 1991 567 2028 dici
586 2005 595 2028 :
628 1989 732 2027 diem
754 1989 927 2041 pecuniae
950 1988 1008 2026 ld.
1034 1989 1232 2026 Novemb.
1256 1989 1342 2027 esse.
1381 1988 1571 2042 Rescripsi
1593 1990 1627 2027 ci
1649 1989 1869 2028 stomacho-

489 2056 578 2100 sius,
609 2068 702 2093 cum
717 2055 810 2107 joco
831 2063 960 2092 tamen
982 2052 1181 2091 familiari.
1216 2054 1353 2099 Nunc,
1385 2054 1572 2106 quoniam
1592 2055 1672 2106 agit
1694 2055 1868 2093 liberali-

490 2131 560 2165 ter,
593 2119 693 2158 nihil
715 2119 852 2157 accuso
872 2118 1092 2163 hominem,
1125 2118 1332 2171 scripsique
1362 2119 1408 2156 ad
1437 2133 1542 2164 eum,
1576 2134 1638 2158 me
1669 2133 1690 2158 a
1720 2130 1756 2158 te
1782 2134 1867 2158 cer-

490 2188 629 2225 tiorem
650 2186 721 2224 effe
742 2184 903 2223 fastum.
949 2187 1016 2223 Tu
1037 2185 1084 2223 de
1106 2194 1173 2222 tuo
1196 2185 1331 2222 itinere
1353 2185 1448 2237 quid
1469 2195 1507 2223 et
1528 2186 1684 2237 quando
1703 2186 1869 2239 cogites,

490 2253 608 2290 velim
629 2265 690 2290 me
711 2251 919 2290 certiorem
938 2249 1069 2289 facias.
1103 2251 1154 2289 A.
1177 2250 1215 2289 d.
1243 2264 1312 2289 xv.
1339 2250 1426 2288 kal.
1453 2250 1567 2289 Maii.
