2243 3008
563 274 671 314 AD
729 269 1160 312 ATTICUM
1228 271 1371 310 LIB.
1422 273 1477 310 11.
1664 275 1714 328 63

327 390 392 417 me
411 375 563 415 summa
578 372 812 412 habiturum
832 370 1017 410 omnium
1036 369 1237 409 ordinum.
1278 373 1340 409 Te
1360 385 1454 410 cum
1473 385 1546 425 ego
1566 373 1714 412 defide-

328 456 386 488 ro,
418 451 506 480 tum
532 453 624 478 vero
653 452 711 477 res
739 437 788 476 ad
817 446 974 490 tempus
1003 436 1106 475 illud
1132 446 1272 475 vocat:
1304 437 1526 490 plurimum
1547 440 1714 485 consilii,

326 507 464 552 animi,
495 503 659 558 praefidii
678 503 863 556 denique,
894 501 1012 546 mihi,
1043 501 1069 540 fi
1100 511 1139 540 te
1158 501 1206 540 ad
1232 511 1386 555 tempus
1407 503 1555 550 videro,
1586 506 1714 543 acces-

326 571 431 610 serit.
477 571 602 608 Varro
635 567 738 607 mihi
772 567 959 606 satisfacit
977 582 986 605 :
1034 567 1247 619 Pompeius
1282 568 1460 620 loquitur
1494 569 1683 608 divinitus
1703 585 1713 609 :

325 636 437 689 spero
456 648 527 674 nos
547 643 614 673 aut
635 643 740 672 certe
759 647 852 672 cum
873 632 1026 671 summa
1044 631 1183 684 gloria,
1199 641 1266 671 aut
1287 633 1365 672 fine
1384 634 1561 673 molestia
1579 635 1713 680 etiam,

326 701 566 741 discessuros.
613 701 695 745 Tu,
726 699 824 752 quid
850 712 953 752 agas,
985 698 1322 750 quemadmodum
1343 709 1382 739 te
1401 701 1587 747 obleffies,
1618 702 1717 755 quid

325 780 420 808 cum
440 766 633 819 Sicyoniis
653 765 793 818 egeris,
825 773 869 803 ut
887 763 1005 802 sciam
1026 776 1132 803 cura.

663 965 909 1003 C1cER0
950 963 1207 1002 AT’rrco
1248 964 1380 1003 SAL.

324 1094 463 1133 XXII.
488 1092 563 1180 Q
579 1092 732 1130 UAM
761 1091 904 1129 vellem
936 1091 1103 1129 Romae!
1136 1091 1326 1130 manfiffes
1354 1090 1546 1144 profedffi,
1577 1090 1604 1129 fi
1630 1090 1714 1131 haec

583 1156 667 1195 fore
686 1155 938 1209 putaffemus.
985 1156 1093 1194 Nam
1122 1155 1377 1194 Pulchellum
1399 1155 1575 1194 nostrum
1597 1155 1714 1195 facil-

323 1224 421 1263 lime
441 1232 661 1262 teneremus
676 1240 690 1267 ;
721 1230 788 1259 aut
808 1230 927 1265 certe,
949 1220 1047 1273 quid
1066 1220 1158 1258 effet
1177 1219 1366 1266 faCturus,
1388 1221 1482 1258 scire
1503 1221 1713 1273 possemus,

325 1290 449 1330 Nunc
470 1288 506 1327 se
526 1301 585 1326 res
606 1288 657 1326 fic
677 1285 796 1325 habet
814 1301 824 1325 z
856 1286 1010 1330 volitat,
1040 1284 1154 1331 furit,
1181 1285 1283 1324 nihil
1304 1285 1422 1324 habet
1442 1286 1553 1331 certi,
1576 1287 1715 1326 multis

323 1354 553 1394 denuntiat:
576 1352 684 1406 quod
703 1351 784 1391 fors
804 1352 1010 1397 obtulerit,
1026 1351 1068 1390 id
1087 1353 1241 1390 asturus
1262 1352 1430 1391 videtur.
1464 1353 1570 1390 Cum
1591 1353 1714 1400 videt,

322 1434 404 1475 quo
424 1420 470 1459 fit
489 1420 532 1458 in
551 1418 644 1457 odio
663 1418 782 1458 status
802 1417 869 1456 hic
890 1431 1037 1462 rerum,
1067 1417 1109 1456 in
1129 1431 1209 1463 eos,
1239 1418 1308 1470 qui
1328 1417 1412 1456 haec
1432 1427 1611 1470 egerunt,
1634 1418 1714 1456 im-

322 1495 462 1539 petum
481 1484 654 1524 facturus
674 1483 852 1522 videtur:
875 1496 969 1522 cum
988 1492 1119 1521 autem
1138 1483 1268 1521 rursus
1289 1496 1381 1537 opes
1402 1492 1441 1521 et
1461 1484 1543 1520 vim
1562 1484 1715 1522 exerci-

324 1561 387 1590 tus
408 1551 646 1596 recordatur,
663 1550 858 1589 convertit
877 1549 915 1588 se
935 1549 976 1588 in
997 1562 1068 1588 nos
1084 1564 1093 1588 :
1117 1550 1232 1588 nobis
1248 1559 1382 1588 autem
1400 1549 1489 1602 ipsis
1505 1563 1598 1588 cum
1615 1550 1713 1595 vim,

322 1627 411 1656 tum
425 1617 642 1669 judicium,
659 1617 846 1655 minatur.
879 1616 987 1654 Cum
1005 1615 1083 1654 hoc
1105 1616 1317 1668 Pompeius
1337 1616 1435 1668 egit,
1452 1625 1505 1661 et,
1523 1626 1567 1654 ut
1586 1616 1634 1654 ad
1649 1630 1715 1655 me

324 1683 405 1735 ipse
423 1682 629 1726 referebat,
665 1681 807 1733 (alium
825 1681 933 1719 enim
953 1680 1080 1721 habeo
1098 1682 1300 1720 neminem
1322 1681 1475 1732 testem)
1499 1680 1713 1720 vehemen-

324 1759 384 1787 ter
403 1749 499 1800 egit,
530 1761 623 1785 cum
644 1746 806 1792 diceret,
836 1747 879 1784 in
898 1746 1051 1785 summa
1070 1746 1106 1784 se
1126 1746 1297 1799 perfidiae
1318 1755 1356 1784 et
1376 1746 1529 1785 sceleris
1549 1747 1715 1786 infamia

323 1813 422 1859 fore,
453 1814 480 1852 fi
510 1812 613 1851 mihi
642 1812 865 1865 periculum
894 1821 1087 1850 crearetur
1113 1812 1161 1849 ab
1190 1826 1250 1857 eo,
1282 1825 1401 1864 quem
1422 1812 1501 1864 ipse
1521 1813 1712 1860 armasset,

323 1893 417 1918 cum
448 1879 648 1931 plebeium
678 1877 762 1916 fieri
791 1876 918 1930 paffus
951 1876 1041 1915 efl‘et
1059 1892 1068 1915 :
1101 1877 1165 1914 sed
1198 1877 1318 1916 fidem
1352 1878 1534 1930 recepifi'e
1567 1878 1639 1916 fibi
1672 1889 1712 1917 et

323 1945 453 1999 ipsum
473 1954 512 1983 et
532 1944 714 1997 Appium
743 1943 790 1981 de
819 1956 910 1982 me:
943 1942 1045 1981 hanc
1072 1943 1099 1981 fi
1129 1943 1197 1980 ille
1224 1957 1303 1981 non
1325 1941 1503 1988 servaret,
1532 1945 1586 1981 ita
1607 1944 1711 1983 latu-

324 2024 428 2056 rum,
460 2019 503 2048 ut
523 2022 659 2047 omnes
679 2009 962 2060 intelligerent,
990 2007 1094 2046 nihil
1115 2008 1186 2046 fibi
1205 2009 1405 2060 antiquius
1426 2008 1600 2047 amicitia
1619 2009 1710 2048 nos-

323 2086 383 2115 tra
402 2075 528 2114 suiffe.
561 2076 676 2120 Haec,
701 2084 740 2113 et
760 2074 801 2112 in
822 2088 907 2112 eam
926 2073 1160 2112 sententiam
1181 2087 1274 2113 cum
1294 2075 1422 2112 multa
1440 2074 1608 2120 dixisset,
1629 2076 1709 2113 aie-

323 2142 389 2179 bat
410 2141 527 2179 illum
546 2141 676 2193 primo
697 2140 783 2178 sane
804 2139 871 2177 diu
901 2139 1028 2177 multa
1056 2149 1218 2185 contra3
1251 2139 1297 2177 ad
1326 2149 1549 2177 extremum
1578 2150 1710 2179 autem

323 2220 459 2245 manus
492 2205 648 2251 dedisse,
679 2214 718 2243 et
750 2204 950 2242 affirmaffe
982 2203 1083 2242 nihil
1116 2204 1152 2242 se
1183 2214 1319 2242 contra
1349 2205 1432 2256 ejus
1465 2205 1711 2244 voluntatem

325 2271 395 2309 effe
415 2271 624 2310 faCturum.
672 2270 745 2308 Sed
771 2269 901 2323 postea
926 2279 1056 2308 tamen
1084 2269 1153 2308 ille
1179 2283 1258 2307 non
1279 2269 1426 2307 destitit
1446 2269 1492 2306 de
1514 2270 1627 2307 nobis
1649 2270 1709 2308 as-

326 2336 492 2388 perrime
523 2336 661 2389 loqui:
694 2335 802 2388 quod
829 2335 854 2373 fi
876 2348 955 2373 non
975 2333 1135 2380 faceret,
1167 2344 1295 2372 tamen
1329 2335 1365 2372 ei
1396 2334 1498 2372 nihil
1531 2335 1708 2373 credere-

326 2414 442 2446 mus3
474 2410 589 2453 atque
609 2402 755 2447 omnia,
785 2401 884 2440 ficut
904 2399 1088 2446 facimus,
1119 2413 1354 2453 pararemus.
1402 2401 1524 2439 Nunc
1555 2401 1608 2438 ita
1636 2413 1707 2438 nos

325 2466 512 2518 gerimus,
544 2475 587 2504 ut
613 2467 654 2504 in
675 2466 756 2505 dies
775 2467 949 2518 fingulos
968 2475 1008 2505 et
1027 2465 1152 2504 studia
1170 2467 1212 2504 in
1233 2480 1304 2505 nos
1323 2465 1535 2505 hominum
1556 2475 1594 2504 et
1614 2479 1706 2518 opes

323 2530 459 2570 nostrae
488 2540 714 2582 augeamur.
760 2531 1068 2584 Rempublicam
1096 2531 1206 2570 nulla
1230 2545 1279 2570 ex
1309 2541 1416 2584 parte
1442 2531 1674 2582 attingimus
1693 2545 1706 2568 2
