2243 3008
539 244 615 298 382
886 243 1570 285 EPISTOLARUM

534 342 684 381 iturum
705 341 746 380 in
769 340 961 386 Parthos3
993 342 1099 380 idem
1131 355 1203 394 ego
1233 341 1439 381 suadebam
1468 343 1509 381 in
1539 343 1606 381 illa
1626 342 1812 396 epistola:
1845 343 1915 389 fin,

534 418 669 446 utrum
691 408 844 452 liberet,
876 406 999 445 facere
1020 408 1137 459 posse,
1163 409 1316 445 auctore
1336 421 1413 445 me.
1446 408 1537 446 Hoc
1558 409 1664 446 enim
1686 409 1753 447 ille
1773 423 1916 461 expec-

533 483 590 512 tat
616 474 813 518 videlicet,
845 487 971 525 neque
991 472 1044 510 est
1063 471 1234 510 facturus
1255 473 1488 525 quidquam,
1519 474 1588 513 nifi
1611 474 1657 512 de
1679 489 1766 513 meo
1787 475 1914 513 confi-

533 539 604 578 lio.
635 539 810 577 Obsecro
830 538 1059 590 abjiciamus
1081 537 1162 581 ista,
1179 546 1217 574 et
1238 537 1474 576 semi-liberi
1494 539 1628 576 saltem
1649 539 1787 586 fimus;
1811 540 1918 593 quod

533 604 776 656 assequemur
795 612 834 641 et
855 602 1032 646 tacend0,
1053 610 1093 639 et
1112 601 1283 640 latendo.
1316 601 1389 639 Sed
1407 611 1447 639 et
1467 603 1673 654 aggredere
1693 604 1916 649 Othonem,

535 678 580 707 ut
604 669 768 707 scribis:
799 667 964 712 confice,
995 667 1053 704 mi
1082 667 1231 711 Attice,
1262 666 1372 705 istam
1403 680 1512 705 rem:
1546 666 1647 705 nihil
1677 669 1783 706 enim
1812 668 1919 706 aliud

535 735 699 787 reperio,
730 732 800 771 ubi
828 742 867 770 et
896 732 937 770 in
957 730 1044 770 foro
1065 745 1142 770 non
1165 731 1250 777 fim,
1279 742 1318 770 et
1340 742 1471 771 tecum
1492 731 1563 770 effe
1584 731 1749 784 poffim:
1781 735 1920 786 quanti

534 809 680 843 autem,
711 796 788 835 hoc
809 795 910 834 mihi
931 797 1039 834 venit
1059 797 1099 834 in
1121 805 1310 835 mentem.
1353 798 1401 835 C.
1425 797 1620 835 Albanius
1641 797 1846 850 proximus
1865 798 1919 837 est

534 865 716 912 vicinus;
749 863 781 900 is
804 863 878 902 clo
895 863 1082 914 jugerum
1103 863 1151 900 de
1179 863 1244 901 M.
1269 863 1372 901 Pilio
1400 863 1512 908 emit,
1544 871 1588 901 ut
1617 876 1702 901 mea
1731 863 1920 902 memoria

532 930 601 975 est,
633 929 726 968 H-S
749 941 850 966 cxv.
893 928 1042 966 Omnia
1070 928 1220 966 scilicet
1240 942 1346 967 nunc
1367 929 1531 967 minoris
1550 943 1560 967 :
1592 928 1656 967 sed
1675 929 1826 968 accedit
1845 943 1919 968 cu-

533 995 676 1048 piditas
692 1013 705 1040 ;
738 994 778 1031 in
798 1007 889 1045 qua,
919 1003 1056 1046 praeter
1078 993 1298 1040 Othonem,
1321 1007 1399 1032 non
1419 1005 1518 1047 puto
1538 1007 1608 1033 nos
1630 995 1759 1034 ullum
1781 995 1917 1034 adver-

533 1062 675 1102 sarium
695 1059 914 1098 habituros.
961 1059 1034 1098 Sed
1053 1073 1144 1098 eum
1166 1060 1294 1112 ipsum
1315 1070 1358 1098 tu
1378 1061 1524 1113 poteris
1546 1074 1728 1106 movere;
1760 1059 1917 1099 facilius

532 1128 666 1171 etiam,
697 1125 724 1164 fi
747 1126 902 1164 Canum
923 1124 1098 1164 haberes.
1141 1126 1178 1164 O
1199 1125 1334 1179 gulam
1355 1126 1566 1165 insulsam!
1599 1126 1728 1166 Pudet
1754 1139 1818 1165 me
1847 1139 1918 1178 pa-

534 1193 618 1242 tris.
651 1191 872 1238 Rescribes‚
902 1191 929 1230 fi
949 1191 1045 1244 quid
1065 1191 1186 1231 voles.

873 1393 1115 1432 C1cano
1154 1392 1410 1430 A'rrxco
1450 1392 1583 1431 SAL.

532 1521 711 1567 XXXII.
737 1519 1116 1593 ALTERAM
1143 1533 1165 1558 a
1194 1528 1234 1558 te
1255 1519 1458 1572 epistolam
1487 1531 1582 1557 cum
1607 1517 1726 1557 hodie
1746 1521 1918 1574 accepis.

847 1587 941 1631 sem,
965 1586 1075 1624 nolui
1096 1595 1134 1625 te
1154 1599 1231 1624 una
1250 1599 1336 1623 mea
1355 1594 1603 1623 contentum.
1637 1586 1703 1623 Tu
1724 1599 1815 1625 vero
1834 1601 1919 1640 age,

528 1652 639 1706 quod
660 1652 810 1697 scribis,
842 1651 889 1690 de
911 1651 1105 1697 Faberio;
1136 1651 1178 1690 in
1209 1665 1256 1689 eo
1284 1651 1392 1690 enim
1423 1660 1552 1689 totum
1582 1650 1636 1689 est
1664 1651 1833 1703 pofitum
1862 1653 1918 1698 id,

531 1718 639 1770 quod
658 1718 907 1770 cogitamus:
940 1730 1026 1769 quae
1056 1717 1245 1769 cogitatio
1275 1716 1300 1754 fi
1324 1730 1400 1754 non
1423 1716 1630 1761 incidiffet,
1665 1715 1783 1768 (mihi
1806 1718 1918 1756 crede

531 1783 646 1828 istuc,
678 1792 722 1820 ut
742 1781 894 1832 caetera)
919 1795 996 1819 non
1019 1781 1248 1820 laborarem.
1290 1781 1576 1833 Qamobrem,
1609 1790 1652 1819 ut
1682 1779 1776 1818 facis
1801 1781 1917 1833 (istuc

532 1848 640 1886 enim
673 1847 762 1885 addi
797 1847 897 1885 nihil
933 1845 1075 1898 potest)
1110 1860 1218 1898 urge,
1250 1846 1360 1891 insta,
1393 1846 1548 1898 perfice.
1595 1845 1816 1883 Dicaearchi
1850 1844 1918 1894 τερὶ

532 1905 651 1961 ψνχῆς
671 1912 854 1964 utrosque
874 1911 994 1949 velim
1015 1911 1163 1956 mittas,
1189 1920 1227 1948 et
1246 1907 1481 1948 καταζοίσ-εως.
1512 1908 1733 1959 Τριτολιτικὶν
1754 1924 1829 1948 non
1853 1911 1917 1949 in-

531 1979 661 2023 venio,
691 1987 730 2016 et
758 1977 960 2030 epistolam
989 1977 1087 2028 ejus,
1118 1989 1238 2028 quam
1267 1976 1313 2014 ad
1343 1975 1622 2016 Aristoxenum
1653 1976 1770 2014 milit.
1815 1977 1916 2015 Tres

532 2058 598 2088 eos
619 2045 741 2083 libros
762 2044 932 2082 maxime
954 2055 1058 2085 nunc
1080 2042 1250 2081 vellem:
1282 2042 1362 2094 apti
1383 2042 1501 2080 essent
1521 2042 1567 2079 ad
1589 2041 1645 2086 id,
1674 2042 1779 2093 quod
1805 2043 1917 2095 cogi-

534 2119 589 2149 to.
632 2111 860 2161 Torquatus
893 2109 1033 2148 Romae
1061 2107 1141 2146 est:
1169 2107 1260 2160 jussi
1282 2117 1326 2146 ut
1356 2107 1429 2146 tibi
1451 2107 1633 2145 daretur:
1666 2108 1856 2146 Catulum
1876 2117 1918 2147 et

534 2174 769 2221 Lucullum,
787 2182 831 2213 ut
850 2174 1005 2226 opinor,
1023 2182 1146 2211 antea.
1178 2172 1255 2211 His
1277 2172 1386 2210 libris
1410 2185 1507 2210 nova
1529 2172 1719 2223 prooemia
1738 2171 1827 2210 sunt
1847 2172 1918 2211 ad-

532 2241 627 2285 dita,
658 2240 803 2293 quibus
825 2252 960 2277 eorum
984 2248 1146 2291 uterque
1168 2238 1373 2281 laudatum
1405 2251 1464 2275 eas
1487 2237 1615 2275 literas
1636 2236 1726 2274 volo
1747 2236 1884 2275 habens
1903 2256 1914 2282 ς

531 2315 571 2347 ct
598 2305 687 2344 sunt
706 2305 882 2357 quaedam
903 2305 990 2343 alia.
1037 2305 1104 2349 Et,
1136 2303 1243 2357 quod
1263 2303 1308 2342 ad
1332 2313 1367 2342 te
1388 2303 1435 2341 de
1455 2302 1589 2341 decem
1611 2301 1747 2354 legatis
1772 2302 1915 2355 scripfi,

533 2385 670 2425 parum
701 2370 926 2415 intellexti5
958 2369 1089 2414 credo,
1119 2371 1212 2422 quia
1240 2362 1295 2404 διὸ
1326 2364 1459 2415 meis-m
1488 2367 1725 2419 scripseram.
1773 2368 1834 2406 De
1864 2370 1915 2407 C.

534 2437 737 2477 Tuditano
757 2437 863 2475 enim
884 2435 1118 2487 quaerebam,
1150 2447 1269 2486 quem
1299 2447 1345 2471 ex
1367 2433 1580 2472 Hortensio
1600 2433 1795 2473 audieram
1815 2431 1918 2472 fuis-

535 2504 570 2542 sc
603 2504 643 2542 in
679 2502 842 2542 decem:
874 2515 966 2540 cum
1000 2500 1112 2540 video
1146 2501 1186 2538 in
1223 2500 1389 2539 Libonis
1427 2500 1635 2539 Praetorcm
1670 2499 1712 2538 P.
1744 2498 1915 2551 Popilio,
