2243 3008
429 240 482 292 7⁶
784 236 1469 279 EPISTOLARUM

434 340 582 378 malum
603 338 670 384 est,
689 338 794 391 quod
816 338 856 376 in
877 351 962 376 mea
981 337 1200 376 calamitate
1221 349 1300 374 non
1321 336 1393 375 fit?
1415 337 1549 389 ecquis
1570 349 1746 389 unquam
1765 349 1814 376 ex

434 413 515 442 tam
535 403 667 456 amplo
683 403 794 448 statu,
813 412 893 441 tam
914 403 954 440 in
977 402 1077 440 bona
1093 401 1217 446 causa,
1235 402 1352 439 tantis
1373 400 1627 441 facultatibus
1647 402 1814 454 ingenii,

433 469 601 514 consilii,
631 469 778 521 gratiae,
811 468 927 506 tantis
957 467 1140 520 praefidiis
1162 467 1357 505 bonorum
1378 468 1575 513 omniurn,
1605 467 1813 507 concidit?

435 535 591 573 Polsum
613 533 792 572 oblivisci
812 534 881 585 qui
902 531 1045 571 fuerim
1063 533 1075 570 ?
1100 545 1177 570 non
1199 531 1339 570 sentire
1355 533 1425 585 qui
1445 533 1514 572 fim
1531 534 1543 570 ?
1566 546 1646 586 quo
1666 545 1817 572 caream

434 598 616 638 honore?
648 611 724 651 qua
752 597 907 649 gloria?
939 597 1084 649 quibus
1119 596 1286 634 liberis?
1322 597 1467 649 quibus
1497 596 1700 636 fortunis?
1737 610 1820 648 quo

436 662 552 701 fratre
571 664 584 700 ?
615 675 734 715 quem
753 675 827 714 ego
849 663 912 713 (ut
931 675 1080 700 novum
1100 661 1332 699 calamitatis
1356 675 1480 714 genus
1509 661 1701 712 attendas)
1725 674 1820 700 cum

436 727 561 780 pluris
582 726 749 765 facerem
769 739 887 778 quam
909 739 973 764 me
993 725 1137 778 ipsum,
1168 725 1396 777 semperque
1415 725 1603 771 fecissem,
1629 726 1750 764 vitavi
1769 739 1820 764 ne

436 792 628 836 viderem3
653 805 700 830 ne
715 801 782 830 aut
800 791 909 830 illius
930 791 1081 829 luCtum
1102 790 1400 843 squaloremque
1415 790 1640 844 aspicerem,
1657 800 1723 829 aut
1739 803 1819 835 me,

436 871 557 910 quem
577 857 644 895 ille
665 856 979 894 florentiffimum
998 855 1222 907 reliquerat,
1250 855 1449 907 perditum
1470 855 1531 893 illi
1551 854 1823 908 afflictumque

437 921 632 960 offerrem.
678 921 806 960 Mitto
832 930 967 959 caetera
997 920 1260 958 intolerabilia
1275 939 1288 964 ς
1319 921 1468 958 etenim
1494 920 1588 959 fletu
1607 921 1820 973 impedior.

438 986 520 1025 Hic
555 995 688 1024 utrum
724 985 882 1025 tandem
913 985 999 1024 sum
1033 984 1284 1029 accusanduS,
1315 984 1423 1037 quod
1456 985 1599 1030 doleo;
1630 999 1679 1024 an
1712 985 1823 1038 quod

438 1051 632 1095 commisi,
663 1059 708 1088 ut
726 1049 810 1088 haec
830 1059 896 1088 aut
916 1063 995 1088 non
1017 1049 1240 1094 retinerem,
1275 1049 1401 1102 (quod
1429 1048 1545 1089 facile
1573 1049 1720 1096 fuiffet,
1750 1050 1823 1091 nifi

437 1115 539 1153 intra
572 1115 735 1168 parietes
769 1127 877 1153 meos
911 1114 959 1152 de
990 1127 1078 1153 mea
1110 1114 1285 1166 pernicie
1317 1114 1478 1154 consilia
1510 1114 1722 1166 inirentur)
1755 1124 1824 1155 aut

438 1190 543 1218 certe
574 1180 686 1218 vivus
721 1193 827 1218 nunc
858 1179 1111 1218 amitterem?
1152 1179 1252 1218 Haec
1282 1192 1329 1218 eo
1357 1179 1489 1232 scripsi
1519 1188 1564 1218 ut
1592 1181 1724 1233 potius
1758 1193 1821 1220 re-

438 1245 582 1283 levares
604 1257 682 1290 me,
707 1243 815 1296 quod
834 1243 947 1290 facis,
968 1257 1088 1297 quam
1107 1252 1174 1282 aut
1194 1243 1459 1296 castigatione,
1489 1253 1556 1283 aut
1575 1244 1823 1297 objurgatio·

438 1323 502 1355 ne,
533 1309 700 1361 dignum
719 1319 873 1361 putares
889 1328 902 1355 ;
933 1323 1057 1362 eoque
1086 1308 1133 1346 ad
1162 1317 1201 1347 te
1229 1309 1362 1348 minus
1391 1309 1518 1348 multa
1543 1309 1686 1355 scribo,
1716 1310 1824 1363 quod

439 1384 479 1413 et
507 1388 674 1413 moerore
702 1374 914 1427 impedior,
942 1384 981 1414 et
1014 1374 1112 1428 quid
1144 1375 1347 1427 expectem
1381 1374 1494 1413 istinc
1523 1375 1647 1427 magis
1681 1375 1825 1422 habeo,

440 1454 562 1493 quam
581 1439 680 1493 quid
699 1439 779 1492 ipse
798 1439 965 1482 scribam
982 1455 991 1480 :
1024 1453 1110 1493 quae
1131 1439 1157 1478 fi
1178 1449 1293 1479 erunt
1313 1440 1442 1485 allata,
1471 1439 1614 1481 faciam
1636 1450 1674 1480 te
1693 1441 1823 1481 confi-

439 1505 486 1544 lii
507 1505 625 1544 nostri
645 1505 866 1545 certiorem.
912 1507 994 1551 Tu,
1025 1514 1070 1545 ut
1098 1504 1226 1545 adhuc
1255 1504 1395 1550 fecisti,
1427 1519 1547 1558 quam
1573 1506 1756 1559 plurimis
1777 1506 1827 1546 de

441 1571 555 1609 rebus
576 1570 623 1608 ad
643 1584 706 1608 me
725 1570 845 1608 velim
866 1571 1023 1615 scribas,
1055 1579 1099 1608 ut
1128 1570 1282 1622 prorsus
1303 1585 1351 1609 ne
1372 1571 1468 1624 quid
1489 1571 1682 1623 ignorem.
1727 1573 1823 1612 Dat.

442 1649 518 1675 xiv
543 1636 631 1675 Kal.
664 1636 807 1687 Qint.
840 1635 1138 1675 Theffalonicae.

779 1839 1022 1876 Cretno
1063 1838 1318 1876 Αττιεο
1358 1836 1489 1876 SAL.

444 1964 519 2003 Xl.
546 1963 632 2035 M
652 1965 685 2002 E
714 1973 753 2002 et
775 1973 850 2002 tuae
870 1963 1004 2008 literae,
1028 1972 1066 2003 et
1087 1964 1248 2016 quidam
1270 1963 1363 2003 boni
1386 1963 1531 2009 nuntii,
1564 1977 1641 2003 non
1662 1966 1827 2017 optimis

667 2038 795 2069 tamen
816 2029 1054 2075 auctoribus,
1085 2039 1123 2068 et
1142 2029 1360 2082 expectatio
1380 2029 1587 2069 vestrarum
1609 2030 1827 2076 literarum,

406 2145 414 2151 ·
444 2104 483 2134 et
509 2094 615 2147 quod
646 2094 721 2133 tibi
750 2095 805 2133 ita
832 2095 1042 2147 placuerat,
1072 2094 1199 2135 adhuc
1230 2093 1512 2135 Thelsalonicae
1543 2095 1741 2136 tenebant.
1787 2098 1830 2136 Si

446 2173 630 2211 accepero
650 2160 794 2205 literas,
825 2173 920 2212 quas
940 2162 1116 2213 expecto,
1148 2160 1173 2200 fi
1204 2160 1286 2212 spes
1315 2161 1389 2199 erit
1418 2174 1460 2199 ca
1488 2174 1575 2213 quae
1602 2162 1829 2201 rumoribus

446 2225 690 2269 afferebatur,
721 2225 767 2263 ad
789 2235 825 2264 te
846 2239 909 2264 me
928 2225 1127 2266 conseram
1147 2246 1156 2270 ι
1189 2226 1215 2267 si
1237 2239 1314 2265 non
1335 2226 1423 2271 erit,
1455 2225 1594 2265 faciam
1625 2237 1662 2266 te
1682 2227 1826 2266 certio-

448 2305 546 2336 rem,
576 2291 671 2343 quid
692 2292 855 2343 egerim.
901 2293 967 2332 Tu
998 2306 1075 2337 me,
1108 2301 1151 2332 nt
1180 2291 1292 2337 sacis,
1322 2305 1452 2344 opera,
1483 2293 1659 2336 consilio,
1690 2293 1829 2344 gratia,

443 2359 562 2409 juva:
594 2356 784 2396 consolari
808 2359 892 2409 jam
921 2357 1074 2397 desine:
1107 2358 1312 2411 objurgare
1342 2373 1431 2398 vcro
1460 2359 1569 2397 noli:
1602 2358 1709 2411 quod
1735 2372 1831 2399 cum

451 2422 559 2466 facis,
592 2432 634 2459 ut
665 2436 738 2474 ego
768 2432 880 2462 tuum
911 2437 1084 2463 amorem
1111 2434 1149 2462 et
1183 2424 1359 2464 dolorem
1393 2424 1589 2463 desidero!
1623 2437 1742 2476 quem
1775 2424 1831 2463 ita

450 2487 630 2528 affectum
666 2501 751 2526 mea
784 2502 955 2528 :erumna
987 2489 1060 2528 esse
1093 2489 1272 2535 arbitror,
1318 2500 1362 2529 ut
1401 2500 1437 2530 te
1474 2490 1604 2542 ipsum
1638 2488 1831 2529 consolari
