2243 3008
492 251 599 290 AD
660 248 1091 288 ATTICUM
1160 251 1300 291 LIB.
1351 253 1465 292 XIV.
1594 267 1673 306 409

548 485 790 523 Cxcssko
836 484 1140 522 ANToNxo
1187 484 1317 523 Cos.
1364 485 1402 523 S.

284 612 360 701 Q
377 613 415 650 U
431 613 467 651 O
483 613 521 651 D
554 625 712 652 mecum
742 627 810 667 per
836 613 966 651 literas
997 611 1094 664 agis,
1127 625 1244 650 unam
1266 612 1317 650 ob
1337 612 1490 651 causam
1511 614 1669 652 mallem

389 691 521 716 coram
541 679 656 730 egiffe
675 694 683 718 :
717 692 796 717 non
817 679 925 715 enim
946 677 1073 715 solum
1093 690 1142 715 ex
1161 677 1350 722 oratione,
1383 677 1445 715 sed
1475 679 1593 716 etiam
1623 692 1671 717 ex

223 746 227 747 ⁷
282 744 411 788 vultu,
443 753 481 781 et
510 744 653 789 oculis,
683 753 723 782 et
749 743 879 782 fronte
912 745 975 795 (ut
1005 742 1133 793 aiunt)
1166 756 1301 780 meum
1330 757 1419 795 erga
1440 753 1477 781 te
1497 757 1670 783 amorem

281 808 497 861 perspicere
518 809 717 861 potuisses.
760 809 869 847 Nam
889 821 982 846 cum
1004 817 1041 845 te
1063 807 1212 860 semper
1231 809 1372 854 amavi,
1403 810 1580 861 primum
1601 819 1671 848 tuo

281 875 423 919 studio,
455 875 539 926 post
559 876 677 913 etiam
700 874 907 920 beneficio,
940 883 1200 927 provocatu83
1234 883 1320 912 tum
1341 873 1402 913 his
1426 876 1669 928 temporibus

281 940 521 993 Respublica
541 949 579 978 te
607 941 708 979 mihi
729 941 782 978 ita
802 940 1108 984 commendavit,
1141 949 1184 978 ut
1205 940 1393 978 cariorem
1414 940 1576 979 habeam
1599 955 1670 979 ne-

281 1005 446 1043 minem.
482 1005 623 1044 Literae
644 1020 733 1044 vero
755 1015 844 1050 tuae,
876 1019 968 1043 cum
990 1004 1261 1050 amantiffime,
1294 1015 1379 1043 tum
1400 1004 1668 1045 honorificen-

282 1069 439 1114 tiffime,
471 1069 622 1122 scriptae
643 1071 693 1108 fic
715 1084 778 1109 me
798 1070 1027 1115 affecerunt,
1059 1080 1104 1108 ut
1129 1084 1207 1108 non
1228 1071 1315 1108 dare
1337 1071 1410 1108 tibi
1434 1071 1670 1109 beneficium

280 1135 444 1179 viderer,
478 1135 540 1172 sed
567 1137 741 1188 accipere
773 1149 793 1173 a
827 1145 878 1180 te,
910 1136 964 1173 ita
996 1144 1167 1187 petente,
1200 1144 1243 1173 ut
1275 1136 1486 1174 inimicum
1518 1150 1668 1182 meum,

281 1200 533 1238 necessarium
556 1210 685 1246 tuum,
717 1215 780 1239 me
801 1202 927 1239 invito
948 1201 1091 1238 servare
1113 1201 1252 1246 nolles,
1284 1214 1378 1239 cum
1405 1201 1444 1239 id
1466 1203 1577 1241 nullo
1597 1217 1668 1241 ne·-

279 1266 390 1319 gotio
410 1264 536 1304 facere
558 1266 693 1319 poffes,
738 1269 826 1319 Ego
846 1281 935 1305 vero
957 1267 1031 1305 tibi
1059 1266 1171 1311 istuc,
1203 1267 1259 1304 mi
1279 1267 1448 1312 Antoni,
1480 1269 1667 1314 remitto;

280 1341 399 1384 atque
419 1332 487 1376 ita,
520 1341 563 1369 ut
583 1346 646 1369 me
667 1346 688 1369 a
709 1342 759 1377 te,
791 1346 885 1370 cum
914 1331 976 1370 his
1007 1332 1134 1369 verbis
1166 1332 1375 1384 scripseris,
1407 1332 1670 1371 liberalissime

279 1406 397 1449 atque
417 1395 807 1435 honorificentissime
829 1398 1036 1435 traCtatum
1057 1396 1275 1434 existimem
1295 1411 1304 1434 z
1337 1396 1457 1450 idque
1485 1411 1577 1436 cum
1605 1406 1669 1436 to-

280 1470 383 1505 tum,
405 1475 568 1514 quoquo
589 1461 708 1500 modo
729 1462 765 1499 se
785 1475 843 1500 res
864 1461 1038 1506 haberet,
1063 1462 1137 1499 tibi
1158 1462 1330 1500 dandum
1349 1472 1558 1515 putarem;
1583 1473 1670 1502 tum

280 1526 331 1564 do
351 1527 470 1564 etiam
490 1526 729 1565 humanitati
749 1535 788 1564 et
809 1535 953 1564 naturae
975 1539 1069 1564 meae
1088 1541 1097 1564 :
1131 1525 1233 1564 nihil
1254 1527 1362 1564 enim
1382 1541 1559 1580 unquam
1589 1542 1671 1566 non

280 1591 400 1630 modo
429 1591 615 1629 acerbum
645 1592 685 1629 in
716 1605 780 1629 me
810 1591 902 1636 fuit,
934 1591 998 1629 sed
1027 1605 1076 1629 ne
1105 1591 1223 1644 paulo
1252 1591 1414 1644 quidem
1437 1593 1582 1631 tristius
1602 1603 1672 1634 aut

281 1656 462 1702 severius,
493 1670 612 1709 quam
635 1656 831 1695 neceffitas
863 1657 1110 1710 Reipublicae
1138 1655 1363 1710 postulavit.
1409 1658 1592 1703 Accedit,
1624 1667 1670 1697 ut

279 1735 328 1760 ne
349 1723 388 1760 in
410 1722 539 1774 ipsum
560 1722 723 1774 quidem
746 1722 936 1761 Clodium
957 1736 1091 1761 meum
1112 1723 1262 1775 insigne
1281 1722 1418 1761 odium
1450 1722 1569 1761 fuerit
1591 1737 1666 1761 un-

277 1799 425 1839 quam;
457 1787 686 1840 semperque
717 1788 772 1825 ita
794 1787 923 1833 statui,
956 1801 1034 1826 non
1055 1787 1127 1825 effe
1148 1787 1389 1826 insectandos
1410 1788 1668 1826 inimicorum

277 1852 441 1898 amicos,
473 1852 686 1904 praesertim
717 1851 967 1898 humiliores,
999 1865 1070 1890 nec
1105 1851 1167 1890 his
1197 1852 1380 1905 praefidiis
1411 1853 1666 1906 nosmetipsos

278 1917 350 1956 effe
370 1917 607 1971 spoliandos.
639 1918 746 1956 Nam
766 1918 814 1956 de
833 1931 956 1971 puero
976 1918 1121 1956 Clodio
1141 1927 1228 1959 tuas.
1245 1927 1372 1971 partes
1392 1918 1464 1957 effe
1483 1918 1665 1965 arbitror,

278 1993 324 2022 ut
343 1985 426 2036 ejus
447 1984 626 2022 animum
647 1993 841 2029 tenerum,
874 1983 1210 2036 quemadmodum
1235 1983 1386 2030 scribis,
1417 1982 1479 2022 his
1507 1985 1666 2037 opinio-

278 2049 397 2087 nibus
418 2050 588 2094 imbuas,
620 2059 664 2087 ut
693 2063 742 2088 ne
769 2063 865 2103 quas
896 2049 1127 2088 inimicitias
1148 2049 1308 2088 residere
1328 2050 1370 2087 in
1390 2048 1553 2088 familiis
1574 2050 1666 2088 nos-

277 2115 348 2153 tris
369 2114 593 2154 arbitretur.
640 2115 841 2153 Contendi
870 2129 964 2153 curn
994 2115 1040 2155 P.
1065 2115 1224 2160 Clodio,
1255 2129 1347 2155 curn
1369 2129 1441 2167 ego
1461 2115 1665 2167 publicam

277 2180 445 2226 causam,
477 2180 545 2218 ille
566 2180 672 2218 suam
700 2179 925 2219 defenderet
943 2196 952 2219 :
985 2180 1129 2219 nostras
1150 2180 1459 2219 concertationes
1481 2180 1664 2233 Respub-

278 2245 355 2284 lica
373 2246 604 2298 dijudicavit
623 2261 631 2284 :
664 2247 690 2285 fi
712 2247 872 2292 viveret,
904 2245 1006 2285 mihi
1030 2259 1124 2285 cum
1144 2246 1216 2284 illo
1237 2245 1345 2283 nulla
1364 2246 1567 2284 contentio
1580 2247 1666 2299 jam

277 2320 466 2350 maneret.
498 2313 644 2363 Qare,
675 2313 864 2364 quoniam
884 2311 962 2351 hoc
982 2326 1003 2350 a
1023 2325 1085 2350 me
1107 2311 1157 2349 s1c
1178 2311 1294 2363 petiS‚
1317 2319 1376 2356 ut,
1397 2324 1483 2363 quae
1504 2320 1570 2349 tua
1589 2325 1664 2365 po-

277 2375 389 2414 testas
410 2375 478 2421 est,
508 2389 551 2414 ea
572 2390 686 2429 neges
708 2387 746 2416 te
766 2391 830 2416 me
849 2379 975 2416 invito
996 2377 1186 2423 usurum;
1218 2389 1340 2429 puero
1368 2390 1528 2430 quoque
1547 2376 1624 2415 hoc
1645 2391 1665 2415 a

276 2455 340 2481 me
361 2441 485 2487 dabis,
518 2441 543 2479 fi
566 2442 640 2480 tibi
661 2443 886 2483 videbitur:
919 2457 998 2482 non
1029 2457 1110 2497 quo
1138 2453 1205 2481 aut
1232 2452 1319 2481 aetas
1341 2443 1467 2482 nostra
1486 2444 1533 2481 ab
1554 2443 1662 2481 illius

277 2517 387 2547 aetate
416 2508 636 2561 quidquam
669 2508 806 2548 debeat
839 2510 1007 2563 periculi
1041 2509 1238 2563 suspicari,
1273 2519 1339 2546 aut
1373 2509 1542 2562 dignitas
1578 2522 1663 2547 mea

357 2575 490 2613 TOM.
522 2574 640 2614 VIII.
1238 2574 1270 2612 F
1300 2572 1322 2611 f
1344 2572 1369 2612 f
