2243 3008
504 228 580 282 238
854 222 1550 266 EPISTOLARUM

843 456 1086 494 Cxcnao
1127 454 1383 491 Ara-100
1424 453 1555 491 SAL.

504 589 558 626 V.
582 583 898 657 NATALI
929 582 992 620 die
1024 590 1093 619 tuo
1125 579 1303 632 scripsisti
1329 579 1533 631 epistolam
1563 579 1610 617 ad
1640 591 1703 619 me
1734 580 1894 632 plenam

700 649 868 694 consilii,
910 648 1152 698 summaeque
1184 658 1279 683 cum
1313 645 1609 690 benevolentia»,
1649 655 1736 684 turn
1773 649 1894 686 etiam

503 718 722 773 prudentiae
741 732 749 754 :
782 729 866 753 eam
888 713 990 752 mihi
1012 711 1256 750 Philotimus
1276 710 1460 764 postridie
1481 724 1600 764 quam
1621 724 1642 748 a
1665 721 1703 749 te
1731 724 1895 765 accepe-

504 794 576 829 rat,
609 781 791 821 reddidit.
839 780 939 816 Sunt
967 777 1036 815 ista
1055 776 1216 829 quidem
1238 790 1325 829 quae
1345 775 1518 829 disputas
1538 775 1792 822 difficillima,
1822 778 1898 816 iter

503 850 550 889 ad
573 850 771 900 superum,
802 844 999 896 navigatio
1019 842 1162 888 infero,
1184 841 1364 881 discessus
1387 836 1603 895 Arpinum,
1632 855 1680 880 ne
1699 841 1807 880 hunc
1828 841 1897 881 fu-

504 915 597 969 gill‘e
609 933 619 958 ;
644 911 791 951 mansio
812 910 999 954 Formiis,
1017 923 1066 947 ne
1086 908 1268 947 obtuliffe
1289 921 1359 946 nos
1380 907 1651 960 gratulationi,
1672 908 1895 948 videamur:

506 980 567 1019 sed
588 978 766 1018 miserius
788 975 905 1021 nihil,
937 989 1057 1028 quam
1077 989 1120 1012 ea
1138 973 1284 1019 videre,
1315 987 1403 1027 quae
1429 983 1559 1012 tamen
1575 975 1676 1025 jam,
1700 975 1801 1026 jam,
1831 975 1897 1013 in-

502 1059 639 1100 quam,
670 1042 837 1082 videnda
854 1051 984 1080 erunt.
1030 1042 1126 1079 Fuit
1146 1040 1250 1093 apud
1268 1054 1334 1078 me
1354 1040 1563 1078 Postumus
1582 1055 1592 1078 ;
1623 1040 1754 1093 scripfi
1784 1040 1831 1079 ad
1859 1051 1899 1079 te

503 1125 623 1165 quam
643 1110 785 1163 gravis.
829 1109 952 1146 Venit
977 1107 1025 1145 ad
1051 1120 1115 1145 me
1141 1107 1260 1146 etiam
1281 1106 1512 1158 QFufius,
1542 1119 1623 1159 quo
1643 1106 1783 1144 vultu!
1817 1121 1899 1160 quo

504 1178 643 1230 spiritu
661 1176 668 1214 !
697 1187 906 1228 properans
927 1173 1209 1217 Brundusium,
1231 1172 1354 1210 scelus
1375 1171 1557 1210 accusans
1581 1172 1774 1225 Pompeii,
1797 1172 1899 1210 levi·

504 1253 626 1282 tatem
647 1252 686 1280 et
707 1240 914 1279 stultitiam
936 1240 1114 1277 Senatus.
1160 1239 1258 1276 Haec
1281 1238 1351 1291 qui
1376 1238 1417 1275 in
1438 1251 1524 1276 mea
1543 1237 1637 1275 villa
1657 1251 1735 1276 non
1757 1237 1896 1284 feram,

505 1309 695 1348 Curtium
715 1308 757 1346 in
777 1307 885 1345 curia
904 1315 1042 1359 potero
1062 1303 1192 1342 ferre?
1214 1307 1316 1356 Age,
1339 1303 1444 1356 finge
1464 1317 1527 1342 me
1547 1304 1728 1356 quamvis
1748 1302 1897 1351 εὑςεμαζ-

504 1388 575 1419 χως
606 1373 690 1411 haec
719 1371 940 1415 ferentem;
972 1370 1068 1422 quid
1089 1369 1171 1415 illa,
1203 1369 1295 1413 Dic,
1327 1369 1390 1407 M.
1413 1365 1523 1413 Tulli,
1554 1382 1673 1421 quem
1694 1368 1899 1408 habebunt

504 1439 691 1478 exitum?
724 1437 778 1475 Et
811 1436 957 1474 omitto
989 1435 1143 1474 causam
1176 1434 1438 1487 Reipublicae‚
1470 1448 1590 1487 quam
1621 1448 1695 1487 ego
1725 1435 1900 1473 amiffam

505 1513 604 1558 puto
624 1517 717 1542 cum
738 1502 968 1540 vulneribus
990 1501 1082 1546 suis,
1115 1510 1201 1539 tum
1230 1500 1528 1538 medicamentis
1551 1501 1614 1545 iis,
1651 1513 1738 1552 quae
1759 1513 1898 1552 paran-

504 1580 585 1609 tur.
632 1570 694 1608 De
726 1567 917 1620 Pompeio
947 1566 1044 1619 quid
1065 1579 1177 1618 agam
1196 1566 1209 1603 ?
1241 1566 1307 1603 cui
1326 1565 1442 1618 plane
1465 1564 1580 1618 (quid
1601 1566 1708 1603 enim
1730 1564 1807 1604 hoc
1829 1579 1899 1605 ne-

504 1649 596 1689 gem
616 1635 649 1686 ?)
683 1633 898 1672 succensui.
946 1633 1107 1684 Semper
1135 1631 1243 1669 enim
1271 1630 1391 1669 causae
1411 1640 1642 1669 eventorum
1662 1631 1788 1683 magis
1809 1645 1900 1670 mo-

504 1709 612 1745 vent,
645 1712 763 1753 quam
785 1697 865 1750 ipsa
884 1705 1034 1736 eventa.
1082 1697 1182 1736 Haec
1202 1696 1326 1749 igitur
1346 1696 1448 1734 mala
1476 1696 1640 1749 (quibus
1662 1697 1809 1748 majora
1828 1696 1901 1735 effe

505 1780 593 1820 quae
626 1764 780 1819 poffunt
800 1763 833 1814 ?)
866 1762 1125 1807 confiderans,
1157 1761 1218 1800 vel
1240 1761 1372 1815 potius
1387 1760 1571 1813 judicans
1591 1763 1675 1813 ejus
1696 1774 1811 1813 opera
1831 1774 1897 1799 ac·

505 1831 639 1870 cidiss‘e
659 1839 698 1868 et
718 1829 848 1881 culpa,
881 1828 1084 1866 inimicior
1111 1840 1216 1865 eram
1246 1826 1357 1871 huic,
1388 1839 1507 1878 quam
1540 1825 1607 1878 ipsi
1640 1826 1794 1864 Caesari.
1843 1827 1901 1865 Ut

506 1897 672 1949 majores
694 1894 812 1933 nostri
833 1893 1086 1932 funestiorem
1108 1892 1212 1931 diem
1234 1892 1306 1931 effe
1321 1891 1531 1930 voluerunt
1553 1891 1720 1930 Aliensis
1743 1905 1898 1944 pugnm,

506 1974 627 2015 quam
648 1960 757 1999 urbis
777 1967 914 2012 captae,
945 1958 1054 2010 quod
1083 1957 1160 1996 hoc
1182 1957 1332 1995 malum
1352 1970 1399 1995 ex
1421 1956 1520 2002 illo,
1554 1956 1684 2008 itaque
1711 1957 1807 1995 alter
1838 1971 1899 1995 re-

507 2027 670 2081 ligiosus
690 2026 810 2065 etiam
833 2038 940 2063 nunc
960 2024 1057 2069 dies,
1088 2024 1185 2062 alter
1206 2024 1246 2062 in
1267 2023 1410 2076 vulgus
1431 2023 1589 2076 ignotus
1607 2038 1615 2061 :
1650 2023 1699 2061 fic
1720 2037 1806 2077 ego,
1830 2023 1902 2062 de-·

507 2107 596 2134 cem
623 2104 816 2131 annorum
845 2099 1003 2144 peccata
1034 2089 1252 2135 recordans,
1285 2090 1324 2127 in
1356 2088 1501 2142 quibus
1534 2090 1656 2127 inerat
1686 2089 1753 2127 illc
1783 2091 1901 2128 etiam

508 2170 648 2204 annus,
680 2156 750 2211 qui
782 2169 868 2201 nos,
900 2155 981 2194 hoc
1010 2168 1089 2194 non
1122 2154 1370 2199 defendente,
1404 2167 1451 2192 ne
1484 2155 1611 2192 dicam
1639 2154 1808 2207 gravius,
1841 2155 1899 2193 af-

509 2225 688 2268 flixerat;
721 2221 996 2276 praesentisque
1029 2221 1219 2274 temporis
1253 2219 1492 2273 cognoscens
1529 2221 1805 2265 temeritatem,
1838 2220 1899 2272 ig-

510 2291 678 2335 naviam,
709 2288 1008 2341 negligentiam,
1040 2286 1325 2326 succensebam.
1374 2285 1446 2324 Sed
1473 2299 1515 2324 ca
1541 2287 1623 2338 jam
1657 2285 1757 2324 mihi
1790 2287 1899 2324 cxci-

509 2357 666 2396 derunt.
714 2354 908 2393 Beneficia
938 2353 1111 2406 ejusdem
1143 2353 1304 2405 cogit0;
1337 2352 1471 2404 cogito
1500 2352 1618 2390 etiam
1649 2352 1898 2404 dignitatem.

510 2421 701 2474 Intelligo
734 2420 851 2459 serius
883 2420 1067 2473 equidem
1100 2433 1219 2472 quam
1252 2418 1410 2463 vellem,
1444 2427 1601 2471 propter
1621 2418 1798 2471 epistolas
1823 2417 1899 2455 ser-

511 2486 725 2541 monesque
755 2486 897 2532 Balbi;
930 2485 993 2525 sed
1013 2485 1128 2525 video
1147 2485 1262 2539 plane
1284 2484 1385 2524 nihil
1407 2484 1512 2523 aliud
1533 2484 1610 2536 agi,
1642 2483 1743 2523 nihil
1771 2485 1901 2522 at‘kum
