2243 3008
365 261 387 301 ε
719 251 1403 301 EPISTOLARU'M

693 497 936 535 C1C13R0
976 496 1230 535 Αττιςο
1271 497 1402 536 SAL.

361 624 478 663 VIII.
502 621 616 696 ΑΡ
631 625 669 662 U
684 625 722 663 D
755 632 791 662 te
811 623 865 662 est
884 632 928 662 ut
948 624 1146 663 volumus.
1178 624 1310 662 Mater
1329 634 1409 670 tua,
1439 632 1478 663 et
1498 623 1616 668 soror,
1639 637 1659 661 a
1678 636 1740 662 me

613 691 844 742 Qintoque
864 689 981 728 fratre
1001 690 1196 742 diligitur.
1243 691 1349 728 Cum
1369 690 1549 728 Acutilio
1573 689 1658 728 sum
1679 689 1740 727 lo-

358 765 474 794 cutus
494 772 502 795 :
530 756 562 795 is
584 757 653 794 fibi
675 765 788 808 negat
808 769 828 793 a
848 755 916 794 suo
935 765 1184 808 procuratore
1204 755 1421 809 quidquam
1441 756 1632 808 scrIptum
1652 755 1738 799 effe,

359 831 399 859 et
419 822 583 860 miratur
610 821 721 859 istam
738 821 1039 859 controverfiam
1058 820 1184 866 fuisse,
1215 820 1322 873 quod
1342 821 1409 859 ille
1430 820 1612 859 recusarit
1633 819 1740 858 satis-

360 886 456 931 dari,
489 887 658 939 amplius
690 886 756 925 abs
789 895 827 924 te
854 899 931 924 non
958 886 1054 938 peti.
1099 885 1219 937 Qod
1249 895 1286 924 te
1315 886 1361 924 de
1382 886 1561 926 Tadiano
1581 885 1742 938 negotio

360 951 540 990 decidiffe
561 951 695 990 scribis
710 970 721 997 ς
745 951 784 989 id
805 964 878 1003 ego
893 951 1022 989 Tadio
1037 959 1076 989 et
1091 960 1247 1003 gratum
1267 950 1338 989 esse
1358 951 1552 995 intellexi,
1569 959 1608 988 et
1628 962 1741 1002 mag-

358 1031 501 1070 nopere
515 1017 754 1070 jucundum.
790 1017 863 1055 Ille
884 1016 1009 1055 noster
1028 1017 1192 1061 amicus,
1223 1017 1282 1054 vir
1301 1015 1526 1054 mehercule
1547 1015 1738 1069 optimus,

359 1092 398 1121 et
418 1081 518 1121 mihi
538 1082 803 1126 amiciffimus,
826 1081 911 1118 sane
933 1081 1006 1119 tibi
1027 1081 1146 1119 iratus
1166 1069 1219 1119 est
1237 1096 1246 1119 :
1273 1080 1350 1120 hoc
1371 1081 1397 1120 fi
1419 1082 1555 1134 quanti
1577 1091 1620 1119 tu
1640 1079 1740 1119 aesti-

358 1161 440 1186 mes
461 1148 594 1193 sciam,
626 1156 728 1192 tum,
758 1146 854 1199 quid
874 1146 977 1184 mihi
996 1146 1276 1185 elaborandum
1296 1146 1355 1192 fit,
1387 1146 1483 1185 scire
1502 1146 1655 1199 poffim.
1689 1146 1738 1185 L.

359 1214 502 1252 Cincio
528 1213 620 1251 H-S
654 1213 786 1251 celos>
822 1213 955 1251 choo
989 1225 1101 1251 cccc
1131 1225 1204 1265 pro
1232 1212 1349 1265 fignis
1371 1212 1600 1266 Megaricis,
1633 1222 1676 1250 ut
1697 1220 1742 1250 tu

356 1279 403 1317 ad
434 1293 497 1317 me
526 1278 739 1331 scripseras,
771 1278 916 1316 curavi.
962 1278 1122 1317 Hermae
1155 1278 1215 1316 tui
1247 1278 1440 1316 Pentelici
1473 1292 1568 1317 cum
1596 1278 1739 1332 capiti-

359 1344 431 1383 bus
459 1344 587 1388 aeneis,
620 1343 666 1382 de
693 1343 837 1396 quibus
869 1343 914 1381 ad
946 1357 1010 1381 me
1041 1343 1234 1396 scripsisti,
1260 1345 1344 1396 jam
1374 1357 1479 1382 nunc
1508 1357 1572 1382 me
1600 1343 1739 1382 admo-

357 1410 454 1448 dum
475 1410 679 1449 deleetant.
722 1411 852 1461 Qare
872 1409 1005 1454 velim,
1036 1418 1075 1448 et
1095 1422 1175 1454 eOS,
1205 1418 1244 1448 et
1265 1409 1383 1462 figna,
1414 1419 1453 1448 et
1474 1419 1622 1455 caetera‚
1654 1423 1740 1462 quae

356 1476 432 1514 tibi
452 1477 534 1529 ejus
555 1477 648 1521 loci,
679 1485 718 1514 et
738 1475 857 1514 nostri
877 1475 1007 1521 studii,
1038 1485 1077 1514 et
1105 1485 1180 1514 tuae
1200 1476 1416 1529 elegantiae,
1447 1476 1519 1515 esse
1545 1476 1742 1514 videbun-

355 1550 434 1587 tur,
463 1555 580 1594 quam
603 1541 786 1594 plurima,
808 1555 927 1594 quam
948 1541 1202 1594 primumque
1222 1543 1371 1587 mittas,
1402 1551 1441 1580 et
1460 1542 1633 1580 maxime
1653 1555 1740 1594 quae

355 1606 431 1644 tibi
460 1607 649 1659 gymnasii
676 1606 854 1660 xystique
875 1606 1112 1645 videbuntur
1131 1606 1217 1645 effe.
1264 1607 1372 1646 Nam
1401 1608 1443 1645 in
1463 1621 1510 1646 eo
1529 1620 1668 1660 genere
1688 1607 1740 1645 fic

356 1671 482 1710 studio
501 1672 714 1717 efferimur,
747 1681 790 1710 ut
815 1672 880 1709 abs
904 1681 940 1710 te
960 1672 1182 1724 adjuvandi,
1213 1672 1261 1710 ab
1281 1672 1366 1710 aliis
1387 1685 1508 1725 prope
1529 1671 1740 1725 reprehen-

356 1737 487 1782 dendi,
512 1737 641 1776 sunus.
677 1738 713 1775 Si
738 1738 899 1775 Lentuli
923 1739 1027 1775 navis
1049 1751 1126 1776 non
1148 1737 1236 1782 erit,
1259 1751 1339 1790 quo
1360 1738 1433 1775 tibi
1450 1737 1636 1790 placebit,
1659 1738 1739 1775 im-

355 1804 506 1855 ponito.
541 1803 732 1847 Tulliola,
755 1802 945 1841 deliciolae
966 1802 1115 1847 nostrae,
1138 1811 1252 1840 tuum
1274 1802 1552 1840 munusculum
1576 1801 1738 1853 flagitat,

356 1877 393 1905 ct
416 1882 491 1912 me,
526 1877 567 1905 ut
591 1867 826 1919 sponsorem,
859 1868 1041 1920 appellat.
1075 1866 1139 1905 Mi
1159 1876 1291 1905 autem
1312 1867 1486 1919 abjurare
1506 1868 1648 1905 certius
1669 1867 1737 1912 est,

352 1947 471 1987 quam
492 1933 719 1986 dependere.

691 2141 934 2177 Cictno
977 2141 1229 2177 Αττιςο
1273 2140 1402 2177 SA».

356 2269 428 2307 lx.
455 2267 537 2339 N
555 2268 569 2306 1
584 2268 764 2306 MIUM
797 2281 880 2305 raro
901 2268 1013 2306 nobis
1035 2268 1101 2305 abs
1124 2278 1160 2306 tc
1182 2268 1301 2306 literrc
1323 2267 1561 2306 afferuntur:
1585 2281 1677 2307 cum
1699 2277 1737 2306 et

572 2328 699 2372 multo
730 2344 770 2371 tu
805 2333 958 2371 facilius
994 2335 1171 2386 reperim,
1203 2335 1270 2387 qui
1297 2335 1463 2372 Romam
1487 2334 1735 2386 proficiscan-

355 2410 432 2445 tur,
465 2414 581 2453 φωτὶ
603 2415 690 2452 cg0,
722 2401 789 2453 qui
815 2400 987 2438 Athenas
1009 2420 1016 2444 ;
1050 2412 1087 2438 ct
1109 2401 1252 2438 certius
1280 2401 1350 2438 tibi
1384 2402 1441 2445 sit,
1476 2415 1537 2438 me
1558 2401 1628 2438 css‘c
1654 2402 1735 2437 Ro-

354 2479 440 2510 xnoe,
472 2481 589 2519 quain
614 2466 728 2510 mihi,
763 2476 798 2503 te
831 2465 1013 2504 Athenis.
1064 2468 1197 2518 ltaque
1220 2477 1376 2519 propter
1399 2465 1496 2504 hanc
1519 2466 1735 2503 dubitatio-

355 2544 441 2568 nem
465 2545 588 2569 mcam
614 2531 764 2569 brevior
793 2530 872 2569 haec
908 2531 984 2584 ipsa
1011 2531 1169 2584 epistola
1191 2531 1270 2576 cst,
1303 2531 1407 2583 qnod
1441 2545 1533 2570 cum
1565 2532 1735 2569 incertus
