<?xml version="1.0" encoding="UTF-8"?>
<!DOCTYPE html PUBLIC "-//W3C//DTD XHTML 1.0 Transitional//EN"
    "http://www.w3.org/TR/xhtml1/DTD/xhtml1-transitional.dtd">
<html xmlns="http://www.w3.org/1999/xhtml" xml:lang="en" lang="en">
 <head>
  <title>
</title>
<meta http-equiv="Content-Type" content="text/html;charset=utf-8" />
  <meta name='ocr-system' content='tesseract 3.04.00' />
  <meta name='ocr-capabilities' content='ocr_page ocr_carea ocr_par ocr_line ocrx_word'/>
</head>
<body>
  <div class='ocr_page' id='page_1' title='image "./operacumindicibu08ciceuoft_0111.png"; bbox 0 0 2243 3008; ppageno 0'>
   <div class='ocr_carea' id='block_1_1' title="bbox 550 256 1704 314">
    <p class='ocr_par' dir='ltr' id='par_1_1' title="bbox 550 256 1704 314">
     <span class='ocr_line' id='line_1_1' title="bbox 550 256 1704 314; baseline 0.003 -18"><span class='ocrx_word' id='word_1_1' title='bbox 550 257 656 296; x_wconf 90' lang='lat' dir='ltr'><strong>AD</strong></span> <span class='ocrx_word' id='word_1_2' title='bbox 714 256 1144 296; x_wconf 89' lang='lat' dir='ltr'>ATTICUM</span> <span class='ocrx_word' id='word_1_3' title='bbox 1212 258 1353 298; x_wconf 88' lang='lat' dir='ltr'>LIB.</span> <span class='ocrx_word' id='word_1_4' title='bbox 1405 260 1478 299; x_wconf 87' lang='lat' dir='ltr'><strong>IV.</strong></span> <span class='ocrx_word' id='word_1_5' title='bbox 1631 273 1704 314; x_wconf 82' lang='lat'><strong>103</strong></span> 
     </span>
    </p>
   </div>
   <div class='ocr_carea' id='block_1_2' title="bbox 663 488 1375 531">
    <p class='ocr_par' dir='ltr' id='par_1_2' title="bbox 663 488 1375 531">
     <span class='ocr_line' id='line_1_2' title="bbox 663 488 1375 531; baseline 0.004 -4"><span class='ocrx_word' id='word_1_6' title='bbox 663 488 904 528; x_wconf 80' lang='lat' dir='ltr'>CICERO</span> <span class='ocrx_word' id='word_1_7' title='bbox 946 491 1202 529; x_wconf 79' lang='lat' dir='ltr'><strong>ATT1co</strong></span> <span class='ocrx_word' id='word_1_8' title='bbox 1245 490 1375 531; x_wconf 83' lang='lat' dir='ltr'>SAL.</span> 
     </span>
    </p>
   </div>
   <div class='ocr_carea' id='block_1_3' title="bbox 322 611 1710 798">
    <p class='ocr_par' dir='ltr' id='par_1_3' title="bbox 322 611 1710 798">
     <span class='ocr_line' id='line_1_3' title="bbox 324 611 1709 686; baseline 0.005 -34"><span class='ocrx_word' id='word_1_9' title='bbox 324 615 419 653; x_wconf 91' lang='lat' dir='ltr'>VII.</span> <span class='ocrx_word' id='word_1_10' title='bbox 444 611 530 686; x_wconf 88' lang='lat' dir='ltr'>N</span> <span class='ocrx_word' id='word_1_11' title='bbox 546 615 564 654; x_wconf 96' lang='lat' dir='ltr'>I</span> <span class='ocrx_word' id='word_1_12' title='bbox 579 615 620 654; x_wconf 90' lang='lat' dir='ltr'>H</span> <span class='ocrx_word' id='word_1_13' title='bbox 637 616 654 654; x_wconf 92' lang='grc' dir='ltr'>Ι</span> <span class='ocrx_word' id='word_1_14' title='bbox 669 617 703 654; x_wconf 97' lang='lat' dir='ltr'>L</span> <span class='ocrx_word' id='word_1_15' title='bbox 732 615 934 671; x_wconf 64' lang='grc' dir='ltr'><strong>εὐκαιρότερον</strong></span> <span class='ocrx_word' id='word_1_16' title='bbox 951 617 1112 670; x_wconf 91' lang='lat' dir='ltr'><strong>epistola</strong></span> <span class='ocrx_word' id='word_1_17' title='bbox 1132 625 1212 662; x_wconf 90' lang='lat' dir='ltr'><strong>tua,</strong></span> <span class='ocrx_word' id='word_1_18' title='bbox 1234 630 1321 670; x_wconf 85' lang='lat' dir='ltr'><strong>quae</strong></span> <span class='ocrx_word' id='word_1_19' title='bbox 1341 632 1404 657; x_wconf 91' lang='lat' dir='ltr'><strong>me</strong></span> <span class='ocrx_word' id='word_1_20' title='bbox 1424 619 1640 659; x_wconf 90' lang='lat' dir='ltr'><strong>sollicitum</strong></span> <span class='ocrx_word' id='word_1_21' title='bbox 1660 620 1709 659; x_wconf 90' lang='lat' dir='ltr'><strong>de</strong></span> 
     </span>
     <span class='ocr_line' id='line_1_4' title="bbox 562 679 1709 734; baseline 0.005 -17"><span class='ocrx_word' id='word_1_22' title='bbox 562 681 718 732; x_wconf 87' lang='lat' dir='ltr'><strong>Qinto</strong></span> <span class='ocrx_word' id='word_1_23' title='bbox 738 679 882 725; x_wconf 91' lang='lat' dir='ltr'><strong>nostr0,</strong></span> <span class='ocrx_word' id='word_1_24' title='bbox 912 694 1034 732; x_wconf 90' lang='lat' dir='ltr'><strong>puero</strong></span> <span class='ocrx_word' id='word_1_25' title='bbox 1054 682 1223 734; x_wconf 89' lang='lat' dir='ltr'><strong>optimo,</strong></span> <span class='ocrx_word' id='word_1_26' title='bbox 1253 683 1364 721; x_wconf 90' lang='lat' dir='ltr'><strong>valde</strong></span> <span class='ocrx_word' id='word_1_27' title='bbox 1384 683 1540 723; x_wconf 89' lang='lat' dir='ltr'><strong>levavit.</strong></span> <span class='ocrx_word' id='word_1_28' title='bbox 1575 685 1709 723; x_wconf 87' lang='lat' dir='ltr'><strong>Vene-</strong></span> 
     </span>
     <span class='ocr_line' id='line_1_5' title="bbox 322 742 1710 798; baseline 0.005 -17"><span class='ocrx_word' id='word_1_29' title='bbox 322 752 380 781; x_wconf 88' lang='lat' dir='ltr'><strong>rat</strong></span> <span class='ocrx_word' id='word_1_30' title='bbox 399 742 506 782; x_wconf 90' lang='lat' dir='ltr'><strong>horis</strong></span> <span class='ocrx_word' id='word_1_31' title='bbox 527 742 677 783; x_wconf 85' lang='lat' dir='ltr'><strong>duabus</strong></span> <span class='ocrx_word' id='word_1_32' title='bbox 697 753 785 783; x_wconf 88' lang='lat' dir='ltr'><strong>ante</strong></span> <span class='ocrx_word' id='word_1_33' title='bbox 806 743 1066 798; x_wconf 70' lang='lat' dir='ltr'><strong>Chaerippus5</strong></span> <span class='ocrx_word' id='word_1_34' title='bbox 1089 759 1194 784; x_wconf 89' lang='lat' dir='ltr'><strong>mera</strong></span> <span class='ocrx_word' id='word_1_35' title='bbox 1213 747 1383 785; x_wconf 88' lang='lat' dir='ltr'><strong>monstra</strong></span> <span class='ocrx_word' id='word_1_36' title='bbox 1403 748 1614 787; x_wconf 88' lang='lat' dir='ltr'><strong>nuntiarat.</strong></span> <span class='ocrx_word' id='word_1_37' title='bbox 1645 749 1710 788; x_wconf 85' lang='lat' dir='ltr'><strong>De</strong></span> 
     </span>
    </p>
   </div>
   <div class='ocr_carea' id='block_1_4' title="bbox 324 809 1712 1579">
    <p class='ocr_par' dir='ltr' id='par_1_4' title="bbox 324 809 1712 1579">
     <span class='ocr_line' id='line_1_6' title="bbox 324 809 1709 866; baseline 0.004 -19"><span class='ocrx_word' id='word_1_38' title='bbox 324 810 544 861; x_wconf 91' lang='lat' dir='ltr'><strong>Apollonio</strong></span> <span class='ocrx_word' id='word_1_39' title='bbox 563 810 671 862; x_wconf 92' lang='lat' dir='ltr'><strong>quod</strong></span> <span class='ocrx_word' id='word_1_40' title='bbox 691 809 825 848; x_wconf 91' lang='lat' dir='ltr'><strong>scribis</strong></span> <span class='ocrx_word' id='word_1_41' title='bbox 844 829 854 854; x_wconf 87' lang='lat'>;</span> <span class='ocrx_word' id='word_1_42' title='bbox 887 811 957 863; x_wconf 89' lang='lat' dir='ltr'><strong>qui</strong></span> <span class='ocrx_word' id='word_1_43' title='bbox 977 811 1037 849; x_wconf 93' lang='lat' dir='ltr'><strong>illi</strong></span> <span class='ocrx_word' id='word_1_44' title='bbox 1059 811 1130 849; x_wconf 92' lang='lat' dir='ltr'><strong>Dii</strong></span> <span class='ocrx_word' id='word_1_45' title='bbox 1150 812 1253 856; x_wconf 88' lang='lat' dir='ltr'><strong>irati,</strong></span> <span class='ocrx_word' id='word_1_46' title='bbox 1284 811 1440 851; x_wconf 89' lang='lat' dir='ltr'><strong>homini</strong></span> <span class='ocrx_word' id='word_1_47' title='bbox 1461 814 1616 859; x_wconf 87' lang='lat' dir='ltr'><strong>Graeco,</strong></span> <span class='ocrx_word' id='word_1_48' title='bbox 1639 814 1709 866; x_wconf 88' lang='lat' dir='ltr'><strong>qui</strong></span> 
     </span>
     <span class='ocr_line' id='line_1_7' title="bbox 325 874 1709 930; baseline 0.004 -19"><span class='ocrx_word' id='word_1_49' title='bbox 325 874 558 912; x_wconf 90' lang='lat' dir='ltr'><strong>conturbare</strong></span> <span class='ocrx_word' id='word_1_50' title='bbox 578 874 739 927; x_wconf 89' lang='lat' dir='ltr'><strong>quidem</strong></span> <span class='ocrx_word' id='word_1_51' title='bbox 768 884 881 928; x_wconf 90' lang='lat' dir='ltr'><strong>putat</strong></span> <span class='ocrx_word' id='word_1_52' title='bbox 910 875 980 913; x_wconf 88' lang='lat' dir='ltr'><strong>fibi</strong></span> <span class='ocrx_word' id='word_1_53' title='bbox 1010 876 1126 914; x_wconf 94' lang='lat' dir='ltr'><strong>licere</strong></span> <span class='ocrx_word' id='word_1_54' title='bbox 1142 895 1153 921; x_wconf 83' lang='lat'>;</span> <span class='ocrx_word' id='word_1_55' title='bbox 1185 877 1293 929; x_wconf 91' lang='lat' dir='ltr'><strong>quod</strong></span> <span class='ocrx_word' id='word_1_56' title='bbox 1323 879 1524 930; x_wconf 90' lang='lat' dir='ltr'><strong>equitibus</strong></span> <span class='ocrx_word' id='word_1_57' title='bbox 1556 879 1709 917; x_wconf 90' lang='lat' dir='ltr'><strong>Roma-</strong></span> 
     </span>
     <span class='ocr_line' id='line_1_8' title="bbox 326 938 1707 991; baseline 0.001 -15"><span class='ocrx_word' id='word_1_58' title='bbox 326 938 402 977; x_wconf 89' lang='lat' dir='ltr'><strong>nis.</strong></span> <span class='ocrx_word' id='word_1_59' title='bbox 445 939 552 977; x_wconf 91' lang='lat' dir='ltr'><strong>Nam</strong></span> <span class='ocrx_word' id='word_1_60' title='bbox 571 939 783 977; x_wconf 88' lang='lat' dir='ltr'>Terentius</span> <span class='ocrx_word' id='word_1_61' title='bbox 805 939 873 977; x_wconf 91' lang='lat' dir='ltr'><strong>suo</strong></span> <span class='ocrx_word' id='word_1_62' title='bbox 886 940 990 991; x_wconf 88' lang='lat' dir='ltr'><strong>jure.</strong></span> <span class='ocrx_word' id='word_1_63' title='bbox 1038 941 1100 979; x_wconf 95' lang='lat' dir='ltr'><strong>De</strong></span> <span class='ocrx_word' id='word_1_64' title='bbox 1120 941 1304 986; x_wconf 88' lang='lat' dir='ltr'><strong>Metello,</strong></span> <span class='ocrx_word' id='word_1_65' title='bbox 1334 939 1384 985; x_wconf 73' lang='grc' dir='ltr'><strong>ἐχ,</strong></span> <span class='ocrx_word' id='word_1_66' title='bbox 1410 940 1478 982; x_wconf 78' lang='grc' dir='ltr'><strong><em>ὁσίη</em></strong></span> <span class='ocrx_word' id='word_1_67' title='bbox 1501 939 1707 990; x_wconf 75' lang='grc' dir='ltr'><strong>φθιμένοιων.</strong></span> 
     </span>
     <span class='ocr_line' id='line_1_9' title="bbox 325 1003 1711 1059; baseline 0.004 -19"><span class='ocrx_word' id='word_1_68' title='bbox 325 1003 399 1041; x_wconf 89' lang='lat' dir='ltr'><strong>Sed</strong></span> <span class='ocrx_word' id='word_1_69' title='bbox 431 1013 561 1041; x_wconf 89' lang='lat' dir='ltr'><strong>tamen</strong></span> <span class='ocrx_word' id='word_1_70' title='bbox 591 1004 728 1042; x_wconf 91' lang='lat' dir='ltr'><strong>multis</strong></span> <span class='ocrx_word' id='word_1_71' title='bbox 758 1005 869 1042; x_wconf 88' lang='lat' dir='ltr'><strong>annis</strong></span> <span class='ocrx_word' id='word_1_72' title='bbox 901 1005 997 1043; x_wconf 87' lang='lat' dir='ltr'><strong>civis</strong></span> <span class='ocrx_word' id='word_1_73' title='bbox 1028 1018 1145 1043; x_wconf 90' lang='lat' dir='ltr'><strong>nemo</strong></span> <span class='ocrx_word' id='word_1_74' title='bbox 1173 1015 1253 1043; x_wconf 91' lang='lat' dir='ltr'><strong>erat</strong></span> <span class='ocrx_word' id='word_1_75' title='bbox 1281 1015 1476 1051; x_wconf 89' lang='lat' dir='ltr'><strong>mortuus,</strong></span> <span class='ocrx_word' id='word_1_76' title='bbox 1511 1007 1582 1059; x_wconf 93' lang='lat' dir='ltr'><strong>qui</strong></span> <span class='ocrx_word' id='word_1_77' title='bbox 1616 1007 1711 1059; x_wconf 84' lang='lat' dir='ltr'><strong>qui-</strong></span> 
     </span>
     <span class='ocr_line' id='line_1_10' title="bbox 324 1068 1709 1123; baseline 0.003 -17"><span class='ocrx_word' id='word_1_78' title='bbox 324 1068 416 1106; x_wconf 89' lang='lat' dir='ltr'><strong>dem</strong></span> <span class='ocrx_word' id='word_1_79' title='bbox 435 1098 444 1106; x_wconf 92' lang='lat'><strong><em>.</em></strong></span> <span class='ocrx_word' id='word_1_80' title='bbox 464 1097 473 1106; x_wconf 91' lang='lat'><strong>.</strong></span> <span class='ocrx_word' id='word_1_81' title='bbox 492 1097 501 1107; x_wconf 89' lang='lat'>.</span> <span class='ocrx_word' id='word_1_82' title='bbox 543 1068 641 1106; x_wconf 89' lang='lat' dir='ltr'>Tibi</span> <span class='ocrx_word' id='word_1_83' title='bbox 668 1069 824 1107; x_wconf 91' lang='lat' dir='ltr'><strong>nummi</strong></span> <span class='ocrx_word' id='word_1_84' title='bbox 850 1083 939 1107; x_wconf 89' lang='lat' dir='ltr'><strong>meo</strong></span> <span class='ocrx_word' id='word_1_85' title='bbox 965 1071 1142 1122; x_wconf 90' lang='lat' dir='ltr'><strong>periculo</strong></span> <span class='ocrx_word' id='word_1_86' title='bbox 1169 1070 1269 1109; x_wconf 88' lang='lat' dir='ltr'><strong>fint:</strong></span> <span class='ocrx_word' id='word_1_87' title='bbox 1302 1071 1399 1123; x_wconf 90' lang='lat' dir='ltr'><strong>quid</strong></span> <span class='ocrx_word' id='word_1_88' title='bbox 1423 1072 1530 1109; x_wconf 92' lang='lat' dir='ltr'><strong>enim</strong></span> <span class='ocrx_word' id='word_1_89' title='bbox 1551 1073 1709 1118; x_wconf 87' lang='lat' dir='ltr'><strong>vereris,</strong></span> 
     </span>
     <span class='ocr_line' id='line_1_11' title="bbox 324 1132 1711 1186; baseline 0.004 -16"><span class='ocrx_word' id='word_1_90' title='bbox 324 1146 604 1186; x_wconf 89' lang='lat' dir='ltr'><strong>quemcunque</strong></span> <span class='ocrx_word' id='word_1_91' title='bbox 622 1132 805 1172; x_wconf 87' lang='lat' dir='ltr'>heredem</span> <span class='ocrx_word' id='word_1_92' title='bbox 826 1134 951 1174; x_wconf 91' lang='lat' dir='ltr'><strong>fecit?</strong></span> <span class='ocrx_word' id='word_1_93' title='bbox 980 1136 1050 1174; x_wconf 77' lang='lat' dir='ltr'><strong>nisi</strong></span> <span class='ocrx_word' id='word_1_94' title='bbox 1072 1136 1262 1174; x_wconf 89' lang='lat' dir='ltr'><strong>Publium</strong></span> <span class='ocrx_word' id='word_1_95' title='bbox 1283 1136 1392 1175; x_wconf 91' lang='lat' dir='ltr'><strong>fecit.</strong></span> <span class='ocrx_word' id='word_1_96' title='bbox 1426 1137 1590 1183; x_wconf 90' lang='lat' dir='ltr'><strong>Verum,</strong></span> <span class='ocrx_word' id='word_1_97' title='bbox 1612 1137 1711 1177; x_wconf 87' lang='lat' dir='ltr'><strong>fecit</strong></span> 
     </span>
     <span class='ocr_line' id='line_1_12' title="bbox 326 1198 1712 1253; baseline 0.004 -17"><span class='ocrx_word' id='word_1_98' title='bbox 326 1212 406 1237; x_wconf 91' lang='lat' dir='ltr'><strong>non</strong></span> <span class='ocrx_word' id='word_1_99' title='bbox 439 1198 648 1251; x_wconf 75' lang='lat' dir='ltr'><strong>improbe3</strong></span> <span class='ocrx_word' id='word_1_100' title='bbox 690 1213 916 1252; x_wconf 89' lang='lat' dir='ltr'><strong>quanquam</strong></span> <span class='ocrx_word' id='word_1_101' title='bbox 950 1199 1029 1238; x_wconf 91' lang='lat' dir='ltr'><strong>fuit</strong></span> <span class='ocrx_word' id='word_1_102' title='bbox 1062 1201 1156 1253; x_wconf 90' lang='lat' dir='ltr'><strong>ipse.</strong></span> <span class='ocrx_word' id='word_1_103' title='bbox 1203 1202 1333 1252; x_wconf 86' lang='lat' dir='ltr'><strong>Qare</strong></span> <span class='ocrx_word' id='word_1_104' title='bbox 1367 1202 1408 1239; x_wconf 92' lang='lat' dir='ltr'><strong>in</strong></span> <span class='ocrx_word' id='word_1_105' title='bbox 1442 1201 1519 1239; x_wconf 91' lang='lat' dir='ltr'><strong>hoc</strong></span> <span class='ocrx_word' id='word_1_106' title='bbox 1553 1202 1712 1242; x_wconf 90' lang='lat' dir='ltr'><strong>thecam</strong></span> 
     </span>
     <span class='ocr_line' id='line_1_13' title="bbox 326 1265 1712 1307; baseline 0.004 -5"><span class='ocrx_word' id='word_1_107' title='bbox 326 1265 589 1303; x_wconf 83' lang='lat' dir='ltr'><strong>nummariam</strong></span> <span class='ocrx_word' id='word_1_108' title='bbox 609 1278 687 1302; x_wconf 91' lang='lat' dir='ltr'><strong>non</strong></span> <span class='ocrx_word' id='word_1_109' title='bbox 709 1266 891 1304; x_wconf 85' lang='lat' dir='ltr'><strong>retexeris</strong></span> <span class='ocrx_word' id='word_1_110' title='bbox 910 1281 919 1305; x_wconf 74' lang='grc' dir='ltr'>ε</span> <span class='ocrx_word' id='word_1_111' title='bbox 952 1267 993 1304; x_wconf 92' lang='lat' dir='ltr'><strong>in</strong></span> <span class='ocrx_word' id='word_1_112' title='bbox 1014 1267 1099 1305; x_wconf 88' lang='lat' dir='ltr'><strong>aliis</strong></span> <span class='ocrx_word' id='word_1_113' title='bbox 1120 1267 1194 1304; x_wconf 88' lang='lat' dir='ltr'><strong>eris</strong></span> <span class='ocrx_word' id='word_1_114' title='bbox 1215 1268 1380 1305; x_wconf 89' lang='lat' dir='ltr'><strong>cautior.</strong></span> <span class='ocrx_word' id='word_1_115' title='bbox 1417 1267 1511 1305; x_wconf 90' lang='lat' dir='ltr'><strong>Mea</strong></span> <span class='ocrx_word' id='word_1_116' title='bbox 1531 1269 1712 1307; x_wconf 86' lang='lat' dir='ltr'><strong>mandata</strong></span> 
     </span>
     <span class='ocr_line' id='line_1_14' title="bbox 327 1329 1710 1383; baseline 0.002 -15"><span class='ocrx_word' id='word_1_117' title='bbox 327 1330 374 1368; x_wconf 91' lang='lat' dir='ltr'><strong>de</strong></span> <span class='ocrx_word' id='word_1_118' title='bbox 394 1330 512 1368; x_wconf 92' lang='lat' dir='ltr'><strong>domo</strong></span> <span class='ocrx_word' id='word_1_119' title='bbox 533 1329 686 1368; x_wconf 89' lang='lat' dir='ltr'><strong>curabis</strong></span> <span class='ocrx_word' id='word_1_120' title='bbox 705 1345 714 1368; x_wconf 73' lang='grc' dir='ltr'><strong>ε</strong></span> <span class='ocrx_word' id='word_1_121' title='bbox 746 1331 919 1383; x_wconf 87' lang='lat' dir='ltr'><strong>praefidia</strong></span> <span class='ocrx_word' id='word_1_122' title='bbox 938 1331 1084 1370; x_wconf 86' lang='lat' dir='ltr'><strong>locabis</strong></span> <span class='ocrx_word' id='word_1_123' title='bbox 1102 1347 1110 1370; x_wconf 76' lang='grc' dir='ltr'>ε</span> <span class='ocrx_word' id='word_1_124' title='bbox 1135 1332 1335 1370; x_wconf 90' lang='lat' dir='ltr'><strong>Milonem</strong></span> <span class='ocrx_word' id='word_1_125' title='bbox 1355 1331 1598 1372; x_wconf 84' lang='lat' dir='ltr'><strong>admonebis.</strong></span> <span class='ocrx_word' id='word_1_126' title='bbox 1630 1335 1710 1373; x_wconf 91' lang='lat' dir='ltr'><strong>Ar-</strong></span> 
     </span>
     <span class='ocr_line' id='line_1_15' title="bbox 326 1395 1711 1450; baseline 0.001 -16"><span class='ocrx_word' id='word_1_127' title='bbox 326 1396 522 1450; x_wconf 89' lang='lat' dir='ltr'><strong>pinatium</strong></span> <span class='ocrx_word' id='word_1_128' title='bbox 543 1395 724 1434; x_wconf 86' lang='lat' dir='ltr'><strong>fremitus</strong></span> <span class='ocrx_word' id='word_1_129' title='bbox 756 1397 809 1435; x_wconf 92' lang='lat' dir='ltr'><strong>est</strong></span> <span class='ocrx_word' id='word_1_130' title='bbox 837 1398 1080 1436; x_wconf 90' lang='lat' dir='ltr'><strong>incredibilis</strong></span> <span class='ocrx_word' id='word_1_131' title='bbox 1111 1398 1158 1436; x_wconf 91' lang='lat' dir='ltr'><strong>de</strong></span> <span class='ocrx_word' id='word_1_132' title='bbox 1188 1398 1359 1436; x_wconf 85' lang='lat' dir='ltr'><strong>Laterio.</strong></span> <span class='ocrx_word' id='word_1_133' title='bbox 1407 1398 1516 1449; x_wconf 84' lang='lat' dir='ltr'><strong>Qid</strong></span> <span class='ocrx_word' id='word_1_134' title='bbox 1536 1399 1711 1450; x_wconf 84' lang='lat' dir='ltr'><strong>quaeris?</strong></span> 
     </span>
     <span class='ocr_line' id='line_1_16' title="bbox 326 1453 1712 1516; baseline 0.001 -16"><span class='ocrx_word' id='word_1_135' title='bbox 326 1461 511 1514; x_wconf 87' lang='lat' dir='ltr'><strong>equidem</strong></span> <span class='ocrx_word' id='word_1_136' title='bbox 545 1460 670 1498; x_wconf 90' lang='lat' dir='ltr'><strong>dolui.</strong></span> <span class='ocrx_word' id='word_1_137' title='bbox 713 1453 860 1497; x_wconf 60' lang='grc' dir='ltr'><strong>Ὁδέἐκ</strong></span> <span class='ocrx_word' id='word_1_138' title='bbox 878 1458 1035 1513; x_wconf 68' lang='grc' dir='ltr'><strong>ἐμπάζετο</strong></span> <span class='ocrx_word' id='word_1_139' title='bbox 1064 1458 1180 1509; x_wconf 76' lang='grc' dir='ltr'><em>μύθων.</em></span> <span class='ocrx_word' id='word_1_140' title='bbox 1226 1462 1347 1514; x_wconf 85' lang='lat' dir='ltr'><strong>Qod</strong></span> <span class='ocrx_word' id='word_1_141' title='bbox 1381 1462 1561 1516; x_wconf 88' lang='lat' dir='ltr'><strong>superest,</strong></span> <span class='ocrx_word' id='word_1_142' title='bbox 1593 1466 1712 1502; x_wconf 82' lang='lat' dir='ltr'><strong>etiam</strong></span> 
     </span>
     <span class='ocr_line' id='line_1_17' title="bbox 329 1526 1398 1579; baseline 0 -14"><span class='ocrx_word' id='word_1_143' title='bbox 329 1539 493 1579; x_wconf 88' lang='lat' dir='ltr'><strong>puerum</strong></span> <span class='ocrx_word' id='word_1_144' title='bbox 515 1526 750 1564; x_wconf 85' lang='lat' dir='ltr'><strong>Ciceronem</strong></span> <span class='ocrx_word' id='word_1_145' title='bbox 769 1526 939 1571; x_wconf 90' lang='lat' dir='ltr'><strong>curabis,</strong></span> <span class='ocrx_word' id='word_1_146' title='bbox 969 1535 1008 1565; x_wconf 93' lang='lat' dir='ltr'><strong>et</strong></span> <span class='ocrx_word' id='word_1_147' title='bbox 1027 1527 1190 1573; x_wconf 85' lang='lat' dir='ltr'><strong>amabis,</strong></span> <span class='ocrx_word' id='word_1_148' title='bbox 1221 1537 1266 1566; x_wconf 91' lang='lat' dir='ltr'><strong>ut</strong></span> <span class='ocrx_word' id='word_1_149' title='bbox 1285 1526 1398 1566; x_wconf 86' lang='lat' dir='ltr'><strong>facis.</strong></span> 
     </span>
    </p>
   </div>
   <div class='ocr_carea' id='block_1_5' title="bbox 664 1729 1372 1767">
    <p class='ocr_par' dir='ltr' id='par_1_5' title="bbox 664 1729 1372 1767">
     <span class='ocr_line' id='line_1_18' title="bbox 664 1729 1372 1767; baseline 0.001 -1"><span class='ocrx_word' id='word_1_150' title='bbox 664 1729 906 1766; x_wconf 69' lang='lat' dir='ltr'><strong>Cicnno</strong></span> <span class='ocrx_word' id='word_1_151' title='bbox 947 1729 1201 1767; x_wconf 64' lang='lat' dir='ltr'><strong>AT&#39;rxco</strong></span> <span class='ocrx_word' id='word_1_152' title='bbox 1242 1730 1372 1767; x_wconf 79' lang='lat' dir='ltr'>SAL.</span> 
     </span>
    </p>
   </div>
   <div class='ocr_carea' id='block_1_6' title="bbox 330 1855 1715 2558">
    <p class='ocr_par' dir='ltr' id='par_1_6' title="bbox 332 1855 1712 1927">
     <span class='ocr_line' id='line_1_19' title="bbox 332 1855 1712 1927; baseline 0.003 -35"><span class='ocrx_word' id='word_1_153' title='bbox 332 1855 448 1894; x_wconf 88' lang='lat' dir='ltr'><strong>VIII.</strong></span> <span class='ocrx_word' id='word_1_154' title='bbox 474 1855 563 1927; x_wconf 87' lang='lat' dir='ltr'>M</span> <span class='ocrx_word' id='word_1_155' title='bbox 581 1855 768 1893; x_wconf 92' lang='lat' dir='ltr'>ULTA</span> <span class='ocrx_word' id='word_1_156' title='bbox 798 1869 861 1893; x_wconf 92' lang='lat' dir='ltr'><strong>me</strong></span> <span class='ocrx_word' id='word_1_157' title='bbox 888 1856 929 1893; x_wconf 92' lang='lat' dir='ltr'><strong>in</strong></span> <span class='ocrx_word' id='word_1_158' title='bbox 960 1855 1121 1908; x_wconf 90' lang='lat' dir='ltr'><strong>epistola</strong></span> <span class='ocrx_word' id='word_1_159' title='bbox 1147 1864 1212 1894; x_wconf 89' lang='lat' dir='ltr'><strong>tua</strong></span> <span class='ocrx_word' id='word_1_160' title='bbox 1239 1857 1493 1901; x_wconf 63' lang='lat' dir='ltr'><strong>delectarunt,</strong></span> <span class='ocrx_word' id='word_1_161' title='bbox 1525 1856 1588 1894; x_wconf 92' lang='lat' dir='ltr'><strong>sed</strong></span> <span class='ocrx_word' id='word_1_162' title='bbox 1609 1857 1712 1896; x_wconf 91' lang='lat' dir='ltr'><strong>nihil</strong></span> 
     </span>
    </p>

    <p class='ocr_par' dir='ltr' id='par_1_7' title="bbox 330 1920 1715 2558">
     <span class='ocr_line' id='line_1_20' title="bbox 595 1920 1712 1973; baseline 0.002 -16"><span class='ocrx_word' id='word_1_163' title='bbox 595 1920 735 1972; x_wconf 89' lang='lat' dir='ltr'><strong>magis,</strong></span> <span class='ocrx_word' id='word_1_164' title='bbox 766 1934 885 1972; x_wconf 88' lang='lat' dir='ltr'><strong>quam</strong></span> <span class='ocrx_word' id='word_1_165' title='bbox 905 1921 1037 1973; x_wconf 89' lang='lat' dir='ltr'><strong>patina</strong></span> <span class='ocrx_word' id='word_1_166' title='bbox 1058 1921 1301 1971; x_wconf 90' lang='lat' dir='ltr'><strong>tyrotarichi.</strong></span> <span class='ocrx_word' id='word_1_167' title='bbox 1348 1921 1454 1959; x_wconf 89' lang='lat' dir='ltr'><strong>Nam</strong></span> <span class='ocrx_word' id='word_1_168' title='bbox 1485 1920 1531 1958; x_wconf 91' lang='lat' dir='ltr'><strong>de</strong></span> <span class='ocrx_word' id='word_1_169' title='bbox 1551 1922 1712 1960; x_wconf 92' lang='lat' dir='ltr'><strong>raudus-</strong></span> 
     </span>
     <span class='ocr_line' id='line_1_21' title="bbox 331 1979 1714 2039; baseline 0.001 -16"><span class='ocrx_word' id='word_1_170' title='bbox 331 1985 436 2031; x_wconf 86' lang='lat' dir='ltr'><strong>culo,</strong></span> <span class='ocrx_word' id='word_1_171' title='bbox 455 1985 561 2039; x_wconf 92' lang='lat' dir='ltr'><strong>quod</strong></span> <span class='ocrx_word' id='word_1_172' title='bbox 577 1985 728 2030; x_wconf 81' lang='lat' dir='ltr'><strong>scribis,</strong></span> <span class='ocrx_word' id='word_1_173' title='bbox 744 1987 845 2032; x_wconf 68' lang='grc' dir='ltr'><strong>μήπω</strong></span> <span class='ocrx_word' id='word_1_174' title='bbox 862 1983 974 2032; x_wconf 67' lang='grc' dir='ltr'><em>μέγαν</em></span> <span class='ocrx_word' id='word_1_175' title='bbox 993 1998 1087 2024; x_wconf 62' lang='lat' dir='ltr'><strong>mm</strong></span> <span class='ocrx_word' id='word_1_176' title='bbox 1102 1983 1171 2028; x_wconf 59' lang='lat' dir='ltr'><strong>meir</strong></span> <span class='ocrx_word' id='word_1_177' title='bbox 1190 1980 1399 2027; x_wconf 68' lang='grc' dir='ltr'>τελευτήσαῖΓ</span> <span class='ocrx_word' id='word_1_178' title='bbox 1415 1979 1490 2036; x_wconf 55' lang='grc' dir='ltr'><strong><em>ἰδῇς.</em></strong></span> <span class='ocrx_word' id='word_1_179' title='bbox 1512 1986 1714 2026; x_wconf 87' lang='lat' dir='ltr'><strong>AEdificati</strong></span> 
     </span>
     <span class='ocr_line' id='line_1_22' title="bbox 333 2049 1715 2104; baseline 0.002 -16"><span class='ocrx_word' id='word_1_180' title='bbox 333 2051 407 2088; x_wconf 89' lang='lat' dir='ltr'><strong>tibi</strong></span> <span class='ocrx_word' id='word_1_181' title='bbox 428 2051 468 2088; x_wconf 91' lang='lat' dir='ltr'><strong>in</strong></span> <span class='ocrx_word' id='word_1_182' title='bbox 490 2051 591 2104; x_wconf 85' lang='lat' dir='ltr'><strong>agris</strong></span> <span class='ocrx_word' id='word_1_183' title='bbox 612 2049 714 2088; x_wconf 89' lang='lat' dir='ltr'><strong>nihil</strong></span> <span class='ocrx_word' id='word_1_184' title='bbox 736 2050 898 2102; x_wconf 85' lang='lat' dir='ltr'><strong>reperio.</strong></span> <span class='ocrx_word' id='word_1_185' title='bbox 944 2049 991 2087; x_wconf 93' lang='lat' dir='ltr'><strong>In</strong></span> <span class='ocrx_word' id='word_1_186' title='bbox 1018 2049 1165 2101; x_wconf 87' lang='lat' dir='ltr'><strong>oppido</strong></span> <span class='ocrx_word' id='word_1_187' title='bbox 1185 2049 1237 2086; x_wconf 88' lang='lat' dir='ltr'><strong>est</strong></span> <span class='ocrx_word' id='word_1_188' title='bbox 1258 2049 1461 2102; x_wconf 88' lang='lat' dir='ltr'><strong>quiddam,</strong></span> <span class='ocrx_word' id='word_1_189' title='bbox 1493 2050 1540 2088; x_wconf 92' lang='lat' dir='ltr'><strong>de</strong></span> <span class='ocrx_word' id='word_1_190' title='bbox 1559 2065 1640 2104; x_wconf 84' lang='lat' dir='ltr'><strong>quo</strong></span> <span class='ocrx_word' id='word_1_191' title='bbox 1660 2052 1715 2091; x_wconf 90' lang='lat' dir='ltr'><strong>est</strong></span> 
     </span>
     <span class='ocr_line' id='line_1_23' title="bbox 330 2114 1711 2167; baseline 0.001 -13"><span class='ocrx_word' id='word_1_192' title='bbox 330 2115 500 2154; x_wconf 88' lang='lat' dir='ltr'><strong>dubium</strong></span> <span class='ocrx_word' id='word_1_193' title='bbox 531 2116 626 2154; x_wconf 90' lang='lat' dir='ltr'><strong>fitne</strong></span> <span class='ocrx_word' id='word_1_194' title='bbox 655 2115 816 2159; x_wconf 86' lang='lat' dir='ltr'><strong>venale;</strong></span> <span class='ocrx_word' id='word_1_195' title='bbox 849 2128 891 2152; x_wconf 94' lang='lat' dir='ltr'><strong>ac</strong></span> <span class='ocrx_word' id='word_1_196' title='bbox 923 2115 1150 2167; x_wconf 86' lang='lat' dir='ltr'><strong>proximum</strong></span> <span class='ocrx_word' id='word_1_197' title='bbox 1183 2114 1344 2166; x_wconf 88' lang='lat' dir='ltr'><strong>quidem</strong></span> <span class='ocrx_word' id='word_1_198' title='bbox 1377 2114 1514 2153; x_wconf 89' lang='lat' dir='ltr'><strong>nostris</strong></span> <span class='ocrx_word' id='word_1_199' title='bbox 1548 2117 1711 2156; x_wconf 84' lang='lat' dir='ltr'><strong>aedibus.</strong></span> 
     </span>
     <span class='ocr_line' id='line_1_24' title="bbox 333 2179 1714 2232; baseline 0 -12"><span class='ocrx_word' id='word_1_200' title='bbox 333 2181 424 2219; x_wconf 88' lang='lat' dir='ltr'><strong>Hoc</strong></span> <span class='ocrx_word' id='word_1_201' title='bbox 445 2181 556 2227; x_wconf 90' lang='lat' dir='ltr'><strong>scito,</strong></span> <span class='ocrx_word' id='word_1_202' title='bbox 589 2182 757 2219; x_wconf 88' lang='lat' dir='ltr'><strong>Antium</strong></span> <span class='ocrx_word' id='word_1_203' title='bbox 788 2179 1029 2219; x_wconf 90' lang='lat' dir='ltr'><strong>Buthrotum</strong></span> <span class='ocrx_word' id='word_1_204' title='bbox 1057 2180 1129 2218; x_wconf 86' lang='lat' dir='ltr'><strong>esse</strong></span> <span class='ocrx_word' id='word_1_205' title='bbox 1156 2181 1309 2225; x_wconf 86' lang='lat' dir='ltr'><strong>Romae,</strong></span> <span class='ocrx_word' id='word_1_206' title='bbox 1341 2189 1384 2218; x_wconf 92' lang='lat' dir='ltr'><strong>ut</strong></span> <span class='ocrx_word' id='word_1_207' title='bbox 1406 2182 1586 2232; x_wconf 88' lang='lat' dir='ltr'><strong>Corcyrae</strong></span> <span class='ocrx_word' id='word_1_208' title='bbox 1612 2182 1714 2220; x_wconf 90' lang='lat' dir='ltr'><strong>illud</strong></span> 
     </span>
     <span class='ocr_line' id='line_1_25' title="bbox 331 2241 1715 2298; baseline -0.002 -15"><span class='ocrx_word' id='word_1_209' title='bbox 331 2255 473 2285; x_wconf 85' lang='lat' dir='ltr'><strong>tuum:</strong></span> <span class='ocrx_word' id='word_1_210' title='bbox 506 2245 607 2285; x_wconf 87' lang='lat' dir='ltr'><strong>nihil</strong></span> <span class='ocrx_word' id='word_1_211' title='bbox 629 2246 816 2298; x_wconf 87' lang='lat' dir='ltr'><strong>quietius,</strong></span> <span class='ocrx_word' id='word_1_212' title='bbox 848 2244 948 2282; x_wconf 89' lang='lat' dir='ltr'><strong>nihil</strong></span> <span class='ocrx_word' id='word_1_213' title='bbox 970 2245 1098 2289; x_wconf 83' lang='lat' dir='ltr'><strong>alfius,</strong></span> <span class='ocrx_word' id='word_1_214' title='bbox 1130 2244 1232 2282; x_wconf 87' lang='lat' dir='ltr'><strong>nihil</strong></span> <span class='ocrx_word' id='word_1_215' title='bbox 1259 2245 1466 2283; x_wconf 87' lang='lat' dir='ltr'><strong>amoenius.</strong></span> <span class='ocrx_word' id='word_1_216' title='bbox 1515 2243 1565 2285; x_wconf 78' lang='grc' dir='ltr'><strong>Εἴη</strong></span> <span class='ocrx_word' id='word_1_217' title='bbox 1583 2241 1715 2293; x_wconf 70' lang='grc' dir='ltr'><strong><em>μισηπῗς</em></strong></span> 
     </span>
     <span class='ocr_line' id='line_1_26' title="bbox 332 2307 1712 2363; baseline -0.003 -13"><span class='ocrx_word' id='word_1_218' title='bbox 332 2309 430 2356; x_wconf 79' lang='grc' dir='ltr'><em>Φίλος</em></span> <span class='ocrx_word' id='word_1_219' title='bbox 449 2307 543 2350; x_wconf 75' lang='grc' dir='ltr'><strong><em>οἶκος.</em></strong></span> <span class='ocrx_word' id='word_1_220' title='bbox 591 2311 723 2349; x_wconf 88' lang='lat' dir='ltr'><strong>Postea</strong></span> <span class='ocrx_word' id='word_1_221' title='bbox 751 2324 841 2348; x_wconf 89' lang='lat' dir='ltr'><strong>vero</strong></span> <span class='ocrx_word' id='word_1_222' title='bbox 869 2323 988 2363; x_wconf 89' lang='lat' dir='ltr'><strong>quam</strong></span> <span class='ocrx_word' id='word_1_223' title='bbox 1016 2311 1219 2361; x_wconf 88' lang='lat' dir='ltr'><strong>Tyrannio</strong></span> <span class='ocrx_word' id='word_1_224' title='bbox 1246 2309 1348 2347; x_wconf 86' lang='lat' dir='ltr'><strong>mihi</strong></span> <span class='ocrx_word' id='word_1_225' title='bbox 1367 2309 1488 2347; x_wconf 89' lang='lat' dir='ltr'><strong>libros</strong></span> <span class='ocrx_word' id='word_1_226' title='bbox 1509 2309 1712 2361; x_wconf 87' lang='lat' dir='ltr'><strong>disposuit,</strong></span> 
     </span>
     <span class='ocr_line' id='line_1_27' title="bbox 336 2374 1715 2427; baseline 0.001 -16"><span class='ocrx_word' id='word_1_227' title='bbox 336 2387 444 2412; x_wconf 90' lang='lat' dir='ltr'><strong>mens</strong></span> <span class='ocrx_word' id='word_1_228' title='bbox 466 2375 594 2414; x_wconf 87' lang='lat' dir='ltr'><strong>addita</strong></span> <span class='ocrx_word' id='word_1_229' title='bbox 613 2375 767 2414; x_wconf 90' lang='lat' dir='ltr'><strong>videtur</strong></span> <span class='ocrx_word' id='word_1_230' title='bbox 788 2375 884 2413; x_wconf 88' lang='lat' dir='ltr'><strong>meis</strong></span> <span class='ocrx_word' id='word_1_231' title='bbox 906 2375 1052 2412; x_wconf 76' lang='lat' dir='ltr'><strong>:edibus</strong></span> <span class='ocrx_word' id='word_1_232' title='bbox 1072 2389 1080 2412; x_wconf 91' lang='lat'>:</span> <span class='ocrx_word' id='word_1_233' title='bbox 1113 2388 1190 2427; x_wconf 89' lang='lat' dir='ltr'><strong>qua</strong></span> <span class='ocrx_word' id='word_1_234' title='bbox 1215 2374 1376 2426; x_wconf 89' lang='lat' dir='ltr'><strong>quidem</strong></span> <span class='ocrx_word' id='word_1_235' title='bbox 1409 2375 1449 2412; x_wconf 95' lang='lat' dir='ltr'><strong>in</strong></span> <span class='ocrx_word' id='word_1_236' title='bbox 1482 2388 1521 2412; x_wconf 89' lang='lat' dir='ltr'><strong>re</strong></span> <span class='ocrx_word' id='word_1_237' title='bbox 1548 2374 1715 2412; x_wconf 86' lang='lat' dir='ltr'><strong>mirifica</strong></span> 
     </span>
     <span class='ocr_line' id='line_1_28' title="bbox 333 2439 1714 2494; baseline -0.001 -16"><span class='ocrx_word' id='word_1_238' title='bbox 333 2453 450 2492; x_wconf 90' lang='lat' dir='ltr'><strong>opera</strong></span> <span class='ocrx_word' id='word_1_239' title='bbox 471 2441 648 2492; x_wconf 78' lang='lat' dir='ltr'><strong>Dionysii</strong></span> <span class='ocrx_word' id='word_1_240' title='bbox 668 2451 707 2479; x_wconf 89' lang='lat' dir='ltr'><strong>et</strong></span> <span class='ocrx_word' id='word_1_241' title='bbox 731 2440 960 2494; x_wconf 91' lang='lat' dir='ltr'><strong>Menophili</strong></span> <span class='ocrx_word' id='word_1_242' title='bbox 991 2441 1049 2478; x_wconf 90' lang='lat' dir='ltr'><strong>tui</strong></span> <span class='ocrx_word' id='word_1_243' title='bbox 1079 2439 1171 2479; x_wconf 88' lang='lat' dir='ltr'><strong>fuit.</strong></span> <span class='ocrx_word' id='word_1_244' title='bbox 1218 2440 1337 2479; x_wconf 92' lang='lat' dir='ltr'><strong>Nihil</strong></span> <span class='ocrx_word' id='word_1_245' title='bbox 1366 2440 1563 2478; x_wconf 90' lang='lat' dir='ltr'><strong>venustius</strong></span> <span class='ocrx_word' id='word_1_246' title='bbox 1595 2453 1714 2491; x_wconf 90' lang='lat' dir='ltr'><strong>quam</strong></span> 
     </span>
     <span class='ocr_line' id='line_1_29' title="bbox 335 2503 1714 2558; baseline -0.001 -15"><span class='ocrx_word' id='word_1_247' title='bbox 335 2506 403 2544; x_wconf 86' lang='lat' dir='ltr'><strong>illa</strong></span> <span class='ocrx_word' id='word_1_248' title='bbox 424 2514 489 2543; x_wconf 88' lang='lat' dir='ltr'><strong>tua</strong></span> <span class='ocrx_word' id='word_1_249' title='bbox 511 2514 705 2558; x_wconf 87' lang='lat' dir='ltr'><strong>pegmata,</strong></span> <span class='ocrx_word' id='word_1_250' title='bbox 736 2506 940 2558; x_wconf 89' lang='lat' dir='ltr'><strong>postquam</strong></span> <span class='ocrx_word' id='word_1_251' title='bbox 972 2505 1119 2556; x_wconf 86' lang='lat' dir='ltr'><strong>fillybis</strong></span> <span class='ocrx_word' id='word_1_252' title='bbox 1151 2505 1273 2544; x_wconf 88' lang='lat' dir='ltr'><strong>libros</strong></span> <span class='ocrx_word' id='word_1_253' title='bbox 1303 2505 1557 2544; x_wconf 85' lang='lat' dir='ltr'><strong>illustrarunt.</strong></span> <span class='ocrx_word' id='word_1_254' title='bbox 1591 2503 1714 2541; x_wconf 90' lang='lat' dir='ltr'><strong>Valde</strong></span> 
     </span>
    </p>
   </div>
  </div>
 </body>
</html>
