2243 3008
572 232 679 271 AD
737 230 1168 269 ATTICUM
1238 232 1379 272 LIB.
1433 234 1484 274 V.
1649 249 1721 287 129

334 330 673 382 lWitylenaeorum,
704 327 910 372 habebam,
941 335 980 364 et
1000 326 1150 379 aliquid
1170 325 1332 365 ἑπίκωπιν.
1375 331 1437 368 De
1464 329 1617 369 Parthis
1639 341 1718 370 erat

332 396 544 434 silentium.
568 394 688 446 Qod
709 392 889 446 superest,
907 392 962 429 dii
977 393 1132 444 juvent.
1164 394 1250 432 Nos
1272 394 1398 433 adhuc
1421 396 1492 433 iter
1514 411 1580 448 per
1601 399 1714 435 Grae-

329 461 432 498 ciam
464 460 615 498 summa
645 472 738 497 cum
769 458 1027 496 admiratione
1055 457 1251 497 fecimus:
1285 473 1356 497 nec
1389 459 1611 499 mehercule
1643 461 1713 499 ha-

330 524 418 570 beo,
440 524 546 576 quod
567 522 694 561 adhuc
716 536 835 575 quem
855 522 1032 560 accusem
1054 535 1246 562 meorum.
1275 524 1471 562 Videntur
1490 525 1591 562 mihi
1614 526 1715 563 noss'c

331 602 417 635 nos,
455 589 622 628 nostram
643 588 811 633 causam,
843 597 881 625 ct
901 587 1171 626 conditionem
1191 588 1445 641 profectionis
1468 589 1540 628 suae
1559 606 1568 628 ε
1601 591 1714 642 plane

327 653 498 693 serviunt
518 653 797 692 existimationi
816 666 926 691 meae.
965 652 1084 704 Qod
1106 652 1286 705 superest,
1319 654 1344 692 fi
1366 668 1500 692 verum
1523 655 1621 692 illud
1643 655 1709 699 est,

285 724 291 729 ·
327 720 379 752 οὶοι
397 715 434 765 -y’
452 717 467 760 ἡ
485 712 645 756 ὃέαποιναι,
673 727 777 756 certe
808 717 1120 770 permanebunt:
1154 717 1256 756 nihil
1286 719 1393 756 enim
1425 732 1445 756 a
1473 733 1536 757 me
1558 719 1640 757 fieri
1662 721 1715 757 ita

327 782 534 827 videbunt,
566 791 610 820 ut
630 783 701 838 sibi
721 783 766 821 sit
786 781 1041 835 delinquendi
1064 783 1188 822 locus.
1235 783 1301 821 Sin
1333 784 1373 821 id
1393 798 1530 837 parum
1551 784 1710 838 profue-

328 848 394 892 rit,
427 847 492 886 fiet
512 848 661 900 aliquid
693 862 713 886 a
741 848 853 886 nobis
882 848 1074 886 severius:
1109 861 1198 886 nam
1228 847 1355 887 adhuc
1387 849 1546 887 lenitate
1578 850 1711 888 dulces

330 913 491 956 sumus,
523 921 576 957 et,
609 921 652 950 ut
674 912 795 965 spero,
827 912 1056 990 proficimus
1078 912 1340 964 aliquantum.
1387 913 1458 951 Sed
1490 927 1563 966 ego
1594 913 1709 958 hanc,

328 987 372 1015 ut
407 978 549 1030 singuli
584 977 738 1022 dicunt,
779 978 832 1012 cive
833 975 902 1025 ξἰοιν
935 979 975 1015 in
1011 991 1136 1015 unum
1171 992 1316 1016 annum
1353 979 1562 1017 meditatus
1596 979 1708 1018 sum:

326 1043 490 1094 proinde
524 1055 670 1094 pugna,
703 1056 764 1087 ne,
796 1042 821 1079 fi
854 1041 951 1094 quid
982 1052 1234 1094 prorogatum
1268 1043 1328 1088 fit,
1361 1044 1485 1095 turpis
1521 1044 1708 1081 inveniar.

327 1108 449 1146 Nunc
469 1107 582 1144 redeo
603 1106 650 1144 ad
669 1120 754 1158 quae
775 1105 876 1144 mihi
897 1107 1070 1145 mandas.
1112 1109 1158 1145 In
1179 1107 1369 1160 praefectis
1390 1108 1586 1146 excusatio
1605 1123 1613 1146 z
1647 1109 1710 1153 iis,

323 1186 423 1225 quos
455 1172 575 1216 voles,
607 1171 784 1210 deferto:
819 1185 897 1208 non
927 1185 992 1209 ero
1023 1181 1102 1209 tam
1130 1169 1287 1222 μετέωρος,
1316 1187 1434 1225 quam
1465 1174 1506 1211 in
1539 1174 1711 1226 Apuleio

324 1237 400 1277 fui.
451 1239 657 1276 Xenonem
694 1246 774 1275 tam
807 1236 947 1288 diligo,
992 1251 1111 1289 quam
1147 1246 1217 1275 tu:
1263 1238 1370 1290 quod
1409 1238 1537 1290 ipsum
1573 1239 1712 1277 sentire

323 1312 431 1342 certo
451 1303 544 1342 scio.
590 1302 712 1356 Apud
742 1303 952 1340 Patronem
984 1311 1022 1340 et
1054 1303 1225 1354 reliquos
1257 1302 1418 1341 barones
1450 1313 1487 1341 te
1518 1304 1559 1341 in
1581 1306 1710 1342 maxi-

324 1382 389 1407 ma
421 1369 544 1421 gratia
572 1367 698 1420 posui,
730 1377 769 1406 et
797 1366 958 1406 hercule
987 1368 1129 1406 merito
1160 1377 1229 1406 tuo
1261 1366 1368 1406 feci:
1400 1381 1491 1407 nam
1526 1368 1628 1406 mihi
1662 1370 1710 1413 is,

322 1443 396 1480 ter,
427 1433 544 1479 dixit,
575 1442 613 1471 te
633 1432 816 1485 scripfiffe
835 1432 881 1470 ad
902 1433 952 1478 se,
984 1432 1086 1471 mihi
1115 1446 1163 1471 ex
1195 1432 1304 1471 illius
1336 1433 1460 1472 literis
1493 1448 1576 1472 rem
1600 1434 1710 1472 illam

319 1514 421 1539 curae
454 1499 580 1544 fuiss'e,
611 1499 719 1551 quod
749 1498 785 1536 ei
816 1507 1043 1551 pergratum
1072 1508 1166 1538 erat.
1213 1498 1286 1537 Sed
1316 1512 1410 1538 cum
1442 1500 1586 1538 Patron
1621 1513 1707 1538 me-

323 1579 417 1604 cum
437 1565 584 1618 egisset,
616 1573 659 1602 ut
679 1573 851 1617 peterem
878 1578 899 1602 a
927 1564 1050 1603 vestro
1081 1566 1302 1617 Areopago,
1333 1562 1609 1613 ὑπμνημαπσ-μὶν
1629 1565 1708 1603 tol-

322 1631 462 1675 lerent,
494 1643 614 1682 quem
642 1627 906 1679 Polycharmo
942 1629 1108 1667 Praetore
1142 1629 1328 1674 fecerant,
1363 1628 1612 1667 commodius
1647 1631 1708 1668 vi-

323 1695 407 1734 sum
429 1694 482 1733 est
502 1704 540 1732 et
561 1694 733 1739 Xenoni,
755 1703 793 1731 et
812 1693 897 1746 post
917 1694 986 1746 ipfi
1010 1695 1183 1739 Patroni,
1201 1708 1264 1732 me
1280 1694 1326 1732 ad
1347 1693 1590 1732 Memmium
1612 1695 1708 1733 scri-

319 1761 426 1805 bere,
458 1758 527 1811 qui
557 1758 697 1811 pridie,
728 1771 848 1810 quam
875 1771 947 1809 ego
969 1757 1144 1796 Athenas
1166 1759 1268 1803 veni,
1301 1757 1516 1808 Mitylenas
1547 1758 1707 1811 profec-

320 1835 384 1863 tus
405 1833 499 1869 erat,
532 1832 575 1861 ut
605 1823 636 1860 is
659 1822 704 1860 ad
725 1822 811 1860 suos
833 1822 1031 1867 scriberet,
1063 1823 1165 1875 poffe
1197 1824 1237 1861 id
1270 1823 1334 1861 sua
1362 1823 1563 1861 voluntate
1593 1824 1704 1863 fieri:

319 1904 398 1928 non
420 1890 526 1927 enim
547 1888 751 1926 dubitabat
773 1888 901 1933 Xeno,
933 1889 1030 1941 quin
1060 1889 1108 1926 ab
1137 1888 1384 1941 Areopagitis
1411 1887 1536 1925 invito
1568 1889 1707 1928 Mem-

318 1956 401 1995 mio
420 1954 622 2007 impetrari
642 1967 721 1992 non
742 1953 878 2006 poffet.
924 1954 1145 1992 Memmius
1175 1963 1306 1991 autem
1335 1952 1552 1991 aedificandi
1578 1955 1707 1993 confi-

316 2021 418 2059 lium
438 2019 657 2072 abjecerat,
690 2018 753 2057 sed
773 2028 852 2057 erat
882 2019 1042 2057 Patroni
1062 2019 1182 2057 iratus
1201 2033 1210 2057 ε
1243 2019 1375 2070 itaque
1396 2015 1524 2069 scripsi
1546 2017 1592 2055 ad
1613 2032 1706 2057 eum

317 2095 518 2131 accurate3
542 2086 654 2138 cujus
675 2084 844 2138 epistolae
865 2084 951 2123 misi
971 2084 1017 2122 ad
1038 2094 1075 2123 te
1096 2085 1340 2137 exemplum.
1373 2085 1454 2127 Tu,
1478 2083 1611 2129 velim,
1635 2085 1704 2122 Pi-

317 2151 411 2190 liam
432 2151 530 2190 meis
551 2150 678 2189 verbis
707 2150 932 2188 consolere:
964 2149 1148 2188 indicabo
1179 2151 1286 2188 enim
1317 2148 1405 2193 tibi,
1439 2158 1481 2186 tu
1508 2148 1570 2185 illi
1602 2148 1704 2188 nihil

317 2217 476 2255 dixeris.
509 2216 660 2268 Accepi
680 2214 929 2260 fasciculum,
951 2215 992 2252 in
1014 2229 1094 2268 quo
1114 2224 1194 2253 erat
1214 2214 1373 2268 epistola
1394 2213 1524 2251 Piliae:
1547 2213 1703 2260 abstuli,

319 2283 465 2334 aperui,
496 2282 602 2334 legi:
636 2281 745 2320 valde
765 2281 907 2334 scripta
932 2281 985 2319 est
1017 2274 1221 2329 συμπαθῶς.
1267 2279 1484 2318 Brundufio
1516 2281 1602 2332 quae
1629 2280 1703 2318 tibi

317 2347 486 2400 epistolae
512 2347 669 2386 redditae
697 2347 786 2386 sunt
814 2347 891 2386 fine
922 2359 1021 2391 mea,
1054 2355 1139 2382 tum
1160 2344 1343 2384 videlicet
1376 2344 1486 2389 datae,
1519 2359 1611 2383 cum
1632 2360 1705 2398 ego

318 2425 383 2449 me
417 2424 496 2448 non
530 2411 633 2450 belle
666 2411 878 2451 haberem:
925 2425 1016 2450 nam
1051 2410 1157 2448 illam
1198 2405 1381 2459 vquwdpw
1413 2410 1703 2448 excusationem

318 2490 366 2516 ne
397 2476 605 2528 acceperis.
651 2478 770 2525 Cura,
803 2489 845 2518 ut
872 2478 1006 2518 omnia
1032 2476 1163 2521 sciam,
1196 2476 1258 2515 sed
1280 2476 1466 2521 maxime,
1499 2486 1540 2513 ut
1563 2476 1698 2514 valeas.

405 2543 547 2580 TOM.
581 2540 696 2581 VIII.
1369 2541 1405 2577 R
