2243 3008
526 305 633 344 AD
694 303 1125 342 ATTICUM
1194 305 1480 347 LIB.VII.
1624 320 1697 360 179

308 405 449 450 noster,
479 413 532 450 et,
564 405 634 456 qui
653 403 707 442 est
728 403 949 448 nobiscum,
987 402 1123 442 Nicias
1146 404 1269 447 Cous,
1301 418 1380 442 non
1403 406 1557 444 rebatur
1576 408 1693 460 oppi-

306 471 406 510 dum
436 470 509 508 effe
541 470 697 508 Piraeea.
744 469 817 507 Sed
850 469 898 507 de
929 483 968 507 re
999 469 1146 507 videro.
1198 470 1390 508 Nostrum
1412 472 1572 523 quidem
1595 473 1621 510 fi
1641 473 1695 510 est

306 545 530 589 peccatum,
552 536 594 574 in
615 549 661 574 eo
681 535 748 580 est,
772 535 893 587 quod,
916 549 995 573 non
1017 544 1061 573 ut
1082 535 1128 573 de
1149 536 1311 587 oppido,
1334 537 1491 574 locutus
1514 537 1613 582 sum,
1632 537 1694 575 sed

307 611 352 640 ut
372 601 420 639 de
440 601 557 646 loco;
590 601 821 654 secutusque
842 601 943 645 sum,
974 614 1054 638 non
1075 600 1164 638 dico
1187 601 1411 646 Caecilium,
1443 603 1558 640 Mane
1585 612 1626 640 ut
1654 617 1696 640 ex

298 675 415 720 portu
433 667 471 705 in
490 667 672 706 Piraeeum
688 685 699 710 ;
734 667 878 718 (malus
908 666 1016 704 enim
1043 668 1176 704 auctor
1205 666 1411 705 latinitatis
1432 667 1503 717 est)
1527 667 1591 705 sed
1611 669 1695 706 Te-

307 733 497 778 rentium,
528 734 641 786 cujus
662 731 815 771 fabellae
835 742 995 785 propter
1021 732 1255 784 elegantiam
1284 733 1470 771 sermonis
1501 732 1696 786 putaban-

306 809 373 837 tur
401 813 422 837 a
452 800 501 837 C.
526 798 650 838 Laelio
681 797 813 843 scribi,
844 798 945 836 Heri
968 797 1104 850 aliquot
1133 797 1381 849 adolestentuli
1404 798 1531 836 coimus
1560 798 1597 837 in
1626 798 1698 838 Pi-

307 878 465 908 raeeum3
497 873 536 903 et
562 863 683 909 idem,
714 865 909 902 Mercator
928 863 991 902 hoc
1009 862 1176 908 addebat,
1205 873 1351 916 captam
1371 879 1389 903 e
1410 864 1531 903 Sunio.
1577 864 1699 917 Qod

308 930 335 968 fi
355 923 456 977 ὃὰιιες
475 930 620 983 oppida
639 929 822 968 volumus
843 929 914 968 effe
932 948 942 974 ;
975 939 1056 967 tam
1076 929 1130 967 est
1149 929 1343 982 oppidum
1365 930 1547 975 Sunium,
1578 944 1699 983 quam

309 995 493 1033 Piraeeus.
542 995 629 1040 Sed,
660 995 848 1047 quoniam
881 995 1160 1046 grammaticus
1191 1008 1246 1038 es,
1279 994 1304 1032 fi
1334 994 1412 1033 hoc
1444 994 1546 1034 mihi
1572 992 1700 1043 ζήτημα

309 1060 552 1113 persolveris,
598 1073 740 1112 magna
772 1074 836 1098 me
870 1060 1047 1098 molestia
1079 1060 1270 1098 liberaris.
1327 1060 1399 1098 Ille
1433 1059 1535 1098 mihi
1570 1061 1699 1098 literas

310 1125 471 1164 blandas
492 1126 644 1163 mittit:
668 1125 763 1163 facit
785 1125 890 1163 idem
911 1139 981 1178 pro
1002 1139 1047 1163 eo
1069 1126 1213 1163 Balbus
1233 1141 1241 1163 :
1266 1124 1368 1163 mihi
1389 1135 1541 1164 certum
1562 1126 1630 1170 est,
1652 1125 1700 1163 ab

309 1190 574 1229 honestiffima
593 1190 783 1228 sententia
803 1190 976 1242 digitum
997 1190 1217 1242 nusquam;
1241 1191 1305 1228 sed
1326 1191 1398 1229 scis
1420 1191 1481 1229 illi
1502 1192 1703 1244 reliquum

309 1265 505 1309 quantum
536 1255 596 1294 fit.
643 1255 810 1294 Putasne
831 1255 954 1307 igitur
973 1256 1187 1294 verendum
1207 1255 1294 1301 effe,
1326 1269 1374 1294 ne
1394 1266 1460 1294 aut
1480 1256 1643 1308 objiciat
1663 1257 1705 1294 id

311 1322 427 1360 nobis
447 1321 606 1374 aliquis,
637 1321 664 1359 fi
686 1321 940 1373 languidius;
972 1330 1039 1360 aut
1068 1330 1230 1374 repetat,
1261 1321 1288 1359 fi
1318 1320 1493 1359 fortius?
1526 1322 1636 1373 Qid
1656 1322 1704 1359 ad

310 1386 395 1426 haec
417 1387 592 1440 reperis?
625 1387 843 1433 Solvamus,
875 1388 1024 1440 inquis.
1071 1388 1173 1439 Age,
1204 1400 1226 1424 a
1257 1387 1382 1425 Caelio
1411 1367 1714 1426 mutuabimur&

311 1451 403 1490 Hoc
426 1462 468 1490 tu
490 1461 621 1490 tamen
641 1452 857 1491 confideres
877 1452 1013 1491 velim.
1047 1453 1150 1491 Puto
1165 1453 1289 1497 enim,
1307 1453 1348 1490 in
1371 1453 1513 1490 Senatu
1529 1452 1556 1490 fi
1577 1465 1704 1505 quan-

312 1517 364 1556 do
394 1518 576 1571 praeclare
609 1531 681 1571 pro
715 1519 938 1571 Republica
969 1518 1121 1564 dixero,
1165 1518 1403 1556 Tarteflium
1437 1517 1554 1556 istum
1589 1527 1704 1557 tuum

313 1582 417 1620 mihi
450 1583 626 1628 exeunti,
666 1583 770 1634 Jube
803 1583 912 1622 sodes
948 1596 1133 1622 nummos
1167 1596 1314 1622 curare.
1362 1583 1472 1634 Qid
1504 1583 1703 1636 superest?

312 1649 447 1687 etiam.
481 1649 614 1686 Gener
633 1648 687 1686 est
707 1648 830 1687 suavis
851 1647 968 1694 mihi,
999 1649 1162 1694 Tulliae,
1193 1649 1416 1687 Terentiae:
1450 1649 1705 1701 quantumvis

313 1714 375 1752 vel
407 1714 573 1766 ingenii,
605 1714 665 1752 vel
700 1713 986 1759 humanitatis;
1031 1714 1147 1752 satis:
1180 1715 1344 1767 reliqua,
1375 1727 1462 1765 quae
1497 1713 1611 1758 nosti,
1642 1713 1704 1752 fe-

315 1779 446 1818 renda.
480 1780 562 1817 Scis
583 1780 706 1825 enim,
729 1794 827 1833 quos
849 1781 1113 1832 aperuerimus
1131 1796 1139 1818 :
1173 1781 1242 1833 qui
1263 1793 1415 1824 omnes,
1438 1788 1576 1831 praeter
1596 1793 1703 1825 eum,

315 1845 362 1884 de
381 1859 462 1898 quo
482 1858 551 1899 per
571 1854 608 1882 te
628 1846 797 1898 egimus,
825 1859 907 1883 rem
929 1859 992 1883 me
1013 1845 1138 1883 facere
1159 1855 1336 1884 serentur
1354 1860 1362 1883 :
1396 1845 1485 1897 ipfis
1506 1845 1613 1882 enim
1633 1858 1704 1883 ex-

314 1911 480 1965 pensum
502 1925 618 1949 nemo
650 1911 782 1950 ferret.
830 1912 902 1949 Sed
933 1910 1016 1950 haec
1047 1925 1207 1949 coram:
1241 1925 1332 1949 nam
1364 1911 1484 1948 multi
1516 1910 1704 1949 sermonis

315 1977 419 2015 sunt.
459 1977 621 2015 Tironis
644 1977 844 2015 reficiendi
866 1977 948 2030 spes
969 1976 1022 2014 est
1043 1977 1083 2014 in
1106 1977 1170 2023 M,
1195 1977 1346 2021 Curio3
1379 1976 1445 2013 cui
1465 1989 1537 2027 ego
1558 1975 1704 2028 scripfi,

316 2042 392 2080 tibi
411 2055 503 2080 eum
523 2042 783 2094 gratissimum
805 2042 1016 2081 facturum.
1049 2043 1144 2081 Dat.
1170 2056 1210 2081 v.
1235 2042 1295 2082 Id.
1329 2041 1523 2081 Decemb.
1547 2054 1568 2078 a
1597 2038 1704 2079 Pon‘ss

317 2107 374 2145 tio
393 2120 441 2146 ex
462 2107 706 2147 Trebulano.

658 2309 901 2348 CICERO
943 2310 1200 2347 ATT1co
1243 2302 1374 2345 SArss.

322 2434 396 2473 IV.
422 2433 499 2505 D
513 2435 530 2472 I
544 2435 580 2473 O
594 2436 635 2474 N
648 2437 684 2474 Y
698 2437 720 2474 S
736 2438 752 2475 1
768 2438 806 2475 U
822 2437 886 2482 M,
919 2435 1148 2490 flagrantem
1167 2434 1354 2474 defiderio
1376 2434 1449 2479 tui,
1481 2433 1565 2472 mifi
1587 2434 1633 2471 ad
1655 2442 1706 2477 te,

523 2512 595 2536 nec
616 2499 840 2539 mehercule
860 2516 972 2554 aequo
992 2503 1153 2546 animo;
1186 2500 1249 2539 sed
1275 2499 1355 2538 fuit
1383 2498 1678 2537 concedendum
1697 2513 1707 2535 :

325 2579 445 2619 quem
466 2564 628 2618 quidem
650 2567 817 2617 cognovi
837 2579 929 2605 cum
951 2566 1128 2612 doetum,
1159 2565 1265 2619 quod
1287 2564 1388 2603 mihi
1413 2565 1496 2615 jam
1517 2572 1604 2601 ante
1633 2572 1712 2601 erat

1327 2629 1361 2668 Z
1393 2640 1415 2667 2
