2243 3008
507 226 585 278 256
861 224 1548 266 EPISTOLARUM

503 325 636 363 fuiffes
655 338 664 363 :
697 332 827 362 tamen
847 323 957 362 lectis
978 325 1060 376 ejus
1081 324 1220 370 literis,
1251 338 1347 378 quas
1368 325 1414 363 ad
1433 339 1497 364 rne
1516 324 1730 378 gratiffimo
1758 325 1891 365 animo

504 391 553 428 de
574 400 639 428 tua
657 391 890 429 liberalitate
911 389 1181 443 beneficioque
1202 391 1320 436 misit,
1352 391 1513 430 eandem
1544 406 1607 430 me
1628 392 1791 430 salutem
1810 406 1830 430 a
1851 402 1891 431 te

503 456 690 509 accepiffe
709 457 858 510 putavi,
890 469 1008 509 quam
1029 455 1096 493 ille
1115 470 1123 493 :
1156 456 1197 493 in
1219 470 1338 508 quem
1359 457 1384 494 fi
1406 471 1469 495 me
1489 457 1680 510 intelligis
1701 458 1773 496 effe
1799 471 1888 511 gra-

504 529 592 559 tum
608 540 622 567 5
654 535 760 567 cura,
790 521 964 566 obsecro,
997 529 1041 558 ut
1061 520 1179 558 etiam
1198 521 1240 558 in
1262 521 1499 574 Pompeium
1519 522 1591 561 effe
1609 523 1764 575 poffim.

840 723 1082 761 ClcERo
1123 722 1378 761 ATT1co
1419 721 1550 761 SAL.

505 851 603 892 XII.
629 849 827 922 LEGE
841 852 976 890 ΒΑΜ
997 859 1080 889 tuas
1101 850 1230 888 literas
1253 863 1343 889 xu1
1367 849 1534 888 Kalend.
1553 863 1644 888 cum
1666 849 1767 890 mihi
1788 850 1891 903 epis-

726 917 806 954 tola
844 916 1003 954 affertur
1036 928 1056 952 a
1095 915 1234 967 Lepta,
1277 914 1621 953 circumvallatum
1657 915 1730 954 effe
1769 915 1899 954 Pom-⁷

502 984 639 1036 peium
656 1001 668 1028 ;
700 982 849 1021 ratibus
869 982 987 1020 etiam
1007 981 1135 1019 exitus
1158 989 1291 1033 portus
1314 981 1451 1019 teneri.
1484 981 1579 1020 Non
1601 981 1753 1020 medius
1774 981 1891 1020 fidius

503 1061 582 1100 prae
603 1047 785 1099 lacrymis
806 1045 959 1099 poffum
979 1045 1130 1098 reliqua
1149 1058 1220 1083 nec
1250 1045 1436 1097 cogitare,
1468 1059 1540 1084 nec
1569 1045 1750 1085 scribere.
1796 1046 1891 1084 Mifi

504 1113 552 1150 ad
579 1122 617 1150 te
636 1112 880 1165 exemplum.
927 1110 1094 1149 Miseros
1125 1111 1222 1149 nos!
1255 1099 1327 1149 cur
1355 1124 1433 1149 non
1462 1125 1598 1150 omnes
1626 1111 1753 1150 fatum
1781 1111 1891 1150 illius

473 1212 478 1216 ,
504 1192 582 1216 una
601 1178 757 1217 executi
778 1178 910 1216 sumus
930 1178 943 1214 ?
976 1178 1080 1215 Ecce
1109 1186 1240 1214 autem
1260 1189 1280 1214 a
1300 1177 1432 1214 Matio
1451 1186 1490 1214 et
1511 1177 1701 1215 Trebatio
1726 1177 1860 1215 eadem
1879 1192 1888 1215 :

503 1245 650 1297 quibus
682 1243 904 1282 Minturnis
935 1242 1044 1280 obvii
1075 1242 1232 1280 Caesaris
1254 1241 1461 1280 tabellarii.
1507 1244 1714 1295 Torqueor
1733 1241 1890 1287 infelix,

504 1321 550 1349 ut
565 1312 648 1363 jam
669 1310 785 1348 illum
807 1309 1044 1348 Mucianum
1066 1309 1220 1346 exitum
1240 1317 1438 1361 exoptem.
1485 1309 1541 1346 At
1570 1322 1688 1362 quam
1717 1307 1890 1353 honesta,

503 1385 543 1414 at
564 1389 682 1428 quam
702 1375 897 1428 expedita,
929 1383 996 1412 tua
1024 1373 1197 1418 consilia,
1228 1387 1347 1425 quam
1379 1374 1561 1426 evigilata
1582 1374 1659 1412 tuis
1680 1374 1891 1426 cogitatio-

504 1442 639 1487 nibus,
670 1455 747 1494 qua
777 1441 944 1486 itineris,
975 1454 1052 1494 qua
1073 1440 1346 1492 navigationis,
1377 1453 1454 1492 qua
1473 1440 1710 1493 congressus,
1742 1440 1889 1478 sermo-

503 1508 642 1561 nisque
661 1521 754 1545 cum
777 1507 923 1545 Caesare
941 1508 954 1544 ?
983 1507 1131 1544 Omnia
1151 1515 1238 1544 tum
1258 1504 1430 1550 honesta,
1450 1502 1541 1544 'tum
1562 1515 1687 1544 cauta.
1721 1507 1767 1544 In
1789 1507 1891 1558 Epi-

503 1587 593 1612 rum
614 1586 704 1611 vero
724 1572 904 1610 invitatio
920 1578 1038 1624 qu'am
1059 1570 1198 1616 suavis,
1216 1583 1337 1623 quam
1356 1571 1544 1616 liberalis,
1562 1584 1679 1623 quam
1695 1569 1890 1609 fraterna?

504 1640 568 1678 De
598 1638 788 1689 Dionysio
819 1637 905 1676 sum
935 1637 1176 1675 admiratus:
1209 1636 1292 1688 qui,
1311 1636 1413 1689 apud
1445 1651 1509 1675 me
1538 1636 1766 1675 honoratior
1795 1636 1890 1681 fuit,

502 1717 622 1756 quam
644 1702 746 1756 apud
768 1703 993 1755 Scipionem
1016 1702 1237 1740 Panaetius:
1269 1715 1290 1739 a
1320 1715 1400 1754 quo
1420 1701 1676 1755 impuriffime
1696 1701 1780 1740 haec
1800 1701 1891 1740 nos-

502 1780 563 1809 tra
593 1769 751 1808 fortuna
783 1768 957 1822 despecta
987 1767 1054 1806 est.
1106 1767 1187 1806 Odi
1220 1766 1440 1813 hominem,
1477 1777 1516 1806 et
1547 1767 1692 1813 odero;
1737 1769 1890 1806 utinam

503 1835 640 1875 ulcisci
662 1834 834 1887 poss'em:
868 1834 931 1872 sed
952 1834 1067 1872 illum
1091 1833 1330 1872 ulciscentur
1356 1846 1482 1872 mores
1515 1833 1586 1872 sui.
1631 1835 1713 1878 Tu,
1745 1833 1889 1886 quaeso,

502 1915 611 1940 nunc
643 1901 702 1939 vel
739 1900 924 1945 maxime,
956 1899 1052 1952 quid
1085 1899 1281 1951 agendum
1313 1899 1427 1938 nobis
1463 1899 1522 1944 sit,
1554 1900 1699 1952 cogita.
1746 1899 1891 1952 Populi

504 1967 676 2006 Romani
698 1966 890 2003 exercitus
913 1966 991 2003 Cn.
1017 1965 1251 2017 Pompeium
1284 1965 1561 2010 circumfidet3
1595 1964 1687 2003 fossa
1719 1974 1757 2003 et
1789 1965 1892 2003 vallo

504 2032 657 2086 septum
680 2040 784 2069 tenet
803 2049 813 2075 ;
846 2029 939 2082 fuga
960 2029 1172 2083 prohibet;
1206 2043 1275 2068 nos
1297 2031 1481 2075 vivimus,
1513 2040 1551 2068 et
1580 2031 1647 2068 stat
1677 2031 1768 2069 urbs
1792 2031 1889 2068 ista?

505 2100 692 2137 Praetores
709 2098 774 2149 jus
795 2096 966 2134 dicunt?
999 2096 1148 2134 AEdiles
1182 2095 1295 2133 ludos
1328 2097 1494 2148 parant?
1526 2097 1599 2133 viri
1635 2096 1727 2134 boni
1760 2096 1890 2134 usuras

505 2163 783 2217 pericribunt?
821 2175 894 2214 ego
929 2161 1007 2214 ipse
1042 2161 1183 2199 sedeo?
1226 2162 1356 2199 Coner
1391 2161 1486 2198 illuc
1522 2162 1590 2205 ire,
1625 2171 1667 2199 ut
1702 2161 1888 2199 insanus?

505 2230 714 2282 implorare
747 2227 864 2266 fidem
901 2227 1243 2280 municipiorum?
1277 2227 1369 2265 boni
1407 2241 1483 2265 non
1521 2227 1755 2280 sequentum
1789 2228 1889 2265 leves

504 2295 753 2338 irridebunt;
787 2307 916 2332 rerum
939 2306 1125 2331 novarum
1147 2292 1298 2346 cupidi,
1330 2293 1492 2330 victores
1522 2293 1730 2345 praescrtim
1759 2302 1797 2330 et
1828 2306 1889 2330 ar—

504 2361 616 2405 mati,
648 2360 728 2396 vim
749 2368 786 2397 et
809 2372 946 2397 manus
967 2358 1142 2397 afferent.
1190 2358 1298 2410 Qid
1320 2358 1448 2396 censes
1472 2359 1622 2411 igitur?
1654 2358 1890 2410 ecquidnam

504 2427 558 2465 est
587 2425 644 2464 tui
676 2424 827 2463 confilii
859 2425 904 2462 ad
938 2423 1033 2462 fines
1066 2423 1184 2476 hujus
1219 2423 1442 2462 misen-imre
1464 2425 1582 2462 vitae?
1618 2425 1738 2462 Nunc
1759 2423 1888 2469 doleo,

505 2506 611 2532 nunc
634 2500 832 2545 torqueor,
864 2504 956 2530 cum
977 2490 1213 2544 quibusdam
1233 2499 1298 2529 aut
1327 2490 1473 2544 sapiens
1502 2490 1648 2535 videor,
1679 2489 1786 2543 quod
1817 2502 1891 2528 una
