2243 3008
460 245 533 298 ¹73
811 240 1500 282 EPISTOLARUM

456 343 681 383 decedendo
709 344 798 389 erit,
828 352 874 382 ut
902 343 1032 388 audio,
1064 342 1240 381 tardior:
1273 354 1392 394 quem
1422 354 1516 379 cum
1546 339 1698 379 ornavit
1729 339 1848 384 Cato,

458 409 667 447 declaravit
704 409 754 448 iis
792 408 829 447 se
868 408 959 447 solis
1000 421 1078 445 non
1116 406 1305 451 invidere,
1340 406 1486 459 quibus
1522 404 1625 444 nihil
1664 413 1731 442 aut
1769 417 1850 442 non

458 474 636 514 multum
656 473 704 512 ad
718 474 954 526 dignitatem
974 473 1097 526 poffet
1117 471 1311 510 accedere.
1357 472 1480 510 Nunc
1502 471 1616 510 venio
1643 470 1689 508 ad
1717 471 1849 522 priva-

459 549 525 578 ta:
557 539 638 578 fere
657 539 765 578 enim
785 539 965 592 respondi
993 539 1070 576 tuis
1098 537 1222 575 literis
1250 536 1297 574 de
1325 537 1563 589 Republica,
1593 545 1632 574 et
1659 536 1721 580 iis,
1753 548 1850 587 quas

460 605 503 643 in
527 605 767 652 suburbano,
795 615 835 644 et
861 606 925 650 iis,
955 618 1050 658 quas
1081 603 1210 656 postea
1238 602 1441 655 scripsisti:
1473 602 1520 640 ad
1547 602 1694 654 privata
1719 602 1850 639 venio.

461 671 602 709 Unum
621 671 740 709 etiam
760 671 808 709 de
828 671 966 709 Caelio.
1008 672 1188 708 Tantum
1207 667 1311 706 abest
1332 676 1375 706 ut
1391 681 1520 706 meam
1535 667 1603 705 ille
1620 667 1853 705 sententiam

460 746 632 782 moveat,
663 746 708 775 ut
737 736 847 775 valde
877 751 950 789 ego
981 736 1066 788 ipfi,
1098 734 1206 788 quod
1240 734 1287 772 de
1321 734 1386 772 sua
1417 733 1607 772 sententia
1637 732 1852 777 decefferit,

461 802 740 854 poenitendum
760 811 912 855 putem.
960 801 1032 839 Sed
1058 800 1156 852 quid
1181 799 1249 845 est,
1280 799 1387 852 quod
1413 799 1450 836 ei
1476 798 1554 837 vici
1584 798 1748 835 Lucceii
1779 797 1856 835 fint

462 867 644 905 addicti?
674 866 752 906 hoc
788 877 824 906 te
858 865 1136 920 praetermisiffe
1171 866 1307 903 miror.
1360 865 1422 902 De
1457 863 1679 902 Philotimo
1712 862 1857 901 faciam

462 931 663 984 equidem,
686 941 731 970 ut
750 945 902 970 mones.
947 931 1018 969 Sed
1035 944 1108 982 ego
1124 929 1224 969 mihi
1241 930 1288 967 ab
1310 928 1381 966 illo
1401 927 1478 966 hoc
1496 937 1672 980 tempore
1692 941 1772 966 non
1793 941 1857 967 ra-

463 998 591 1035 tiones
611 998 880 1049 expestabam,
901 1010 996 1050 quas
1019 996 1093 1034 tibi
1114 995 1238 1034 edidit
1249 1013 1261 1040 ;
1293 1008 1430 1033 verum
1451 993 1491 1032 id
1512 994 1727 1046 reliquum,
1749 992 1859 1046 quod

463 1062 545 1114 ipse
564 1063 606 1100 in
628 1062 856 1100 Tusculano
875 1075 939 1100 me
960 1061 1100 1100 referre
1121 1062 1163 1099 in
1183 1061 1515 1099 commentarium
1534 1073 1622 1098 mea
1644 1073 1765 1098 manu
1785 1072 1858 1098 vo·-

463 1128 556 1172 luit,
578 1127 765 1180 quodque
785 1128 890 1166 idem
910 1129 954 1166 irr
975 1128 1063 1166 Asia
1081 1126 1184 1166 mihi
1205 1126 1270 1165 sua
1290 1139 1410 1165 manu
1431 1125 1622 1178 scrIptum
1643 1125 1765 1163 dedit.
1810 1124 1859 1163 Id

466 1193 492 1231 fi
514 1193 720 1246 praestaret,
751 1203 947 1246 quantum
967 1192 1069 1232 mihi
1089 1194 1173 1231 aeris
1193 1192 1312 1231 alieni
1338 1191 1411 1230 effe
1437 1190 1495 1229 ibi
1514 1190 1653 1236 edidit,
1685 1199 1859 1236 tantum,

387 1285 401 1298 .
465 1269 504 1297 et
525 1259 614 1311 plus
635 1259 769 1305 etiam,
797 1259 878 1312 ipse
897 1258 1000 1298 mihi
1021 1259 1193 1297 deberet.
1245 1257 1318 1296 Sed
1339 1258 1380 1295 in
1401 1256 1478 1295 hoc
1498 1270 1653 1309 genere,
1685 1257 1711 1295 fi
1738 1257 1860 1295 modo

495 1338 535 1363 er
566 1324 878 1377 Rempublicam
910 1325 1065 1370 licebit,
1097 1338 1175 1363 non
1210 1323 1480 1362 accusabimur
1511 1322 1698 1375 posthac:
1733 1335 1861 1375 neque

466 1339 628 1428 §ercule
648 1400 760 1429 antea
785 1391 1029 1444 negligentes
1059 1389 1226 1435 fuimus,
1259 1390 1321 1428 sed
1350 1390 1570 1428 amicorum
1599 1389 1863 1428 multitudine

466 1457 665 1509 occupati.
697 1457 805 1509 Ergo
825 1465 999 1502 utemur,
1019 1465 1064 1495 ut
1085 1456 1301 1510 polliceris,
1322 1466 1360 1493 et
1381 1469 1496 1508 opera
1515 1467 1553 1493 et
1574 1455 1737 1493 consilio
1758 1464 1827 1493 tuo
1846 1473 1859 1499 ;

467 1535 540 1560 nec
561 1521 636 1560 tibi
656 1523 818 1568 erimus,
850 1531 894 1561 ut
921 1522 1044 1575 spero,
1076 1523 1117 1560 in
1144 1536 1190 1560 eo
1217 1521 1386 1559 molesti.
1438 1522 1500 1558 De
1527 1520 1761 1572 serperastris
1789 1534 1860 1558 co-

467 1585 594 1625 horti3
627 1601 736 1632 meae,
769 1586 873 1626 nihil
904 1581 1086 1641 estquod
1113 1587 1271 1625 doleas:
1304 1587 1374 1639 ips1
1406 1585 1515 1624 enim
1547 1585 1583 1623 se
1614 1585 1863 1638 collegerunt

466 1652 724 1691 admiratione
750 1653 989 1705 integritatis
1019 1667 1130 1692 meae.
1181 1652 1255 1691 Sed
1282 1666 1345 1691 me
1372 1660 1546 1690 moverat
1574 1665 1691 1690 nemo
1717 1652 1861 1704 magis,

467 1731 587 1770 quam
608 1719 657 1763 is,
688 1732 809 1771 quem
829 1727 873 1756 tu
894 1719 1095 1757 neminem
1123 1727 1252 1772 putas.
1303 1717 1415 1756 Idem
1442 1727 1480 1755 et
1508 1717 1624 1756 initio
1651 1716 1792 1762 fuerat,
1823 1726 1866 1756 et

468 1797 575 1822 nunc
595 1784 664 1829 est,
692 1785 872 1837 egregius
891 1799 900 1823 ε
934 1784 997 1823 sed
1018 1785 1058 1823 in
1079 1784 1161 1837 ipsa
1181 1784 1394 1822 deceffione
1425 1782 1673 1835 significavit,
1704 1782 1863 1834 sperafl'r:

471 1848 505 1886 se
532 1849 710 1901 aliquid;
743 1859 782 1887 et
811 1849 866 1894 id,
898 1849 1006 1902 quod
1032 1849 1211 1887 animum
1232 1848 1438 1886 induxerat
1460 1847 1668 1900 paulisper,
1699 1861 1779 1885 non
1801 1857 1862 1886 te-

471 1915 582 1953 nuit:
616 1915 678 1952 sed
699 1915 780 1952 cito
800 1915 848 1952 ad
868 1915 903 1953 se
925 1915 1039 1953 rediit
1056 1933 1067 1959 3
1101 1914 1273 1966 meisque
1293 1913 1695 1952 honorificentiffimis
1716 1927 1806 1966 erga
1825 1915 1865 1953 se

471 1980 613 2017 officiis
634 1980 775 2026 victus,
803 1980 927 2032 pluris
954 1994 997 2018 ea
1016 1980 1146 2025 duxit,
1177 1993 1295 2032 quam
1315 1993 1476 2018 omnem
1504 1980 1727 2032 pecuniam.
1774 1981 1867 2035 Ego

472 2042 637 2083 a¹Curio
659 2045 809 2084 tabulas
831 2046 979 2098 accepi,
1010 2059 1105 2098 quas
1136 2059 1294 2084 mecum
1325 2055 1453 2098 porto,
1504 2045 1706 2083 Hortensii
1739 2046 1868 2099 legata

472 2111 656 2163 cognovi.
708 2111 831 2150 Nunc
852 2124 944 2149 aveo
965 2111 1060 2150 scire
1081 2111 1178 2164 quid
1198 2111 1374 2150 hominis
1395 2111 1455 2156 sit,
1485 2120 1523 2149 et
1544 2125 1710 2162 quarum
1732 2124 1864 2150 rerum

472 2177 694 2215 auctionem
715 2176 918 2215 instituat:
952 2177 1081 2215 nescio
1106 2177 1213 2216 enim
1243 2191 1329 2222 cur,
1359 2191 1452 2215 cum
1483 2187 1635 2229 portam
1667 2176 1861 2214 Flumen-

475 2251 603 2280 tanam
626 2241 772 2280 Caelius
792 2243 1011 2295 occuparit,
1041 2256 1115 2295 ego
1137 2243 1320 2281 Puteolos
1344 2256 1421 2280 non
1442 2255 1549 2280 meos
1580 2241 1735 2280 faciam.
1782 2243 1863 2280 Vc-

473 2307 540 2344 nio
560 2307 607 2345 ad
630 2308 785 2353 Piraeea,
816 2308 857 2347 in
878 2322 959 2361 quo
980 2310 1103 2362 magis
1125 2308 1463 2362 reprehendendus
1487 2308 1588 2352 sum,
1614 2307 1721 2360 quod
1742 2307 1866 2347 homo

476 2373 679 2411 Romanus
717 2374 858 2412 l'iraeca
891 2374 1125 2426 scripserim,
1165 2389 1244 2413 non
1281 2375 1486 2418 Piraeeum,
1530 2374 1598 2425 (sic
1633 2374 1740 2411 enim
1774 2388 1867 2413 om-

478 2452 543 2476 ncs
571 2438 688 2477 nostri
717 2438 840 2477 locuti
874 2439 981 2488 sunt)
1013 2453 1132 2492 quam
1164 2439 1272 2493 quod
1303 2439 1340 2478 in
1371 2439 1614 2478 addiderim:
1650 2453 1726 2478 non
1756 2441 1866 2479 enim

475 2504 550 2543 hoc
591 2514 634 2544 ut
667 2505 815 2558 oppido
849 2505 1054 2559 proeposui,
1088 2506 1150 2545 scd
1185 2516 1228 2545 ut
1264 2507 1378 2551 loco;
1411 2517 1449 2545 ct
1485 2517 1614 2545 tamen
1654 2506 1864 2558 Dionysius
