2243 3008
457 274 509 326 96
805 273 1492 314 EPISTOLARUM

459 377 685 415 Senatores:
718 388 738 413 a
767 374 912 426 quibus
943 373 1219 418 Marcellinus,
1249 373 1319 425 qui
1339 382 1419 411 erat
1450 372 1720 426 cupidiflimus
1748 373 1841 418 mei,

457 442 687 480 sententiam
708 440 859 493 primus
882 448 1053 491 rogatus,
1070 439 1260 492 quaefivit,
1282 438 1378 492 quid
1398 439 1517 477 essent
1536 439 1577 477 in
1598 438 1844 477 decernendo

456 506 593 544 secuti.
639 507 750 544 Tum
782 505 844 542 M.
867 503 1064 543 Lucullus
1093 503 1140 542 de
1169 504 1350 542 omnium
1380 503 1621 556 collegarum
1654 504 1844 541 sententia

456 570 668 624 respondit,
702 570 902 622 religionis
926 569 1081 621 judices
1113 568 1324 607 Pontifices
1346 567 1473 614 fuisse,
1504 569 1602 621 legis
1624 569 1808 608 Senatum
1830 583 1838 605 :
1858 569 1867 587 ¹

457 637 493 676 se
513 646 552 675 et
572 636 742 687 collegas
763 635 849 673 suos
870 634 917 672 de
937 634 1127 687 religione
1147 633 1337 678 statuiffe;
1370 633 1410 671 in
1433 635 1574 672 Senatu
1595 634 1643 672 de
1663 633 1750 686 lege
1768 633 1842 671 sta-

456 711 626 747 tuturos.
672 701 850 753 Qisque
876 700 1035 745 horum,
1067 700 1156 738 loco
1182 700 1413 738 sententiam
1434 709 1607 752 rogatus,
1638 699 1764 737 multa
1784 699 1842 738 se-

454 769 630 811 cundum
651 767 806 806 causam
826 766 994 805 nostram
1015 765 1240 818 disputavit.
1274 766 1380 804 Cum
1401 765 1447 804 ad
1469 765 1660 804 Clodium
1680 774 1845 804 ventum

454 835 523 880 est,
553 835 681 887 cupiit
706 833 811 872 diem
838 832 1065 871 consumere
1084 847 1093 870 :
1126 845 1252 883 neque
1272 832 1308 870 ei
1328 831 1418 870 finis
1439 831 1493 870 est
1513 831 1637 870 fae'tus
1656 846 1665 869 :
1698 830 1762 868 sed
1783 841 1844 868 ta-

453 914 544 939 men
567 913 659 939 cum
679 898 793 938 horas
815 908 890 936 tres
910 897 991 935 fere
1011 897 1180 942 dixisset,
1210 897 1303 935 odio
1331 906 1370 935 et
1400 897 1561 949 strepitu
1589 897 1750 934 Senatus
1771 909 1843 935 co-

452 968 558 1004 aetus
580 965 633 1003 est
652 963 863 1015 aliquando
883 975 1072 1015 perorare.
1117 963 1222 1000 Cum
1244 961 1353 1000 fieret
1374 961 1780 1000 senatus-consultum
1799 961 1842 1000 in

452 1030 683 1069 sententiam
715 1028 958 1072 Marcellini,
989 1027 1178 1066 omnibus
1207 1035 1346 1079 praeter
1375 1040 1501 1065 unum
1529 1027 1842 1072 assentientibus,

453 1098 635 1139 Serranus
656 1093 882 1134 interceffit.
915 1093 977 1131 De
997 1092 1267 1132 interceffione
1287 1092 1416 1131 statim
1436 1093 1554 1132 ambo
1570 1093 1762 1132 Consules
1778 1106 1842 1131 re-

450 1161 550 1202 ferre
570 1168 790 1214 coeperunt.
824 1160 932 1198 Cum
951 1159 1151 1197 sententiae
1171 1158 1397 1210 graviffimae
1413 1158 1660 1204 dicerentur;
1684 1159 1842 1197 Senatui

450 1228 602 1280 placere
621 1225 723 1265 mihi
753 1225 920 1264 domum
948 1223 1113 1268 restitui,
1143 1224 1345 1276 porticum
1375 1224 1509 1263 Catuli
1538 1225 1674 1270 locari,
1705 1226 1841 1263 aueto-

450 1294 606 1333 ritatem
626 1291 776 1333 ordinis
796 1291 845 1328 ab
873 1289 1060 1329 omnibus
1090 1289 1379 1342 magistratibus
1409 1289 1567 1328 defendi
1584 1309 1596 1335 ;
1629 1290 1654 1329 fi
1676 1304 1762 1343 quae
1782 1291 1841 1329 vis

448 1358 539 1398 effet
560 1357 672 1403 faffl,
696 1358 880 1395 Senatum
901 1355 1234 1400 existimaturum,
1251 1356 1336 1408 ejus
1356 1369 1475 1408 opera
1490 1355 1640 1395 factum
1660 1356 1749 1401 effe,
1770 1357 1842 1408 qui

450 1423 811 1465 senatus-consulto
845 1421 1135 1462 interceffiffet:
1174 1423 1356 1460 Serranus
1393 1423 1628 1474 pertimuit;
1659 1432 1701 1460 et
1735 1423 1839 1460 Cor-

450 1491 608 1530 nicinus
637 1488 685 1529 ad
714 1489 822 1528 suam
851 1497 1022 1527 veterem
1051 1486 1228 1526 fabulam
1258 1487 1402 1526 rediit:
1434 1488 1582 1540 abjecta
1611 1497 1702 1540 toga
1730 1487 1768 1526 se
1793 1487 1842 1526 ad

448 1556 582 1609 generi
602 1554 718 1608 pedes
738 1554 896 1606 abjecit.
944 1553 1018 1593 Ille
1047 1554 1205 1592 noctem
1230 1553 1304 1591 fibi
1325 1552 1561 1606 postulavit:
1595 1567 1673 1591 non
1694 1566 1840 1591 conce-

448 1622 592 1663 debant
609 1639 620 1666 ς
652 1619 1004 1659 reminiscebantur
1029 1619 1135 1657 enim
1165 1618 1255 1658 Kal.
1277 1619 1578 1670 Januariarum:
1610 1619 1677 1658 vix
1709 1627 1841 1659 tamen

447 1686 520 1727 fibi
540 1686 588 1724 de
608 1699 695 1727 mea
713 1685 915 1724 voluntate
934 1683 1158 1723 concessum
1177 1683 1244 1722 est.
1293 1683 1483 1723 Postridie
1502 1683 1841 1724 senatus-consul-

448 1762 537 1794 tum
556 1751 705 1790 faetum
724 1751 777 1789 est
798 1750 852 1796 id,
883 1749 992 1802 quod
1012 1749 1058 1788 ad
1086 1759 1123 1788 te
1154 1749 1254 1788 mifi.
1302 1749 1457 1788 Deinde
1488 1749 1680 1789 Consules
1709 1750 1838 1802 porti-

446 1831 540 1856 cum
571 1817 706 1856 Catuli
735 1815 1012 1854 restituendam
1043 1815 1250 1853 locarunt:
1282 1814 1393 1852 illam
1425 1815 1625 1866 porticum
1655 1815 1837 1867 redemp-

447 1893 550 1923 tores
570 1882 699 1921 statim
722 1882 810 1920 sunt
831 1881 1013 1919 demoliti
1034 1880 1299 1918 libentiffimis
1314 1880 1517 1918 omnibus.
1551 1881 1682 1919 Nobis
1704 1880 1837 1933 supcr-

448 1949 581 1989 ficiem
600 1947 744 1986 aedium
776 1946 967 1985 Consules
997 1945 1045 1984 de
1074 1945 1226 1984 confilii
1258 1945 1446 1983 sententia
1475 1945 1712 1984 :estimarunt
1745 1947 1837 1985 H·S

445 2015 592 2059 vicies;
614 2022 751 2052 caetera
769 2012 880 2050 valde
900 2011 1170 2055 illiberaliter;
1192 2011 1461 2050 Tusculanam
1481 2012 1615 2051 villam
1638 2013 1836 2065 quingen-

447 2081 496 2120 tis
513 2079 715 2123 minibus;
740 2078 997 2116 Formianum
1015 2078 1107 2115 H-S
1124 2077 1304 2115 ducentis
1321 2077 1612 2130 quinquaginta
1630 2078 1835 2116 millibus:

444 2161 531 2200 quae
561 2144 763 2185 aestimatio
790 2158 869 2182 non
897 2143 1018 2182 modo
1042 2142 1295 2182 vehementer
1321 2143 1368 2181 ab
1394 2144 1549 2196 optimo
1569 2158 1744 2196 quoque,
1776 2144 1840 2182 scd

445 2212 563 2251 etiam
585 2225 607 2249 a
627 2210 756 2264 plebe,
788 2209 1099 2264 reprehenditur.
1149 2209 1285 2253 Dices,
1315 2209 1413 2261 quid
1441 2210 1564 2261 igitur
1583 2210 1703 2247 caufit
1726 2209 1802 2248 fuit
1822 2212 1841 2247 θ

447 2278 602 2317 Dicunt
632 2277 691 2315 illi
722 2276 903 2329 quidem,
934 2275 1125 2329 pudorem
1158 2288 1321 2319 meum;
1353 2275 1462 2328 quod
1492 2289 1617 2327 neque
1646 2277 1835 2327 negarim,

447 2358 573 2397 neque
593 2343 864 2382 vehementius
887 2342 1113 2396 postularint
1132 2357 1142 2380 z
1176 2342 1238 2380 sed
1261 2354 1336 2380 non
1359 2342 1410 2380 est
1433 2341 1471 2380 id
1490 2359 1499 2385 ;
1534 2356 1623 2380 nam
1645 2341 1721 2380 hoc
1741 2343 1834 2395 qui-

446 2411 537 2449 dem
557 2409 676 2447 etiam
704 2407 920 2462 profuisset.
967 2408 1115 2446 Verum
1148 2407 1283 2452 iidem,
1315 2407 1370 2446 mi
1392 2408 1446 2445 T.
1473 2407 1683 2459 Pomponi,
1716 2407 1839 2445 iidem

447 2477 610 2529 inquam
630 2474 706 2519 illi,
724 2488 822 2527 quos
846 2488 892 2512 ne
914 2483 956 2513 tu
977 2473 1141 2527 quidem
1163 2473 1331 2526 ignoraS,
1350 2473 1420 2526 qui
1442 2472 1540 2511 mihi
1564 2485 1709 2526 pennas
1732 2473 1834 2510 inci-

445 2542 596 2587 derant,
618 2540 760 2580 nolunt
779 2540 930 2580 easdem
951 2539 1096 2579 renasci
1114 2554 1121 2579 :
1157 2539 1233 2585 sed,
1258 2548 1301 2578 ut
1321 2539 1445 2593 spero.
1462 2541 1544 2591 jam
1567 2538 1833 2578 renascuntur.
