2243 3008
581 248 691 287 AD
747 247 1179 288 ATTICUM
1248 251 1390 293 LIB.
1442 255 1536 295 VII.
1679 273 1751 314 193

363 346 539 400 patribus
559 344 816 385 familiarum.
862 346 1095 384 Secutorum
1121 347 1166 385 in
1196 347 1291 387 ludo
1313 350 1387 390 Ioo
1410 351 1597 394 fuerunt:
1630 371 1747 410 erup-

361 413 513 451 tionem
533 410 673 450 facturi
692 410 806 450 fuiffe
825 411 1070 451 dicebantur.
1119 414 1214 451 Sane
1240 415 1416 454 multum
1437 418 1478 455 in
1499 433 1544 457 eo
1565 422 1747 474 Reipub-

359 478 446 516 licae
465 477 665 530 provisum
686 476 753 515 est.
786 477 849 515 De
868 477 1103 516 mulieribus
1125 479 1281 525 nostris,
1295 480 1337 518 in
1359 481 1503 533 quibus
1525 485 1577 522 est
1598 496 1663 524 tua
1683 489 1745 526 so-

358 556 435 588 ror,
467 543 595 596 quaeso
615 542 758 588 videas,
790 552 836 581 ut
855 543 943 582 satis
963 542 1172 582 honestum
1193 545 1307 584 nobis
1328 547 1388 592 s1t,
1417 561 1477 587 eas
1498 550 1637 589 Romae
1658 553 1743 598 effe,

354 621 449 648 curn
469 619 615 648 caeterae
635 609 717 648 ulla
743 609 936 662 dIgnitate
965 609 1230 656 discesserint.;
1260 610 1339 650 hoc
1366 613 1497 667 scripsi
1526 615 1573 653 ad
1599 630 1675 662 eas,
1707 628 1745 657 et

354 674 402 712 ad
423 684 462 713 te
480 675 611 728 ipsum
631 684 756 714 antea.
789 675 923 714 Velim
943 687 1004 713 eas
1024 673 1243 722 cohortere,
1276 685 1319 715 ut
1338 689 1477 718 exeant
1488 699 1500 725 ς
1531 682 1744 733 praesertim

352 753 447 778 cum
466 754 510 778 ea
527 740 671 793 praedia
689 741 731 778 in
751 753 818 779 ora
835 740 1034 779 maritima
1051 739 1281 787 habeamus,
1313 743 1378 781 cui
1399 757 1472 796 ego
1491 745 1671 797 praesum,
1699 759 1743 787 ut

352 805 394 844 in
423 805 486 844 his
517 820 588 858 pro
617 819 658 844 re
686 815 774 844 nata
800 819 881 845 non
901 806 1154 846 incommode
1174 807 1317 860 poffint
1337 808 1422 848 effe.
1470 811 1577 849 Nam
1597 812 1624 850 fi
1646 814 1742 865 quid

353 871 609 917 offendimus,
638 871 681 910 in
701 885 845 925 genero
864 872 994 911 nostro
1010 891 1023 918 ς
1055 872 1163 926 quod
1191 873 1354 926 quidem
1374 888 1447 928 ego
1469 876 1641 929 praestare
1660 891 1741 918 non

353 937 504 976 debeo:
537 937 600 976 sed
620 937 726 976 id‘fit
746 939 887 990 majus,
918 938 1026 991 quod
1045 938 1230 977 mulieres
1254 939 1390 979 nostrae
1421 951 1559 994 praeter
1586 953 1739 983 caeteras

353 1004 492 1042 Romae
512 1003 792 1043 remanserunt.
838 1006 906 1042 Tu
934 1003 1015 1057 ipse
1044 1017 1138 1043 cum
1159 1005 1276 1043 Sexto
1296 1005 1392 1044 scire
1412 1007 1531 1046 velim
1552 1009 1648 1060 quid
1669 1023 1738 1049 co-

351 1070 452 1122 gites
473 1069 520 1107 de
540 1069 734 1114 exeundo,
766 1069 812 1107 de
834 1078 994 1122 totaque
1023 1084 1064 1108 re
1083 1070 1180 1122 quid
1207 1070 1418 1110 existImes.
1464 1074 1665 1127 Equidem
1692 1077 1738 1114 ad

350 1147 488 1186 pacem
507 1133 656 1171 hortari
676 1147 756 1172 non
786 1134 944 1172 desmoz
976 1148 1062 1186 quae
1093 1136 1154 1173 vel
1184 1134 1325 1191 inj‘usta
1356 1137 1494 1177 utilior
1521 1139 1588 1186 est,
1619 1154 1739 1194 quam

344 1197 598 1250 justiffimum
621 1197 787 1238 bellum.
832 1198 905 1236 Sed
924 1197 1008 1238 haec
1030 1209 1074 1238 ut
1093 1199 1173 1238 fors
1195 1200 1346 1240 tulerit.

686 1402 929 1439 Crcssno
970 1402 1226 1440 ATT1co
1269 1402 1399 1443 SAL.

347 1528 440 1567 XV.
465 1527 595 1600 UT
625 1528 674 1566 ab
703 1529 799 1566 urbe
831 1529 992 1574 discesti,
1035 1530 1193 1570 nullum
1226 1532 1355 1572 adhuc
1389 1532 1579 1572 intermisi
1612 1535 1731 1581 diem,

564 1594 661 1647 quin
681 1594 833 1647 aliquid
852 1595 899 1632 ad
920 1605 958 1633 te
977 1595 1177 1634 literarum
1200 1598 1330 1637 darem
1348 1618 1359 1644 ;
1391 1612 1471 1637 non
1502 1614 1582 1653 quo
1608 1600 1731 1640 habe-

346 1674 429 1699 rem
448 1674 686 1714 magnopere
706 1660 801 1713 quid
822 1661 1056 1707 scriberem;
1080 1663 1143 1700 sed
1165 1673 1208 1702 ut
1228 1665 1408 1717 loquerer
1429 1674 1562 1704 tecum
1581 1667 1730 1713 absens,

345 1740 426 1780 quo
445 1725 562 1771 mihi,
594 1740 687 1764 cum
708 1739 840 1765 coram
860 1727 900 1764 id
921 1741 1000 1765 non
1021 1728 1130 1774 licet,
1163 1729 1265 1768 nihil
1295 1731 1348 1768 est
1371 1731 1605 1783 jucundius.
1652 1734 1731 1771 Ca-

345 1806 464 1846 puam
484 1805 577 1830 cum
597 1791 781 1831 venissem
802 1806 835 1831 a.
859 1793 898 1831 d.
924 1807 985 1831 VI.
1009 1794 1099 1832 Kal.
1123 1795 1262 1846 pridie,
1281 1810 1399 1848 quam
1421 1795 1487 1835 has
1510 1797 1639 1836 literas
1661 1799 1730 1837 de-

345 1859 400 1904 di,
423 1858 613 1898 Consules
635 1859 816 1904 conveni,
838 1859 1064 1911 multosque
1083 1860 1203 1899 nostri
1223 1862 1387 1901 ordinis.
1421 1863 1572 1901 Omnes
1593 1865 1730 1917 cupie-

343 1925 439 1963 bant
461 1924 665 1970 Caesarem,
697 1925 874 1964 abductis
895 1925 1094 1978 praefidiis,
1117 1926 1212 1965 stare
1231 1927 1528 1967 conditionibus
1548 1930 1612 1975 iis,
1635 1944 1731 1983 quas

341 1990 512 2029 tuliss‘et:
545 1992 614 2029 uni
636 1991 811 2030 Favonio
831 1991 934 2044 leges
955 1991 1003 2030 ab
1022 1992 1095 2031 illo
1116 1993 1230 2031 nobis
1250 1993 1405 2047 imponi
1425 2008 1504 2033 non
1526 1995 1728 2048 placebat;

342 2055 407 2094 sed
432 2056 464 2094 is
484 2055 590 2094 haud
616 2056 771 2095 auditus
801 2057 843 2095 in
875 2057 1052 2096 confilio.
1099 2058 1200 2097 Cato
1229 2059 1335 2097 enim
1363 2059 1443 2112 ipse
1463 2060 1547 2112 jam
1574 2060 1727 2106 servire,

339 2135 458 2175 quam
478 2135 667 2176 pugnare,
686 2123 852 2162 mavult.
885 2123 957 2162 Sed
979 2133 1108 2162 tamen
1129 2124 1198 2169 ait,
1220 2125 1262 2162 in
1284 2126 1426 2163 Senatu
1446 2126 1483 2163 se
1503 2125 1623 2164 adesse
1643 2127 1729 2164 vel-

341 2189 393 2234 le,
415 2202 508 2228 cum
529 2189 575 2227 de
595 2189 892 2229 conditionibus
913 2199 1062 2243 agatur,
1094 2190 1120 2228 fi
1143 2191 1268 2229 Caesar
1287 2191 1474 2229 adduc'tus
1496 2191 1541 2229 fit
1562 2201 1606 2230 ut
1625 2205 1727 2245 prae-

342 2253 434 2293 fidia
452 2255 633 2294 deducat.
671 2257 745 2302 Ita,
776 2256 883 2310 quod
903 2257 1076 2295 maxime
1095 2270 1193 2309 opus
1213 2256 1282 2302 est,
1313 2257 1353 2294 in
1375 2257 1549 2295 Siciliam
1570 2257 1626 2296 ire
1646 2271 1727 2297 non

342 2327 471 2358 curat:
494 2321 601 2372 quod
620 2330 756 2360 metuo
776 2335 826 2360 ne
845 2322 959 2368 obsit,
977 2322 1019 2360 in
1040 2323 1181 2360 Senatu
1202 2321 1274 2360 effe
1293 2322 1394 2360 vult.
1426 2322 1633 2362 Postumus
1654 2336 1725 2362 au-

339 2392 438 2428 tem,
459 2383 507 2421 de
525 2397 605 2437 quo
626 2387 861 2426 nominatim
884 2389 1044 2426 Senatus
1066 2387 1251 2433 decrevit,
1274 2396 1318 2425 ut
1338 2387 1466 2426 statim
1487 2388 1527 2425 in
1550 2389 1725 2427 Siciliam

341 2449 429 2494 iret,
461 2448 714 2503 Furfanoque
733 2452 969 2499 succederet,
1000 2463 1116 2506 negat
1145 2453 1181 2491 se
1207 2453 1285 2492 fine
1307 2453 1456 2492 Catone
1476 2454 1623 2492 iturum
1641 2473 1653 2499 ;
1684 2463 1726 2492 et

341 2515 448 2553 suam
469 2515 510 2553 in
532 2515 672 2553 Senatu
693 2530 852 2569 operam
871 2519 1220 2572 auctoritatemque
1240 2532 1359 2572 quam
1383 2520 1516 2572 magni
1546 2519 1721 2560 aestimat.

427 2583 465 2619 T
479 2594 502 2620 0
517 2594 569 2620 M.
604 2581 721 2623 VIII.
1339 2585 1370 2623 Β
1401 2583 1426 2622 b
