2243 3008
511 266 587 318 236
862 260 1548 301 EPISTOLARUM

511 377 632 417 quam
653 371 698 401 ut
717 361 836 414 fugae,
867 360 960 399 socii
982 360 1115 399 fimus.
1161 361 1249 399 Nec
1279 360 1386 398 enim
1415 358 1515 397 ferre
1542 367 1678 412 potero
1706 359 1902 399 sermones

512 429 675 467 istorum
695 427 925 480 quicunque
946 425 1034 464 sunt
1053 440 1062 463 :
1095 438 1173 462 non
1195 424 1284 462 sunt
1304 425 1410 462 enim
1431 434 1550 470 certe,
1574 434 1617 462 ut
1638 425 1900 477 appellantur,

514 494 625 533 boni.
658 493 732 531 Sed
753 502 882 531 tamen
905 492 943 529 id
965 491 1093 544 ipsum
1116 490 1210 527 scire
1230 492 1364 542 cupio,
1396 490 1493 542 quid
1513 490 1751 543 loquantur;
1783 491 1905 544 idque

514 569 560 598 ut
592 558 788 612 exquiras,
834 571 975 609 meque
1014 556 1220 594 certiorem
1255 554 1389 599 facias,
1434 564 1472 592 te
1505 555 1756 594 vehementer
1789 570 1899 608 rogo.

515 627 603 666 Nos
634 624 780 670 adhuc,
809 623 906 677 quid
936 621 1144 662 Brundufii
1178 621 1308 658 aestum
1337 620 1443 665 esset,
1474 621 1589 673 plane
1619 622 1903 661 nesciebamus,

516 692 624 730 Cum
645 691 826 735 sciemus,
858 698 946 727 tum
974 701 1023 726 ex
1049 701 1089 725 re
1117 695 1156 725 et
1180 699 1227 724 ex
1248 695 1424 740 tempore
1445 686 1654 725 confilium
1673 688 1872 740 capiemus
1890 707 1902 731 3

517 756 580 796 sed
602 765 758 796 utemur
778 764 863 793 tuo,

858 957 1100 995 c1c1zno
1142 955 1398 992 ATT1c0
1439 953 1570 993 SAr..

521 1085 598 1125 111.
622 1085 701 1159 D
716 1084 813 1123 ΟΜ
827 1084 960 1124 ΙΤΙΙ
990 1082 1099 1122 filius
1118 1083 1266 1121 tranfiit
1288 1083 1464 1121 Formias
1487 1096 1574 1121 vm
1598 1082 1658 1121 Id.
1681 1095 1840 1122 currens
1861 1083 1912 1121 ad

731 1160 898 1190 matrem
918 1149 1158 1202 ,Neapolim‚
1189 1147 1371 1201 mihique
1403 1149 1579 1187 nuntiari
1601 1149 1726 1201 jussit,
1758 1159 1909 1202 patrem

519 1217 566 1256 ad
588 1217 728 1256 urbem
746 1215 818 1255 effe
834 1235 847 1262 ς
878 1229 972 1254 cum
992 1214 1040 1252 de
1059 1227 1106 1252 eo
1124 1213 1274 1252 curiose
1295 1213 1480 1266 quaefiss‘et
1501 1213 1628 1251 servus
1651 1213 1777 1252 noster
1803 1214 1908 1253 Dio-

520 1283 666 1335 nyfius.
711 1282 799 1321 Nos
827 1290 959 1320 autem
978 1280 1223 1318 audieramus
1243 1292 1335 1317 eum
1355 1278 1592 1332 profectum,
1624 1279 1698 1318 five
1718 1279 1764 1317 ad
1786 1279 1910 1318 Pom-

520 1349 672 1401 peium,
703 1348 777 1386 five
797 1347 837 1385 in
859 1346 1108 1400 Hispaniam.
1149 1345 1195 1384 Id
1215 1344 1438 1397 cujusmodi
1458 1345 1518 1390 fit,
1550 1345 1645 1383 scire
1665 1345 1752 1383 sane
1772 1345 1908 1384 velim.

520 1414 629 1452 Nam
650 1413 697 1451 ad
717 1412 771 1457 id,
794 1411 902 1465 quod
921 1411 1110 1456 delibero,
1141 1410 1326 1464 pertinet,
1358 1410 1384 1448 fi
1406 1410 1473 1448 ille
1493 1419 1596 1448 certe
1618 1410 1809 1463 nusquam
1830 1410 1910 1448 dis-

520 1479 643 1525 cessit,
674 1478 896 1530 intelligere
922 1479 1105 1522 Cnaeum,
1137 1490 1214 1514 non
1240 1476 1312 1515 effe
1332 1475 1468 1514 faciles
1489 1476 1603 1514 nobis
1623 1490 1672 1514 ex
1694 1476 1806 1514 Italia
1825 1477 1911 1515 exi-

523 1555 602 1591 tus,
620 1558 714 1583 cum
734 1557 777 1582 ea
797 1552 878 1582 tota
898 1543 1014 1583 armis
1035 1541 1297 1595 praesidiisque
1318 1550 1508 1586 teneatur,
1531 1540 1662 1579 hieme
1683 1541 1909 1593 praesertim.

524 1611 648 1656 Nam,
679 1610 705 1648 fi
732 1608 981 1648 commodius
1003 1608 1094 1646 anni
1115 1616 1272 1660 tempus
1293 1605 1398 1651 esset,
1430 1605 1490 1644 vel
1512 1605 1639 1645 infero
1659 1607 1756 1644 mari
1778 1606 1914 1646 liceret

523 1678 598 1715 uti.
631 1676 753 1715 Nunc
774 1673 876 1712 nihil
897 1673 1037 1727 potest,
1059 1672 1130 1711 nifi
1151 1672 1303 1726 supero,
1326 1671 1562 1718 transmitti;
1593 1685 1675 1725 quo
1694 1672 1768 1710 iter
1788 1673 1913 1711 inter-

523 1741 678 1780 clusum
698 1740 767 1779 est.
810 1741 972 1792 Qaeres
1001 1739 1125 1791 igitur
1152 1748 1191 1776 et
1218 1738 1265 1776 de
1286 1737 1485 1783 Domitio,
1516 1747 1555 1775 et
1575 1737 1623 1776 de
1643 1738 1831 1776 Lentulo.
1876 1739 1912 1776 A

526 1806 745 1846 Brundusio
774 1805 884 1844 nulla
912 1804 1041 1843 adhuc
1069 1803 1175 1842 fama
1196 1812 1378 1842 venerat:
1410 1812 1450 1841 et
1470 1812 1549 1840 erat
1569 1802 1636 1840 hic
1656 1802 1738 1841 dies
1761 1816 1824 1841 vn
1851 1803 1910 1843 Id.

525 1887 606 1926 quo
632 1872 695 1910 die
722 1870 1025 1923 suspicabamur,
1055 1878 1122 1907 aut
1151 1868 1292 1921 pridie,
1323 1867 1587 1906 Brundusium
1617 1867 1758 1906 venisse
1786 1868 1913 1906 Caesa-

525 1952 608 1976 rem
627 1952 636 1976 :
669 1950 759 1975 nam
782 1936 871 1974 Kal.
894 1935 1014 1988 Arpis
1035 1934 1238 1973 manserat.
1283 1933 1355 1972 Sed
1376 1933 1401 1972 si
1425 1933 1655 1972 Postumum
1676 1934 1809 1972 audire
1828 1934 1912 1972 vel-

527 2005 598 2048 les,
630 2002 901 2056 persecuturus
934 2010 1014 2039 erat
1049 2001 1243 2038 Cnaeum:
1283 1999 1449 2038 transisse
1482 2000 1588 2038 enim
1616 2001 1699 2051 jam
1735 2000 1911 2052 putabat,

526 2069 750 2121 conjectura
770 2065 1043 2120 tempestatum
1064 2079 1107 2103 ac
1128 2065 1295 2104 dierum.
1343 2066 1430 2118 Ego
1461 2074 1594 2103 nautas
1623 2079 1714 2104 eum
1737 2080 1814 2104 non
1837 2080 1913 2119 pu-

528 2134 659 2172 tabam
681 2132 938 2172 habiturum:
971 2132 1039 2170 ille
1065 2131 1302 2176 confidebat,
1333 2141 1373 2168 et
1401 2145 1447 2169 eo
1478 2132 1617 2184 magis,
1648 2131 1754 2184 quod
1783 2133 1915 2170 audita

531 2199 777 2238 naviculariis
798 2197 973 2237 hominis
994 2197 1204 2236 liberalitas
1225 2197 1329 2235 css'et.
1374 2197 1445 2235 Sed
1476 2207 1557 2235 tota
1587 2210 1644 2234 res
1673 2197 1916 2236 Brundufim

524 2267 606 2317 jam
627 2279 707 2318 quo
729 2264 847 2305 modo
867 2263 1006 2304 habeat
1026 2264 1077 2310 se,
1108 2264 1256 2303 diutius
1280 2263 1422 2302 nescire
1445 2276 1521 2302 non
1545 2262 1708 2315 possum.
