2243 3008
509 245 584 271 222
856 229 1539 270 EPISTOLARUM

508 333 534 370 fi
556 345 631 384 qua
651 331 738 376 erit,
769 330 1079 383 praetermittam.
1127 331 1214 382 Ego
1243 343 1306 368 me
1335 330 1375 368 in
1405 329 1479 369 hac
1506 332 1616 370 omni
1646 332 1756 370 causa
1775 331 1890 373 facile

505 397 778 450 intelligebam
794 396 995 449 pugnandi
1015 395 1169 448 cupidis
1189 395 1421 435 hominibus
1441 411 1520 436 non
1538 397 1767 438 satisfacere.
1801 400 1890 438 Pri-

506 478 620 503 mum
640 464 747 502 enim
777 475 854 514 pra:
882 476 943 500 me
974 461 1064 505 tuli,
1095 474 1159 498 me
1188 459 1291 498 nihil
1320 462 1436 500 malle
1465 477 1584 515 quam
1615 477 1778 516 pacem;
1811 479 1889 503 non

506 530 605 583 quin
625 529 759 568 eadem
780 528 976 571 timerem,
1007 540 1093 579 quae
1114 525 1174 563 illi
1193 541 1201 563 :
1235 525 1298 563 sed
1318 539 1360 564 ea
1381 527 1486 565 bello
1505 529 1615 566 civili
1641 529 1786 567 leviora
1813 530 1889 568 du-

507 596 659 634 cebam.
705 593 802 632 Inde
831 593 1007 645 suscepto
1038 591 1157 635 bello,
1188 604 1281 629 cum
1312 591 1417 643 pacis
1438 593 1684 632 conditiones
1704 595 1751 632 ad
1773 605 1809 634 te
1829 595 1888 633 af-

505 661 614 707 ferri,
645 674 666 698 a
696 669 811 712 teque
842 659 889 696 ad
920 671 963 696 ea
990 656 1208 695 honorifice
1239 666 1278 695 et
1306 658 1412 709 large
1433 657 1670 710 responderi,
1701 660 1889 707 viderem,

506 728 602 766 duxi
637 739 764 764 meam
795 724 1014 768 rationem;
1044 736 1165 775 quam
1195 722 1270 760 tibi
1299 721 1415 760 facile
1444 736 1508 761 me
1536 723 1794 776 probaturum
1820 741 1892 779 pro

506 803 575 832 tuo
602 793 642 830 in
671 805 735 830 me
765 789 956 828 beneficio
985 788 1210 826 arbitrabar.
1257 788 1523 826 Memineram
1554 801 1618 827 me
1646 789 1719 828 esse
1748 804 1889 836 unum,

504 860 575 912 qui
596 871 666 911 pro
687 857 784 895 meis
805 855 988 893 maximis
1012 855 1054 892 in
1076 854 1383 906 Rempublicam
1409 855 1560 892 meritis
1590 854 1783 908 supplicia
1811 857 1891 895 mi-

505 924 662 962 serrima
679 930 718 959 et
738 919 998 959 crudeliffima
1016 918 1282 970 pertulifl‘em:
1315 931 1378 956 me
1397 918 1470 956 effe
1490 933 1631 965 unum,
1663 921 1747 972 qui,
1780 921 1804 959 fi
1826 921 1891 960 of-

503 987 708 1027 fendissem
728 987 811 1038 ejus
831 985 1025 1028 animum,
1057 983 1122 1021 cui
1143 993 1245 1029 tum,
1275 997 1369 1022 curn
1392 985 1477 1036 jam
1506 985 1547 1023 in
1573 986 1690 1023 armis
1711 986 1889 1032 effemus,

505 1053 741 1092 Consulatus
763 1060 893 1089 tamen
914 1050 1011 1087 alter
1030 1059 1069 1087 et
1089 1048 1316 1102 triumphus
1345 1050 1603 1103 amplissimus
1629 1050 1890 1098 deferebatur,

504 1119 713 1171 subjicerer
733 1116 877 1155 eisdem
898 1115 1064 1168 praelii83
1098 1123 1143 1153 ut
1162 1128 1249 1153 mea
1268 1115 1429 1167 persona
1448 1116 1598 1170 semper
1617 1117 1663 1155 ad
1684 1118 1889 1170 improbo-

502 1199 593 1224 rum
612 1184 762 1223 civium
791 1182 964 1235 impetus
993 1180 1144 1233 aliquid
1173 1180 1370 1219 videretur
1394 1180 1536 1220 habere
1564 1183 1766 1236 populare.
1812 1185 1889 1222 At-

501 1265 581 1305 que
600 1250 683 1289 haec
705 1262 784 1288 non
804 1261 877 1300 ego
897 1247 1005 1300 prius
1026 1246 1112 1285 sum
1133 1246 1361 1299 suspicatus,
1392 1261 1512 1300 quam
1538 1247 1641 1286 mihi
1673 1249 1798 1302 palam
1819 1249 1888 1288 de-

502 1317 682 1356 nuntiata
701 1315 810 1354 sunt:
835 1327 962 1366 neque
977 1326 1020 1351 ea
1041 1322 1120 1350 tam
1136 1313 1340 1365 pertimui,
1358 1312 1384 1350 fi
1405 1312 1605 1352 subeunda
1619 1313 1752 1359 essent,
1771 1329 1890 1367 quam

500 1381 735 1421 declinanda
767 1379 916 1433 putavi,
949 1379 976 1416 fi
1010 1377 1169 1416 honeste
1201 1379 1321 1416 vitare
1354 1379 1516 1431 possem.
1563 1381 1696 1432 Qam
1732 1380 1890 1419 brevem

503 1449 612 1487 illius
634 1446 839 1499 temporis,
870 1445 966 1483 dum
982 1445 1023 1482 in
1045 1443 1109 1496 spe
1129 1457 1204 1496 pax
1225 1443 1318 1490 fuit,
1350 1445 1541 1483 rationem
1563 1445 1730 1484 nostram
1752 1446 1858 1485 vides
1874 1466 1887 1492 5

502 1513 645 1565 reliqui
665 1511 893 1550 facultatem
916 1522 973 1547 res
993 1508 1154 1547 ademit.
1202 1509 1254 1546 Iis
1281 1517 1427 1553 autem,
1459 1509 1606 1561 quibus
1634 1523 1712 1547 non
1736 1509 1887 1548 satisfa-

502 1578 580 1623 cio,
612 1576 727 1615 facile
748 1573 974 1628 respondem
1009 1573 1152 1625 Neque
1172 1573 1280 1610 enim
1300 1586 1373 1625 ego
1393 1573 1558 1611 amicior
1579 1575 1627 1611 C.
1652 1573 1790 1613 Caesari
1812 1588 1889 1613 un-

499 1657 620 1696 quam
642 1642 716 1687 fui,
748 1653 866 1694 quam
887 1640 976 1684 illi;
1010 1652 1136 1691 neque
1156 1638 1218 1676 illi
1242 1639 1446 1677 amiciores
1476 1639 1739 1692 Reipublicae,
1771 1654 1892 1693 quam

500 1723 588 1762 ego.
632 1709 724 1747 Hoc
746 1707 847 1744 inter
868 1719 932 1743 me
951 1714 990 1742 et
1010 1703 1100 1742 illos
1130 1703 1314 1749 interest;
1347 1703 1470 1757 quod,
1501 1718 1594 1742 cum
1624 1713 1662 1742 et
1694 1704 1753 1743 illi
1785 1706 1889 1744 cives

499 1776 642 1828 optimi
664 1774 752 1819 sint,
783 1782 822 1811 et
841 1785 915 1824 ego
934 1771 982 1809 ab
1003 1770 1071 1808 ista
1091 1770 1203 1808 laude
1224 1784 1302 1809 non
1323 1770 1459 1815 absim,
1482 1784 1554 1822 ego
1574 1770 1887 1817 conditionibus,

499 1842 608 1895 quod
629 1841 733 1878 idem
762 1848 799 1877 te
828 1837 1098 1876 intellexeram
1119 1835 1233 1881 velle,
1265 1835 1326 1873 illi
1352 1836 1469 1874 armis
1500 1835 1704 1888 disceptari
1735 1837 1887 1876 malue-

500 1916 607 1947 runt.
650 1908 749 1957 Qae
770 1903 958 1957 quoniam
979 1903 1077 1940 ratio
1097 1902 1221 1947 vicit;
1254 1901 1454 1954 perficiam
1477 1901 1665 1954 profec‘tO,
1698 1912 1740 1940 ut
1762 1916 1887 1957 neque

499 1972 741 2026 Respublica
760 1971 856 2009 civis
877 1982 898 2006 a
918 1981 980 2006 me
1001 1959 1194 2013 animuin,
1226 1980 1352 2019 neque
1374 1977 1417 2006 tu
1437 1967 1555 2006 amici
1575 1966 1776 2008 desideres.

838 2173 1082 2213 Cxctno
1123 2173 1377 2210 A'rrrco
1415 2171 1543 2211 SAL.

502 2303 597 2342 XII.
624 2300 830 2375 MIHI
860 2300 1058 2340 molestior
1079 2299 1278 2353 lippitudo
1298 2311 1376 2339 erat
1397 2301 1530 2345 etiam,
1548 2313 1666 2354 quam
1688 2311 1775 2341 ante
1797 2300 1884 2342 fue·

746 2377 829 2405 rat:
874 2367 1015 2405 dictare
1051 2376 1179 2405 tamen
1215 2365 1314 2405 hanc
1349 2367 1550 2421 epistolam
1587 2367 1724 2412 malui,
1767 2381 1887 2422 quam

499 2434 620 2473 Gallo
642 2433 779 2477 Fabio,
811 2432 1070 2471 amantissimo
1091 2432 1292 2485 utriusque
1315 2433 1502 2478 nostrum,
1537 2432 1637 2471 nihil
1664 2433 1711 2471 ad
1737 2444 1773 2472 te
1796 2434 1885 2472 lite-

499 2514 631 2541 rarum
662 2500 763 2540 dare.
811 2500 917 2540 Nam
947 2499 1073 2553 pridie
1107 2498 1284 2553 quidem,
1316 2513 1479 2554 quoquo
1513 2499 1632 2540 modo
1667 2510 1884 2553 potueram,
