2243 3008
611 226 720 265 AD
776 224 1208 265 ATTICUM
1274 228 1416 270 LIB.
1466 230 1560 270 XV.
1701 247 1781 287 437

398 324 556 378 quando
576 325 692 364 illurn
712 324 833 369 diem,
863 337 957 362 cum
988 332 1032 361 tu
1061 323 1251 363 edendam
1281 330 1426 378 putes?
1459 329 1655 375 Inducias,
1687 344 1782 383 quas

399 390 551 435 scribis,
584 403 660 428 non
684 389 866 441 intelligo
886 389 970 427 fieri
990 389 1093 441 posse
1111 404 1120 428 ε
1152 390 1293 428 melior
1313 391 1366 429 est
1385 392 1645 439 ἀναντιφωνηο-ωι
1661 415 1672 440 ;
1706 410 1784 448 qua

398 467 463 492 me
483 454 644 492 usurum
664 455 844 492 arbitror.
891 454 1011 505 Qod
1040 454 1176 492 scribis
1203 454 1377 507 legiones
1404 456 1497 494 duas
1519 458 1783 498 Brundufium

397 519 554 565 veniffe,
592 533 659 558 vos
688 520 821 558 onmia
848 520 972 572 prius.
1019 519 1170 558 Scribes
1200 520 1336 572 igitur,
1374 521 1570 573 quidquid
1598 525 1779 563 audieris.

397 584 585 623 Varronis
618 577 773 631 διάλογον
804 586 981 637 expedio.
1027 585 1116 635 Jam
1150 585 1275 637 probo
1308 581 1530 635 Ἠρακλείὲῖον,
1569 588 1782 639 praesertim

397 662 492 687 cum
513 660 556 688 tu
577 658 777 702 tantopere
797 650 1006 688 delectere:
1030 650 1093 688 sed
1114 650 1228 702 quale
1247 650 1359 695 velis,
1381 650 1499 689 velim
1522 651 1631 690 scire.
1663 653 1784 704 Qod

395 714 443 752 ad
466 725 502 752 te
521 725 645 760 antea,
667 724 785 767 atque
803 715 898 753 adeo
911 715 1018 768 prius
1038 715 1167 768 scripsi
1190 715 1259 768 (fic
1279 716 1386 754 enim
1408 730 1471 754 me
1492 717 1613 755 mavis
1634 718 1781 769 dicere)

397 790 442 818 tu
462 794 552 819 vero
571 781 618 818 ad
648 780 897 819 scribendum
926 780 1052 818 fecisti
1081 794 1144 819 me
1173 781 1427 826 alacriorem;
1459 781 1506 818 ad
1534 791 1648 820 tuum
1675 784 1784 823 enim

391 845 608 897 judicium,
640 846 746 898 quod
767 846 868 884 mihi
888 854 968 884 erat
995 855 1150 891 notum,
1181 846 1361 884 addidisti
1384 846 1552 884 Peducei
1573 849 1783 886 auetorita-

398 919 494 956 tem‚
526 924 707 964 magnam
728 912 889 964 quidem
909 911 1011 964 apud
1033 925 1111 956 me,
1142 920 1180 949 et
1205 912 1245 949 in
1267 911 1405 964 primis
1425 925 1597 963 gravem.
1644 914 1784 952 Enitar

398 975 535 1028 igitur,
555 991 602 1015 ne
618 976 803 1015 defideres
819 986 885 1015 aut
905 976 1134 1014 industriam
1150 990 1294 1021 meam,
1311 986 1378 1014 aut
1393 976 1656 1029 diligentiam.
1677 979 1783 1016 Vec-

399 1051 553 1088 tenum,
576 1053 619 1081 ut
640 1043 790 1088 scribis,
824 1052 862 1081 et
883 1043 1094 1080 Faberium
1115 1041 1244 1080 foveo.
1279 1042 1472 1080 Cloelium
1493 1042 1595 1080 nihil
1617 1043 1785 1082 arbitror

399 1107 591 1146 malitiose
609 1123 618 1146 z
650 1121 890 1160 quanquam.
913 1137 922 1146 .
944 1137 953 1146 .
975 1137 983 1145 .
1009 1107 1081 1145 Sed
1101 1107 1197 1159 quid
1217 1108 1340 1160 egerit
1359 1108 1372 1144 ?
1405 1108 1467 1145 De
1486 1107 1666 1146 libertate
1687 1109 1783 1146 reti-

398 1173 538 1218 nenda,
569 1185 647 1225 qua
665 1182 769 1211 certe
789 1172 890 1210 nihil
912 1172 965 1210 est
984 1172 1156 1217 dulcius,
1188 1173 1262 1210 tibi
1286 1172 1478 1210 affentior.
1525 1173 1635 1211 Itane
1662 1174 1784 1212 Gallo

399 1238 601 1276 Caninio?
632 1237 838 1276 hominem
869 1237 1064 1290 nequam!
1098 1237 1195 1290 quid
1221 1238 1328 1275 enim
1356 1237 1484 1275 dicam
1504 1238 1643 1276 aliud?
1675 1240 1783 1277 Cau-

398 1311 486 1341 tum
508 1304 775 1349 Marcellum;
808 1318 871 1342 me
897 1304 963 1348 fic,
995 1303 1057 1341 sed
1085 1317 1163 1341 non
1194 1312 1323 1341 tamen
1345 1303 1623 1343 cautiffimum.
1671 1305 1783 1342 Lon-

397 1368 500 1420 giori
520 1368 689 1421 epistolae
710 1368 976 1421 superiorique
997 1368 1191 1421 respondi.
1238 1369 1360 1406 Nunc
1389 1368 1556 1405 breviori
1586 1369 1783 1420 propiori-

396 1447 474 1486 que
494 1433 591 1486 quid
611 1433 877 1485 respondeam,
909 1433 979 1471 nifi
1000 1446 1085 1472 eam
1111 1432 1222 1470 fuisse
1249 1432 1542 1470 dulciffimam?
1575 1434 1654 1481 Res
1684 1434 1783 1472 His-

398 1498 597 1550 panienses
627 1498 738 1535 valde
767 1498 905 1542 bonae;
937 1497 1057 1535 modo
1088 1496 1305 1534 Balbilium
1337 1496 1581 1535 incolumem
1615 1498 1782 1544 videam,

401 1563 615 1601 subsidium
654 1562 789 1600 nostrae
828 1562 1050 1600 senestutis.
1104 1562 1166 1599 De
1199 1562 1384 1599 Anniano
1419 1562 1531 1606 item,
1576 1563 1682 1614 quod
1721 1577 1785 1601 me

398 1627 509 1665 valde
529 1627 704 1665 observat
725 1627 911 1664 Visellia:
944 1626 1007 1664 sed
1037 1625 1119 1664 haec
1147 1626 1308 1678 quidem
1336 1625 1521 1664 humana.
1569 1627 1631 1665 De
1662 1629 1786 1667 Bruto

399 1703 438 1731 te
470 1692 571 1731 nihil
605 1693 699 1731 scire
729 1693 855 1731 dicis:
888 1693 951 1730 sed
981 1692 1120 1731 Selicia
1148 1692 1288 1730 veniffe
1319 1692 1381 1730 M.
1406 1693 1635 1744 Scaptium;
1668 1707 1782 1731 eum-

399 1771 477 1811 que
511 1771 590 1796 non
624 1772 701 1810 qua
734 1771 893 1810 pompa,
938 1757 985 1795 ad
1019 1757 1055 1795 se
1090 1767 1219 1795 tamen
1254 1757 1357 1794 clam
1392 1767 1619 1802 venturum,
1660 1757 1783 1796 scitu-

400 1838 567 1877 rumque
599 1838 662 1862 me
693 1825 853 1869 omnia;
897 1837 982 1876 quae
1014 1836 1087 1876 ego
1118 1823 1260 1861 statim.
1310 1824 1461 1860 Interea
1493 1832 1618 1860 narrat
1649 1824 1785 1862 eadem

400 1890 496 1928 Baffi
528 1890 679 1928 servum
711 1889 866 1934 veniffe,
897 1890 968 1941 qui
999 1889 1211 1933 nuntiaret,
1243 1888 1416 1940 legiones
1438 1889 1720 1927 Alexandrinas
1742 1891 1784 1928 in

399 1956 515 1993 armis
547 1956 633 2000 effe,
667 1955 820 1993 Baffum
848 1955 992 2000 arceffi,
1024 1955 1194 1992 Caffium
1223 1955 1432 2006 expetitari.
1479 1954 1588 2005 Qid
1609 1955 1784 2006 quaeris?

398 2022 552 2059 videtur
574 2021 892 2073 Respublicajus
922 2020 1036 2058 suum
1058 2029 1340 2072 recuperatum,
1373 2019 1434 2056 sed
1465 2032 1512 2056 ne
1541 2020 1638 2071 quid
1665 2030 1781 2059 ante:

399 2086 498 2123 nosti
518 2085 662 2123 horum
683 2086 1003 2124 exercitationem
1024 2085 1064 2122 in
1086 2084 1308 2129 latrocinio,
1340 2093 1377 2121 et
1398 2084 1624 2122 amentiam.
1658 2085 1782 2122 Dola-

399 2151 503 2188 bella
521 2151 580 2187 vir
600 2151 790 2203 optimus,
824 2151 921 2195 Etfi,
947 2163 1040 2188 cum
1061 2150 1293 2194 scribebam,
1325 2148 1490 2186 secunda
1510 2148 1640 2185 mensa
1659 2162 1781 2201 appo-

400 2218 482 2261 fita,
513 2217 653 2255 veniffe
686 2231 776 2255 eum
809 2216 855 2254 ad
886 2218 994 2256 Baias
1024 2216 1256 2260 audiebam,
1290 2224 1418 2252 tamen
1447 2213 1492 2250 ad
1520 2228 1582 2251 me
1611 2227 1658 2252 ex
1680 2216 1780 2253 For-

400 2283 532 2320 miano
563 2282 711 2334 scripsit
745 2282 1030 2335 <quas-literas,
1062 2295 1154 2319 cum
1181 2294 1202 2318 e
1228 2280 1384 2317 balineo
1410 2278 1597 2324 exiissem,
1629 2282 1779 2333 accepi)

401 2345 476 2383 sese
507 2346 554 2383 de
584 2346 841 2385 attributione
871 2348 1004 2385 omnia
1035 2346 1187 2383 summa
1216 2343 1372 2382 feciffe:
1413 2344 1632 2381 Veetenum
1664 2357 1781 2382 accu-

402 2409 483 2447 sat:
515 2410 677 2449 tricatur
697 2411 860 2457 scilicet,
892 2421 936 2450 ut
966 2411 1088 2449 homo
1109 2410 1211 2448 talis.
1258 2408 1331 2446 Sed
1351 2409 1403 2446 ait
1425 2417 1554 2446 totum
1577 2410 1782 2460 negotium

401 2475 581 2514 Sextium
613 2475 787 2516 nostrum
819 2477 1033 2531 suscepisse,
1061 2477 1262 2530 optimum
1294 2473 1455 2529 quidem
1486 2474 1604 2512 illum
1635 2475 1781 2520 virum,
