2243 3008
717 302 828 341 AD
884 298 1313 339 ATTICUM
1382 299 1523 338 LIB.
1577 300 1609 338 Ι.
1834 314 1857 353 5

473 401 603 442 viseris
615 420 628 448 ;
659 400 929 440 Acutilianam
949 399 1246 438 controversiam
1270 398 1510 452 transegeris.
1545 399 1636 437 Hoc
1657 413 1720 437 me
1741 400 1859 439 etiam

476 467 693 513 Peduoeus,
725 476 769 505 ut
788 467 835 504 ad
857 476 893 504 te
914 466 1135 510 scriberem,
1167 464 1386 503 admonuit.
1426 465 1614 503 Putamus
1635 466 1742 503 enirn
1766 467 1861 504 utile

475 532 562 578 effe,
594 542 632 570 te
658 531 869 585 aliquando
893 533 977 583 jam
1005 544 1086 568 rem
1117 530 1337 582 transigere.
1383 530 1477 567 Mea
1497 530 1714 568 interceffio
1733 542 1863 583 parata

474 607 514 635 et
533 597 601 643 est,
632 607 671 636 et
690 596 785 635 fuit.
831 597 916 635 Nos
946 596 1013 634 hic
1043 595 1268 633 incredibili
1288 607 1331 633 ac
1353 594 1536 647 singulari
1556 596 1695 648 populi
1716 597 1860 635 volun—

475 671 553 700 tate
583 662 629 700 de
657 663 710 701 C.
731 662 871 700 Macro
901 660 1186 712 transegimus:
1218 660 1283 698 cui
1310 673 1404 698 cum
1424 660 1525 712 requi
1552 659 1768 706 fuissemus,
1800 672 1861 700 ta-

475 742 567 766 men
602 729 732 766 multo
766 729 953 780 majorem
987 726 1164 765 frustum
1196 740 1244 764 ex
1278 726 1417 778 populi
1451 725 1751 773 existimatione,
1792 728 1864 767 illo

474 793 674 839 damnato,
705 795 898 846 cepimus,
929 806 1051 845 quam
1077 805 1127 830 ex
1157 792 1292 845 ipfius,
1322 791 1348 829 fi
1379 791 1578 830 absolutus
1606 793 1710 838 esset,
1740 795 1864 846 gratia

476 859 721 911 cepissemus.
772 858 892 910 Qod
924 857 970 895 ad
1002 870 1066 895 me
1097 857 1144 895 de
1176 856 1446 895 Hermathena
1478 857 1628 902 scribis,
1660 872 1728 911 per
1759 859 1861 898 mihi

475 934 632 977 gratum
652 924 734 968 est3
765 934 804 962 et
824 932 1101 962 ornamentum
1127 923 1350 961 Academiae
1377 923 1583 975 proprium
1614 937 1724 969 meae,
1755 926 1864 977 quod

473 999 513 1028 et
533 991 702 1028 Hermes
724 1003 938 1028 commune
959 990 1156 1034 omnium,
1174 998 1212 1027 et
1234 989 1414 1026 Minerva
1436 989 1624 1041 singulare
1641 990 1693 1027 est
1714 991 1863 1042 infigne

476 1057 559 1108 ejus
581 1056 786 1108 gymnasii.
832 1057 963 1107 Qare
987 1055 1121 1100 velim,
1154 1064 1197 1092 ut
1218 1054 1368 1099 scribis,
1400 1055 1547 1092 caeteris
1568 1069 1726 1107 quoque
1747 1057 1862 1095 rebus

477 1134 594 1172 quam
617 1121 798 1172 plurimis
820 1133 912 1157 eum
933 1120 1068 1157 locum
1088 1133 1216 1157 ornes.
1262 1121 1361 1170 Qae
1389 1119 1490 1157 mihi
1522 1130 1631 1157 antea
1658 1121 1762 1172 figna
1783 1123 1862 1160 mi-

477 1186 567 1230 fisti,
597 1199 640 1224 ea
661 1185 838 1224 nondum
859 1185 953 1223 vidi.
1001 1186 1047 1223 In
1069 1186 1281 1223 Formiano
1302 1185 1418 1229 sunt;
1450 1198 1529 1237 quo
1549 1199 1621 1237 ego
1643 1201 1746 1224 nunc
1769 1202 1861 1239 pro-

475 1251 598 1290 ficisci
618 1251 861 1303 cogitabam-
888 1251 962 1288 Illa
981 1251 1115 1288 omnia
1134 1251 1175 1288 in
1192 1249 1466 1288 Tusculanum
1486 1250 1712 1303 deportabo.
1747 1254 1861 1291 Caie-

476 1327 572 1362 tam,
604 1317 630 1354 fi
652 1316 808 1369 quando
835 1315 1031 1354 abundare
1060 1329 1230 1368 coepero,
1262 1315 1423 1354 ornabo.
1471 1315 1613 1354 Libros
1646 1326 1732 1355 tuos
1763 1332 1860 1356 con-

477 1382 607 1427 serva,
639 1392 678 1420 et
707 1382 790 1420 noli
819 1382 1029 1434 desperare,
1061 1395 1124 1420 eos
1156 1395 1218 1419 me
1248 1395 1354 1419 meos
1385 1380 1510 1419 facere
1530 1381 1647 1434 poffe.
1694 1384 1812 1435 Qod
1834 1385 1861 1423 fi

475 1449 663 1501 assequor,
690 1448 827 1502 supero
848 1447 1026 1487 Craffum
1047 1447 1210 1494 divitiis,
1232 1458 1348 1501 atque
1367 1449 1549 1487 omnium
1571 1449 1675 1487 vicos
1697 1459 1736 1487 et
1755 1460 1870 1503 prata.

478 1525 704 1555 contemno.

817 1717 1061 1755 CICERO*
1098 1719 1353 1756 ATTICO
1395 1719 1525 1756 SAL.

477 1846 527 1884 V.
553 1845 934 1933 QUANTUM
962 1846 1138 1884 dolorem
1158 1846 1390 1898 acceperim,
1412 1855 1450 1883 et
1471 1855 1619 1899 quanto
1639 1845 1767 1886 frucstu
1790 1848 1865 1887 fim

666 1913 837 1965 privatus
871 1922 910 1950 et
938 1911 1081 1950 forensi
1106 1921 1144 1949 et
1170 1911 1397 1957 domestico,
1436 1912 1553 1949 Lucii
1582 1911 1710 1951 fratris
1744 1915 1862 1953 nostri

478 1987 618 2021 morte,
651 1979 690 2015 in
713 1978 850 2031 primis
871 1992 942 2030 pro
963 1977 1089 2016 nostra
1109 1977 1389 2015 consuetudine
1410 1987 1452 2016 tu
1473 1977 1691 2016 existimare
1720 1990 1829 2032 potes
1849 1996 1859 2019 :

478 2059 569 2082 nam
590 2044 691 2083 mihi
711 2045 858 2089 omnia,
876 2059 962 2097 quae
977 2043 1154 2096 jucunda
1173 2058 1219 2082 ex
1241 2043 1485 2081 humanitate
1504 2044 1662 2082 alterius
1678 2056 1717 2083 et
1737 2047 1860 2084 mori-

479 2112 551 2149 bus
573 2111 728 2149 homini
752 2111 925 2149 accidere
952 2110 1122 2163 possunt,
1154 2124 1201 2149 ex
1228 2110 1298 2148 illo
1331 2110 1572 2149 accidebant.
1619 2113 1748 2162 Qare
1782 2127 1859 2151 non

478 2176 632 2221 dubito,
665 2177 761 2228 quin
785 2176 858 2214 tibi
879 2189 1037 2228 quoque
1058 2175 1098 2213 id
1119 2175 1328 2214 molestum
1350 2175 1409 2220 fit,
1440 2189 1532 2214 cum
1554 2186 1592 2213 et
1619 2176 1707 2215 meo
1728 2177 1862 2216 dolore

477 2255 668 2286 moveare,
700 2252 738 2279 et
768 2241 846 2294 ipse
880 2242 990 2280 omni
1021 2242 1166 2279 virtute
1199 2241 1409 2292 officioque
1442 2241 1742 2287 ornatiffimum,
1778 2244 1860 2281 tui-

479 2316 554 2354 que
586 2313 624 2340 et
659 2302 721 2340 sua
756 2302 891 2355 sponte
922 2312 960 2340 et
996 2315 1084 2340 meo
1118 2302 1292 2340 sermone
1326 2311 1537 2347 amantem,
1568 2303 1725 2341 affinem
1759 2305 1860 2342 ami-

480 2381 649 2420 cumque
683 2368 868 2407 amiseris.
916 2368 1035 2424 Qod
1066 2368 1112 2406 ad
1144 2381 1206 2405 me
1239 2367 1374 2406 scribis
1407 2368 1453 2406 de
1489 2368 1612 2406 sorore
1644 2379 1722 2414 tua,
1756 2369 1859 2408 testis

481 2433 553 2469 erit
575 2433 648 2470 tibi
668 2433 761 2486 ipsa,
792 2444 945 2485 quanta:
967 2432 1068 2472 mihi
1088 2447 1189 2472 curae
1211 2432 1344 2478 fuerit,
1377 2443 1419 2471 ut
1441 2434 1584 2484 Qinti
1615 2433 1743 2472 fratris
1773 2436 1859 2472 ani-

482 2511 569 2535 mus
592 2497 631 2534 in
652 2511 736 2535 eam
755 2499 845 2537 esset
864 2500 911 2544 is,
935 2500 1003 2552 qui
1024 2499 1095 2537 effe
1116 2499 1271 2537 deberet
1290 2515 1298 2538 :
1332 2513 1451 2551 quem
1473 2513 1564 2537 cum
1585 2500 1656 2537 effe
1676 2499 1857 2537 offenfio-

482 2576 563 2601 rem
592 2563 808 2608 arbitrarer,
839 2577 899 2603 eas
929 2564 1058 2605 literas
1089 2566 1136 2604 ad
1165 2579 1256 2604 eum
1288 2565 1388 2611 mifi,
1420 2566 1563 2616 quibus
1596 2575 1634 2604 et
1666 2565 1861 2617 placarem
