2243 3008
521 211 601 261 406
869 207 1562 250 EPISTOLARUM

521 324 600 350 non
620 309 674 348 est
693 307 806 348 item.
837 304 972 361 Qam
992 307 1143 347 dudum
1164 307 1266 347 nihil
1287 307 1428 354 habeo,
1459 307 1566 361 quod
1586 307 1633 347 ad
1654 317 1692 348 te
1711 308 1905 350 scribam:

519 376 647 416 scribo
667 385 813 421 tamen,
843 388 923 413 non
945 383 989 413 ut
1009 374 1198 413 delectem
1218 373 1281 412 his
1302 374 1442 420 literis,
1477 375 1541 413 sed
1563 383 1606 414 ut
1626 375 1782 414 eliciam
1804 385 1905 414 tuas.

521 444 604 487 Tu,
635 441 662 480 fi
682 440 779 495 quid
799 441 874 480 erit
893 440 941 478 de
961 440 1108 478 caeteris
1125 458 1137 484 ς
1170 439 1217 477 de
1238 440 1361 478 Bruto
1381 440 1535 492 utique,
1564 440 1774 494 quidquid.
1807 441 1909 479 Haec

521 507 729 561 conscripsi
752 521 778 546 x
802 506 891 546 Kal.
914 506 1108 545 accubans
1138 505 1241 558 apud
1270 505 1511 551 Vestorium,
1541 506 1749 547 hominem
1775 520 1908 547 remo-

519 584 606 614 tum
627 587 648 612 a
667 573 895 619 dialecticis,
926 573 967 611 in
987 570 1248 611 arithmeticis
1268 570 1356 610 satis
1377 572 1651 613 exercitatum.

859 775 1101 812 CxcERo
1142 774 1399 812 ATTICO
1441 771 1572 811 SAL.

521 903 640 942 XIII.
667 900 713 972 S
730 902 762 940 E
780 902 859 940 PT
876 902 893 940 I
910 901 959 939 M
976 902 1011 939 O
1043 901 1213 953 denique
1241 901 1304 938 die
1330 900 1451 938 literae
1483 897 1585 938 mihi
1614 898 1772 937 redditae
1802 898 1907 946 sunt,

739 981 825 1020 quae
846 976 954 1006 erant
973 981 994 1005 a
1015 976 1053 1005 te
1074 980 1163 1005 xl11
1188 967 1278 1005 Kal.
1301 966 1422 1005 datae:
1447 966 1593 1019 quibus
1614 965 1770 1018 quaeris,
1792 975 1910 1018 atque

519 1034 638 1072 etiam
659 1046 723 1071 me
743 1033 873 1086 ipsum
894 1033 1040 1072 nescire
1060 1033 1272 1078 arbitraris,
1304 1042 1438 1070 utrum
1469 1031 1593 1084 magis
1622 1030 1787 1070 tumulis
1814 1045 1908 1084 pro-

520 1099 746 1152 spectuque,
776 1112 824 1137 an
845 1099 1114 1138 ambulatione
1131 1093 1271 1144 ἀλιἹενεῖ,
1302 1098 1483 1136 delecter.
1515 1096 1584 1136 Est
1604 1096 1844 1142 mehercule,
1866 1106 1912 1136 ut

518 1164 634 1210 dicis,
665 1163 869 1218 utriusque
889 1165 969 1203 loci
989 1174 1097 1204 tanta
1124 1164 1346 1210 amoenitas,
1378 1173 1424 1203 ut
1452 1162 1649 1208 dubitem,
1680 1172 1768 1202 utra
1796 1171 1910 1202 ante-

517 1229 700 1283 ponenda
719 1230 765 1268 fit
783 1245 792 1269 ε

654 1292 745 1332 Ἀλλ’
761 1293 783 1331 ἑ
800 1288 912 1334 dauri&
931 1292 1071 1346 ὲπημὶτε
1090 1291 1172 1346 ἔργα,
1188 1292 1350 1343 μέμηλεν.

658 1355 761 1396 ’Ami
778 1357 849 1401 λίην
865 1356 963 1407 μέγα.
982 1355 1094 1407 wip-a,
1120 1352 1279 1409 διὸἷρεφές,
1305 1355 1492 1412 εἰσορόωντας

657 1417 810 1472 Addum-
841 1424 878 1458 ὸν
896 1415 958 1474 δοιῇ
978 1416 1012 1458 δῖ
1030 1419 1213 1470 caninum,
1242 1418 1260 1463 ἦ
1277 1418 1480 1458 ἀπολέσθαι.

519 1490 714 1544 Qamvis
745 1488 853 1526 enim
885 1497 930 1526 tu
964 1500 1106 1539 magna
1138 1496 1177 1525 et
1207 1485 1309 1524 mihi
1337 1488 1516 1539 jucunda
1550 1487 1744 1540 scripseris
1774 1488 1821 1527 de
1851 1489 1908 1529 D.

519 1558 633 1598 Bruti
653 1555 822 1594 adventu
842 1553 888 1592 ad
909 1553 991 1592 suas
1012 1553 1202 1605 legiones,
1234 1553 1274 1590 in
1296 1566 1377 1606 quo
1397 1552 1506 1606 spem
1533 1554 1748 1593 maximam
1767 1554 1882 1594 video
1894 1573 1909 1602 ς

518 1634 666 1667 tamen,
697 1621 723 1660 fi
745 1619 798 1658 est
818 1619 969 1658 bellum
990 1618 1108 1657 civile
1127 1617 1325 1664 futurum,
1348 1619 1456 1671 quod
1477 1629 1581 1658 certe
1600 1620 1690 1666 erit,
1721 1619 1748 1658 fi
1769 1621 1910 1659 Sextus

517 1690 560 1729 in
581 1688 698 1728 armis
719 1685 982 1740 permanebit,
1012 1698 1132 1738 quem
1153 1683 1451 1738 permansurum
1471 1685 1543 1724 effe
1564 1695 1668 1725 certe
1688 1686 1782 1732 scio,
1813 1686 1912 1740 quid

517 1756 634 1796 nobis
663 1752 891 1792 faciendum
919 1751 988 1798 est,
1020 1752 1174 1805 ignoro.
1222 1751 1367 1803 Neque
1390 1752 1497 1791 enim
1512 1753 1596 1805 jam
1617 1752 1771 1798 licebit,
1801 1752 1910 1806 quod

518 1821 678 1861 Caesaris
715 1818 822 1858 bello
854 1819 986 1864 licuit,
1018 1831 1145 1871 neque
1174 1816 1269 1862 huc,
1301 1830 1429 1871 neque
1458 1818 1570 1857 illuc.
1616 1819 1911 1871 Qemcunque

516 1888 626 1927 enirn
660 1884 743 1924 haec
778 1897 864 1937 pars
899 1883 1145 1936 perditorum
1180 1883 1356 1922 laetatum
1387 1893 1514 1922 morte
1546 1884 1704 1922 Caesaris
1736 1885 1908 1937 putabit,

520 1953 718 2007 (laetitiam
748 1959 880 1988 autem
909 1949 1142 2002 apertiflime
1171 1949 1338 1987 tulimus
1365 1950 1521 2000 omnes)
1545 1949 1653 1988 hunc
1674 1950 1714 1988 in
1737 1949 1910 1988 hostium

516 2031 684 2060 numero
705 2015 889 2055 habebit:
912 2028 998 2068 quae
1019 2028 1077 2053 res
1098 2014 1145 2053 ad
1164 2014 1311 2053 caedem
1334 2017 1548 2054 maximam
1569 2015 1727 2069 spectat.
1761 2016 1910 2062 Restat,

518 2094 562 2126 ut
594 2085 634 2123 in
665 2082 784 2122 castra
805 2081 927 2127 Sexti,
958 2090 1040 2126 aut,
1072 2080 1097 2119 si
1119 2079 1236 2126 forte,
1270 2082 1396 2127 Bruti,
1429 2095 1498 2120 nos
1520 2081 1783 2120 conferamus.
1830 2082 1910 2122 Res

516 2151 662 2196 odiosa,
692 2158 732 2188 et
761 2147 886 2186 aliena
917 2147 1055 2185 nostris
1090 2147 1285 2192 aetatibus,
1315 2157 1355 2186 et
1387 2148 1539 2186 incerto
1571 2149 1681 2186 exitu
1716 2148 1840 2194 belli;
1871 2156 1911 2186 et

515 2217 647 2258 nescio
666 2227 748 2269 quo
768 2215 880 2268 pasto
901 2212 975 2252 tibi
995 2225 1069 2266 ego
1091 2213 1257 2265 possum,
1288 2211 1388 2252 mihi
1412 2223 1470 2258 tu,
1503 2213 1645 2259 dicere,

656 2279 768 2316 'rimor
797 2277 883 2328 ἐμὶν,
914 2275 939 2314 ἔ
964 2293 1008 2314 τοι
1036 2272 1153 2318 dedalus
1179 2276 1356 2328 πολεμήια
1384 2274 1481 2332 ἔφη,

654 2341 758 2381 'AN
784 2341 863 2392 σύγ
888 2342 1050 2398 ἱμιςόεπα.
1075 2340 1230 2393 μιτέρχσο
1258 2339 1338 2393 ἷργυι
1365 2341 1489 2391 >tf-ym-

519 2410 590 2450 Sed
611 2409 694 2449 haec
716 2408 795 2448 fors
816 2408 973 2453 viderit,
1004 2422 1060 2454 ea,
1092 2422 1178 2460 qua:
1201 2408 1345 2447 talibus
1366 2408 1408 2448 in
1430 2408 1545 2447 rebus
1567 2407 1672 2461 plus,
1702 2420 1822 2460 quam
1847 2421 1909 2446 ra-

517 2480 589 2524 tio,
621 2476 760 2532 potest.
806 2475 894 2517 Nos
923 2484 1055 2516 autem
1085 2474 1126 2516 id
1153 2474 1371 2523 videamus,
1401 2474 1509 2531 quod
1528 2475 1571 2515 in
1591 2473 1816 2529 nobisipsis
1837 2473 1911 2513 effe
