<?xml version="1.0" encoding="UTF-8"?>
<!DOCTYPE html PUBLIC "-//W3C//DTD XHTML 1.0 Transitional//EN"
    "http://www.w3.org/TR/xhtml1/DTD/xhtml1-transitional.dtd">
<html xmlns="http://www.w3.org/1999/xhtml" xml:lang="en" lang="en">
 <head>
  <title>
</title>
<meta http-equiv="Content-Type" content="text/html;charset=utf-8" />
  <meta name='ocr-system' content='tesseract 3.04.00' />
  <meta name='ocr-capabilities' content='ocr_page ocr_carea ocr_par ocr_line ocrx_word'/>
</head>
<body>
  <div class='ocr_page' id='page_1' title='image "./operacumindicibu08ciceuoft_0058.png"; bbox 0 0 2243 3008; ppageno 0'>
   <div class='ocr_carea' id='block_1_1' title="bbox 382 264 1412 320">
    <p class='ocr_par' dir='ltr' id='par_1_1' title="bbox 382 264 1412 320">
     <span class='ocr_line' id='line_1_1' title="bbox 382 264 1412 320; baseline -0.004 -14"><span class='ocrx_word' id='word_1_1' title='bbox 382 280 432 320; x_wconf 79' lang='lat'>50</span> <span class='ocrx_word' id='word_1_2' title='bbox 727 264 1412 306; x_wconf 87' lang='lat' dir='ltr'><strong>EPISTOLARUM</strong></span> 
     </span>
    </p>
   </div>
   <div class='ocr_carea' id='block_1_2' title="bbox 383 363 1776 1272">
    <p class='ocr_par' dir='ltr' id='par_1_2' title="bbox 383 363 1776 1073">
     <span class='ocr_line' id='line_1_2' title="bbox 383 363 1766 420; baseline -0.002 -14"><span class='ocrx_word' id='word_1_3' title='bbox 383 376 574 420; x_wconf 83' lang='lat' dir='ltr'>ageretur,</span> <span class='ocrx_word' id='word_1_4' title='bbox 605 379 722 419; x_wconf 90' lang='lat' dir='ltr'>quam</span> <span class='ocrx_word' id='word_1_5' title='bbox 744 366 772 404; x_wconf 94' lang='lat' dir='ltr'>ii</span> <span class='ocrx_word' id='word_1_6' title='bbox 793 365 990 418; x_wconf 89' lang='lat' dir='ltr'>quierant</span> <span class='ocrx_word' id='word_1_7' title='bbox 1022 364 1175 402; x_wconf 84' lang='lat' dir='ltr'>Romae.</span> <span class='ocrx_word' id='word_1_8' title='bbox 1222 364 1384 402; x_wconf 87' lang='lat' dir='ltr'>Etenim</span> <span class='ocrx_word' id='word_1_9' title='bbox 1413 363 1534 402; x_wconf 86' lang='lat' dir='ltr'>literae</span> <span class='ocrx_word' id='word_1_10' title='bbox 1564 373 1654 410; x_wconf 86' lang='lat' dir='ltr'>tuae‚</span> <span class='ocrx_word' id='word_1_11' title='bbox 1687 375 1766 404; x_wconf 83' lang='lat' dir='ltr'>non</span> 
     </span>
     <span class='ocr_line' id='line_1_3' title="bbox 386 429 1767 484; baseline -0.002 -13"><span class='ocrx_word' id='word_1_12' title='bbox 386 433 511 471; x_wconf 88' lang='lat' dir='ltr'>solum</span> <span class='ocrx_word' id='word_1_13' title='bbox 533 433 628 484; x_wconf 92' lang='lat' dir='ltr'>quid</span> <span class='ocrx_word' id='word_1_14' title='bbox 650 433 803 476; x_wconf 86' lang='lat' dir='ltr'>Romae,</span> <span class='ocrx_word' id='word_1_15' title='bbox 832 431 894 468; x_wconf 90' lang='lat' dir='ltr'>sed</span> <span class='ocrx_word' id='word_1_16' title='bbox 915 430 1031 467; x_wconf 88' lang='lat' dir='ltr'>etiam</span> <span class='ocrx_word' id='word_1_17' title='bbox 1053 429 1150 482; x_wconf 91' lang='lat' dir='ltr'>quid</span> <span class='ocrx_word' id='word_1_18' title='bbox 1171 429 1211 466; x_wconf 93' lang='lat' dir='ltr'>in</span> <span class='ocrx_word' id='word_1_19' title='bbox 1233 429 1462 482; x_wconf 86' lang='lat' dir='ltr'>republica;</span> <span class='ocrx_word' id='word_1_20' title='bbox 1494 443 1621 482; x_wconf 90' lang='lat' dir='ltr'>neque</span> <span class='ocrx_word' id='word_1_21' title='bbox 1642 429 1767 468; x_wconf 90' lang='lat' dir='ltr'>solum</span> 
     </span>
     <span class='ocr_line' id='line_1_4' title="bbox 384 493 1767 551; baseline -0.002 -15"><span class='ocrx_word' id='word_1_22' title='bbox 384 498 481 551; x_wconf 90' lang='lat' dir='ltr'>quid</span> <span class='ocrx_word' id='word_1_23' title='bbox 497 497 620 542; x_wconf 85' lang='lat' dir='ltr'>fieret,</span> <span class='ocrx_word' id='word_1_24' title='bbox 638 510 773 535; x_wconf 89' lang='lat' dir='ltr'>verum</span> <span class='ocrx_word' id='word_1_25' title='bbox 788 496 905 534; x_wconf 89' lang='lat' dir='ltr'>etiam</span> <span class='ocrx_word' id='word_1_26' title='bbox 922 494 1018 546; x_wconf 92' lang='lat' dir='ltr'>quid</span> <span class='ocrx_word' id='word_1_27' title='bbox 1037 493 1219 532; x_wconf 90' lang='lat' dir='ltr'>futurum</span> <span class='ocrx_word' id='word_1_28' title='bbox 1235 494 1340 539; x_wconf 84' lang='lat' dir='ltr'>effet‚</span> <span class='ocrx_word' id='word_1_29' title='bbox 1358 494 1584 533; x_wconf 83' lang='lat' dir='ltr'>indicabant</span> <span class='ocrx_word' id='word_1_30' title='bbox 1602 510 1610 533; x_wconf 91' lang='lat'><strong>:</strong></span> <span class='ocrx_word' id='word_1_31' title='bbox 1646 509 1767 540; x_wconf 87' lang='lat' dir='ltr'>nunc,</span> 
     </span>
     <span class='ocr_line' id='line_1_5' title="bbox 386 559 1769 615; baseline -0.003 -14"><span class='ocrx_word' id='word_1_32' title='bbox 386 563 456 601; x_wconf 76' lang='lat' dir='ltr'>nisi</span> <span class='ocrx_word' id='word_1_33' title='bbox 489 563 515 600; x_wconf 86' lang='lat' dir='ltr'>fi</span> <span class='ocrx_word' id='word_1_34' title='bbox 547 562 642 615; x_wconf 92' lang='lat' dir='ltr'>quid</span> <span class='ocrx_word' id='word_1_35' title='bbox 675 575 722 600; x_wconf 83' lang='lat' dir='ltr'>ex</span> <span class='ocrx_word' id='word_1_36' title='bbox 754 569 1010 614; x_wconf 74' lang='lat' dir='ltr'>praetereunte</span> <span class='ocrx_word' id='word_1_37' title='bbox 1040 560 1186 598; x_wconf 82' lang='lat' dir='ltr'>viatore</span> <span class='ocrx_word' id='word_1_38' title='bbox 1216 568 1427 612; x_wconf 88' lang='lat' dir='ltr'>exceptum</span> <span class='ocrx_word' id='word_1_39' title='bbox 1451 559 1519 605; x_wconf 88' lang='lat' dir='ltr'>est,</span> <span class='ocrx_word' id='word_1_40' title='bbox 1551 559 1646 598; x_wconf 90' lang='lat' dir='ltr'>scire</span> <span class='ocrx_word' id='word_1_41' title='bbox 1667 559 1769 598; x_wconf 87' lang='lat' dir='ltr'>nihil</span> 
     </span>
     <span class='ocr_line' id='line_1_6' title="bbox 386 624 1771 681; baseline -0.002 -15"><span class='ocrx_word' id='word_1_42' title='bbox 386 628 600 681; x_wconf 83' lang='lat' dir='ltr'>poffumus.</span> <span class='ocrx_word' id='word_1_43' title='bbox 647 628 778 679; x_wconf 87' lang='lat' dir='ltr'>Qare</span> <span class='ocrx_word' id='word_1_44' title='bbox 799 639 1023 679; x_wconf 89' lang='lat' dir='ltr'>quanquam</span> <span class='ocrx_word' id='word_1_45' title='bbox 1039 626 1123 677; x_wconf 89' lang='lat' dir='ltr'>jam</span> <span class='ocrx_word' id='word_1_46' title='bbox 1151 634 1188 662; x_wconf 92' lang='lat' dir='ltr'>te</span> <span class='ocrx_word' id='word_1_47' title='bbox 1208 624 1337 677; x_wconf 88' lang='lat' dir='ltr'>ipsum</span> <span class='ocrx_word' id='word_1_48' title='bbox 1357 627 1534 677; x_wconf 64' lang='lat' dir='ltr'>expecto,</span> <span class='ocrx_word' id='word_1_49' title='bbox 1558 635 1688 663; x_wconf 89' lang='lat' dir='ltr'>tamen</span> <span class='ocrx_word' id='word_1_50' title='bbox 1709 625 1771 663; x_wconf 88' lang='lat' dir='ltr'>isti</span> 
     </span>
     <span class='ocr_line' id='line_1_7' title="bbox 386 689 1769 747; baseline -0.002 -16"><span class='ocrx_word' id='word_1_51' title='bbox 386 706 522 747; x_wconf 90' lang='lat' dir='ltr'>puero,</span> <span class='ocrx_word' id='word_1_52' title='bbox 553 706 672 745; x_wconf 90' lang='lat' dir='ltr'>quem</span> <span class='ocrx_word' id='word_1_53' title='bbox 692 692 738 730; x_wconf 87' lang='lat' dir='ltr'>ad</span> <span class='ocrx_word' id='word_1_54' title='bbox 759 706 822 730; x_wconf 89' lang='lat' dir='ltr'>me</span> <span class='ocrx_word' id='word_1_55' title='bbox 843 691 971 729; x_wconf 88' lang='lat' dir='ltr'>statim</span> <span class='ocrx_word' id='word_1_56' title='bbox 985 690 1075 743; x_wconf 87' lang='lat' dir='ltr'>juffi</span> <span class='ocrx_word' id='word_1_57' title='bbox 1098 703 1306 735; x_wconf 88' lang='lat' dir='ltr'>recurrere,</span> <span class='ocrx_word' id='word_1_58' title='bbox 1338 689 1385 727; x_wconf 88' lang='lat' dir='ltr'>da</span> <span class='ocrx_word' id='word_1_59' title='bbox 1410 690 1667 743; x_wconf 85' lang='lat' dir='ltr'>ponderosam</span> <span class='ocrx_word' id='word_1_60' title='bbox 1695 690 1769 728; x_wconf 87' lang='lat' dir='ltr'>ali-</span> 
     </span>
     <span class='ocr_line' id='line_1_8' title="bbox 386 755 1771 812; baseline -0.003 -15"><span class='ocrx_word' id='word_1_61' title='bbox 386 773 505 812; x_wconf 89' lang='lat' dir='ltr'>quam</span> <span class='ocrx_word' id='word_1_62' title='bbox 526 758 741 812; x_wconf 88' lang='lat' dir='ltr'>epistolam‚</span> <span class='ocrx_word' id='word_1_63' title='bbox 759 758 916 811; x_wconf 85' lang='lat' dir='ltr'>plenam</span> <span class='ocrx_word' id='word_1_64' title='bbox 932 757 1114 796; x_wconf 89' lang='lat' dir='ltr'>omnium</span> <span class='ocrx_word' id='word_1_65' title='bbox 1131 769 1210 793; x_wconf 90' lang='lat' dir='ltr'>non</span> <span class='ocrx_word' id='word_1_66' title='bbox 1227 755 1346 794; x_wconf 85' lang='lat' dir='ltr'>modo</span> <span class='ocrx_word' id='word_1_67' title='bbox 1361 757 1551 800; x_wconf 61' lang='lat' dir='ltr'>actorum,</span> <span class='ocrx_word' id='word_1_68' title='bbox 1570 755 1633 793; x_wconf 92' lang='lat' dir='ltr'>sed</span> <span class='ocrx_word' id='word_1_69' title='bbox 1652 756 1771 793; x_wconf 88' lang='lat' dir='ltr'>etiam</span> 
     </span>
     <span class='ocr_line' id='line_1_9' title="bbox 387 822 1772 878; baseline -0.003 -15"><span class='ocrx_word' id='word_1_70' title='bbox 387 825 622 878; x_wconf 88' lang='lat' dir='ltr'>opinionum</span> <span class='ocrx_word' id='word_1_71' title='bbox 645 833 827 869; x_wconf 82' lang='lat' dir='ltr'>tuarum;</span> <span class='ocrx_word' id='word_1_72' title='bbox 860 837 903 862; x_wconf 92' lang='lat' dir='ltr'>ac</span> <span class='ocrx_word' id='word_1_73' title='bbox 924 824 1044 868; x_wconf 90' lang='lat' dir='ltr'>diem,</span> <span class='ocrx_word' id='word_1_74' title='bbox 1075 836 1156 875; x_wconf 92' lang='lat' dir='ltr'>quo</span> <span class='ocrx_word' id='word_1_75' title='bbox 1176 823 1306 860; x_wconf 87' lang='lat' dir='ltr'>Roma</span> <span class='ocrx_word' id='word_1_76' title='bbox 1326 822 1371 860; x_wconf 89' lang='lat' dir='ltr'>fis</span> <span class='ocrx_word' id='word_1_77' title='bbox 1392 822 1584 867; x_wconf 84' lang='lat' dir='ltr'>exiturus,</span> <span class='ocrx_word' id='word_1_78' title='bbox 1615 835 1708 860; x_wconf 87' lang='lat' dir='ltr'>cura</span> <span class='ocrx_word' id='word_1_79' title='bbox 1728 829 1772 858; x_wconf 91' lang='lat' dir='ltr'>ut</span> 
     </span>
     <span class='ocr_line' id='line_1_10' title="bbox 388 887 1774 941; baseline -0.004 -12"><span class='ocrx_word' id='word_1_80' title='bbox 388 891 520 928; x_wconf 83' lang='lat' dir='ltr'>sciam.</span> <span class='ocrx_word' id='word_1_81' title='bbox 567 891 653 929; x_wconf 91' lang='lat' dir='ltr'>Nos</span> <span class='ocrx_word' id='word_1_82' title='bbox 683 891 724 928; x_wconf 89' lang='lat' dir='ltr'>in</span> <span class='ocrx_word' id='word_1_83' title='bbox 755 890 966 937; x_wconf 82' lang='lat' dir='ltr'>Formiano</span> <span class='ocrx_word' id='word_1_84' title='bbox 993 889 1064 927; x_wconf 91' lang='lat' dir='ltr'>esse</span> <span class='ocrx_word' id='word_1_85' title='bbox 1086 889 1267 926; x_wconf 87' lang='lat' dir='ltr'>volumus</span> <span class='ocrx_word' id='word_1_86' title='bbox 1290 888 1411 941; x_wconf 89' lang='lat' dir='ltr'>usque</span> <span class='ocrx_word' id='word_1_87' title='bbox 1430 887 1477 925; x_wconf 90' lang='lat' dir='ltr'>ad</span> <span class='ocrx_word' id='word_1_88' title='bbox 1498 887 1599 940; x_wconf 85' lang='lat' dir='ltr'>prid.</span> <span class='ocrx_word' id='word_1_89' title='bbox 1634 888 1774 926; x_wconf 82' lang='lat' dir='ltr'>Nonas</span> 
     </span>
     <span class='ocr_line' id='line_1_11' title="bbox 388 950 1776 998; baseline -0.002 -5"><span class='ocrx_word' id='word_1_90' title='bbox 388 956 489 993; x_wconf 92' lang='lat' dir='ltr'>Mai.</span> <span class='ocrx_word' id='word_1_91' title='bbox 522 956 583 994; x_wconf 90' lang='lat' dir='ltr'>Eo</span> <span class='ocrx_word' id='word_1_92' title='bbox 603 955 629 993; x_wconf 90' lang='lat' dir='ltr'><strong>fi</strong></span> <span class='ocrx_word' id='word_1_93' title='bbox 650 964 738 993; x_wconf 91' lang='lat' dir='ltr'>ante</span> <span class='ocrx_word' id='word_1_94' title='bbox 757 968 842 993; x_wconf 90' lang='lat' dir='ltr'>eam</span> <span class='ocrx_word' id='word_1_95' title='bbox 863 955 968 992; x_wconf 90' lang='lat' dir='ltr'>diem</span> <span class='ocrx_word' id='word_1_96' title='bbox 990 967 1067 992; x_wconf 88' lang='lat' dir='ltr'>non</span> <span class='ocrx_word' id='word_1_97' title='bbox 1089 954 1254 998; x_wconf 87' lang='lat' dir='ltr'>veneris,</span> <span class='ocrx_word' id='word_1_98' title='bbox 1272 953 1411 991; x_wconf 88' lang='lat' dir='ltr'>Romae</span> <span class='ocrx_word' id='word_1_99' title='bbox 1433 962 1469 991; x_wconf 88' lang='lat' dir='ltr'>te</span> <span class='ocrx_word' id='word_1_100' title='bbox 1490 951 1642 991; x_wconf 87' lang='lat' dir='ltr'>fortasse</span> <span class='ocrx_word' id='word_1_101' title='bbox 1662 950 1776 990; x_wconf 84' lang='lat' dir='ltr'>vide-</span> 
     </span>
     <span class='ocr_line' id='line_1_12' title="bbox 389 1018 1306 1073; baseline -0.005 -13"><span class='ocrx_word' id='word_1_102' title='bbox 389 1023 454 1060; x_wconf 89' lang='lat' dir='ltr'>bo.</span> <span class='ocrx_word' id='word_1_103' title='bbox 494 1022 600 1060; x_wconf 91' lang='lat' dir='ltr'>Nam</span> <span class='ocrx_word' id='word_1_104' title='bbox 621 1021 819 1073; x_wconf 89' lang='lat' dir='ltr'>Arpinum</span> <span class='ocrx_word' id='word_1_105' title='bbox 841 1020 938 1072; x_wconf 92' lang='lat' dir='ltr'>quid</span> <span class='ocrx_word' id='word_1_106' title='bbox 958 1032 1031 1071; x_wconf 86' lang='lat' dir='ltr'>ego</span> <span class='ocrx_word' id='word_1_107' title='bbox 1052 1028 1089 1057; x_wconf 92' lang='lat' dir='ltr'>te</span> <span class='ocrx_word' id='word_1_108' title='bbox 1109 1018 1274 1056; x_wconf 88' lang='lat' dir='ltr'>invitem</span> <span class='ocrx_word' id='word_1_109' title='bbox 1293 1019 1306 1056; x_wconf 92' lang='lat'>?</span> 
     </span>
    </p>

    <p class='ocr_par' dir='ltr' id='par_1_3' title="bbox 523 1083 1326 1141">
     <span class='ocr_line' id='line_1_13' title="bbox 523 1083 1326 1141; baseline -0.006 -15"><span class='ocrx_word' id='word_1_110' title='bbox 523 1086 658 1141; x_wconf 62' lang='grc' dir='ltr'><em>τρηχὲ,</em></span> <span class='ocrx_word' id='word_1_111' title='bbox 687 1085 762 1125; x_wconf 45' lang='grc' dir='ltr'>αἰλὶΰ</span> <span class='ocrx_word' id='word_1_112' title='bbox 777 1085 904 1137; x_wconf 61' lang='grc' dir='ltr'>ἀγαθὴ</span> <span class='ocrx_word' id='word_1_113' title='bbox 922 1086 1120 1139; x_wconf 62' lang='grc' dir='ltr'>κεροτξόφσς·</span> <span class='ocrx_word' id='word_1_114' title='bbox 1151 1084 1201 1124; x_wconf 62' lang='lat' dir='ltr'>§aa</span> <span class='ocrx_word' id='word_1_115' title='bbox 1225 1083 1326 1134; x_wconf 57' lang='grc' dir='ltr'>ἔγωγ</span> 
     </span>
    </p>

    <p class='ocr_par' dir='ltr' id='par_1_4' title="bbox 390 1145 1304 1272">
     <span class='ocr_line' id='line_1_14' title="bbox 515 1145 1304 1206; baseline -0.003 -17"><span class='ocrx_word' id='word_1_116' title='bbox 515 1150 578 1192; x_wconf 49' lang='grc' dir='ltr'><strong><em>’ἶΗς</em></strong></span> <span class='ocrx_word' id='word_1_117' title='bbox 595 1148 692 1200; x_wconf 59' lang='grc' dir='ltr'><em>γαίης</em></span> <span class='ocrx_word' id='word_1_118' title='bbox 708 1147 848 1202; x_wconf 45' lang='lat' dir='ltr'>Mnaseas</span> <span class='ocrx_word' id='word_1_119' title='bbox 863 1150 1088 1206; x_wconf 60' lang='grc' dir='ltr'>γλυκερώτερον</span> <span class='ocrx_word' id='word_1_120' title='bbox 1106 1148 1186 1190; x_wconf 63' lang='grc' dir='ltr'>ἄλλο</span> <span class='ocrx_word' id='word_1_121' title='bbox 1200 1145 1304 1202; x_wconf 45' lang='lat' dir='ltr'>&amp;effig-</span> 
     </span>
     <span class='ocr_line' id='line_1_15' title="bbox 390 1218 1045 1272; baseline -0.005 -13"><span class='ocrx_word' id='word_1_122' title='bbox 390 1221 488 1259; x_wconf 82' lang='lat' dir='ltr'>Haec</span> <span class='ocrx_word' id='word_1_123' title='bbox 518 1220 653 1272; x_wconf 87' lang='lat' dir='ltr'>igitur.</span> <span class='ocrx_word' id='word_1_124' title='bbox 701 1219 806 1258; x_wconf 91' lang='lat' dir='ltr'>Cura</span> <span class='ocrx_word' id='word_1_125' title='bbox 834 1229 879 1258; x_wconf 92' lang='lat' dir='ltr'>ut</span> <span class='ocrx_word' id='word_1_126' title='bbox 907 1218 1045 1257; x_wconf 85' lang='lat' dir='ltr'>valeas.</span> 
     </span>
    </p>
   </div>
   <div class='ocr_carea' id='block_1_3' title="bbox 732 1419 1440 1457">
    <p class='ocr_par' dir='ltr' id='par_1_5' title="bbox 732 1419 1440 1457">
     <span class='ocr_line' id='line_1_16' title="bbox 732 1419 1440 1457; baseline -0.001 0"><span class='ocrx_word' id='word_1_127' title='bbox 732 1419 973 1457; x_wconf 78' lang='lat' dir='ltr'>CICERO</span> <span class='ocrx_word' id='word_1_128' title='bbox 1014 1419 1269 1456; x_wconf 80' lang='lat' dir='ltr'>ATTlco</span> <span class='ocrx_word' id='word_1_129' title='bbox 1310 1419 1440 1456; x_wconf 77' lang='lat' dir='ltr'>SAL.</span> 
     </span>
    </p>
   </div>
   <div class='ocr_carea' id='block_1_4' title="bbox 392 1543 1781 2580">
    <p class='ocr_par' dir='ltr' id='par_1_6' title="bbox 393 1543 1779 1617">
     <span class='ocr_line' id='line_1_17' title="bbox 393 1543 1779 1617; baseline -0.001 -34"><span class='ocrx_word' id='word_1_130' title='bbox 393 1545 488 1584; x_wconf 88' lang='lat' dir='ltr'><strong>XII.</strong></span> <span class='ocrx_word' id='word_1_131' title='bbox 513 1544 645 1617; x_wconf 88' lang='lat' dir='ltr'>NE</span> <span class='ocrx_word' id='word_1_132' title='bbox 660 1548 695 1585; x_wconf 92' lang='lat' dir='ltr'>G</span> <span class='ocrx_word' id='word_1_133' title='bbox 712 1547 848 1585; x_wconf 86' lang='lat' dir='ltr'>ENT</span> <span class='ocrx_word' id='word_1_134' title='bbox 881 1547 939 1584; x_wconf 90' lang='lat' dir='ltr'>illi</span> <span class='ocrx_word' id='word_1_135' title='bbox 963 1545 1154 1584; x_wconf 86' lang='lat' dir='ltr'>Publium</span> <span class='ocrx_word' id='word_1_136' title='bbox 1175 1546 1374 1598; x_wconf 81' lang='lat' dir='ltr'>plebeium</span> <span class='ocrx_word' id='word_1_137' title='bbox 1395 1544 1542 1583; x_wconf 63' lang='lat' dir='ltr'>fastum</span> <span class='ocrx_word' id='word_1_138' title='bbox 1563 1543 1648 1582; x_wconf 79' lang='lat' dir='ltr'>effe.</span> <span class='ocrx_word' id='word_1_139' title='bbox 1684 1545 1779 1583; x_wconf 85' lang='lat' dir='ltr'>Hoc</span> 
     </span>
    </p>

    <p class='ocr_par' dir='ltr' id='par_1_7' title="bbox 392 1608 1781 2580">
     <span class='ocr_line' id='line_1_18' title="bbox 620 1608 1776 1663; baseline -0.003 -14"><span class='ocrx_word' id='word_1_140' title='bbox 620 1625 710 1649; x_wconf 89' lang='lat' dir='ltr'>vero</span> <span class='ocrx_word' id='word_1_141' title='bbox 731 1625 895 1663; x_wconf 86' lang='lat' dir='ltr'>regnum</span> <span class='ocrx_word' id='word_1_142' title='bbox 917 1611 985 1655; x_wconf 87' lang='lat' dir='ltr'>est,</span> <span class='ocrx_word' id='word_1_143' title='bbox 1003 1619 1040 1647; x_wconf 89' lang='lat' dir='ltr'>et</span> <span class='ocrx_word' id='word_1_144' title='bbox 1062 1609 1151 1647; x_wconf 89' lang='lat' dir='ltr'>ferri</span> <span class='ocrx_word' id='word_1_145' title='bbox 1174 1610 1286 1647; x_wconf 86' lang='lat' dir='ltr'>nullo</span> <span class='ocrx_word' id='word_1_146' title='bbox 1307 1612 1417 1662; x_wconf 61' lang='lat' dir='ltr'>paeto</span> <span class='ocrx_word' id='word_1_147' title='bbox 1439 1608 1575 1661; x_wconf 81' lang='lat' dir='ltr'>potest.</span> <span class='ocrx_word' id='word_1_148' title='bbox 1607 1609 1776 1647; x_wconf 86' lang='lat' dir='ltr'>Emittat</span> 
     </span>
     <span class='ocr_line' id='line_1_19' title="bbox 392 1673 1774 1728; baseline -0.001 -14"><span class='ocrx_word' id='word_1_149' title='bbox 392 1676 439 1714; x_wconf 88' lang='lat' dir='ltr'>ad</span> <span class='ocrx_word' id='word_1_150' title='bbox 459 1690 522 1716; x_wconf 88' lang='lat' dir='ltr'>me</span> <span class='ocrx_word' id='word_1_151' title='bbox 545 1677 709 1716; x_wconf 89' lang='lat' dir='ltr'>Publius</span> <span class='ocrx_word' id='word_1_152' title='bbox 731 1677 799 1728; x_wconf 89' lang='lat' dir='ltr'>qui</span> <span class='ocrx_word' id='word_1_153' title='bbox 821 1676 1025 1728; x_wconf 83' lang='lat' dir='ltr'>obfignent</span> <span class='ocrx_word' id='word_1_154' title='bbox 1044 1690 1052 1713; x_wconf 90' lang='lat'>:</span> <span class='ocrx_word' id='word_1_155' title='bbox 1080 1675 1222 1726; x_wconf 85' lang='lat' dir='ltr'>jurabo</span> <span class='ocrx_word' id='word_1_156' title='bbox 1244 1676 1409 1714; x_wconf 76' lang='lat' dir='ltr'>Cnaeum</span> <span class='ocrx_word' id='word_1_157' title='bbox 1431 1673 1620 1718; x_wconf 87' lang='lat' dir='ltr'>nostrum,</span> <span class='ocrx_word' id='word_1_158' title='bbox 1652 1675 1774 1713; x_wconf 84' lang='lat' dir='ltr'>colle-</span> 
     </span>
     <span class='ocr_line' id='line_1_20' title="bbox 393 1738 1777 1794; baseline -0.001 -16"><span class='ocrx_word' id='word_1_159' title='bbox 393 1755 482 1794; x_wconf 88' lang='lat' dir='ltr'>gam</span> <span class='ocrx_word' id='word_1_160' title='bbox 505 1743 632 1786; x_wconf 88' lang='lat' dir='ltr'>Balbi,</span> <span class='ocrx_word' id='word_1_161' title='bbox 654 1742 768 1779; x_wconf 86' lang='lat' dir='ltr'>Antii</span> <span class='ocrx_word' id='word_1_162' title='bbox 789 1741 891 1779; x_wconf 85' lang='lat' dir='ltr'>mihi</span> <span class='ocrx_word' id='word_1_163' title='bbox 912 1740 1087 1784; x_wconf 83' lang='lat' dir='ltr'>narraffe,</span> <span class='ocrx_word' id='word_1_164' title='bbox 1110 1740 1145 1778; x_wconf 91' lang='lat' dir='ltr'>se</span> <span class='ocrx_word' id='word_1_165' title='bbox 1166 1740 1206 1777; x_wconf 91' lang='lat' dir='ltr'>in</span> <span class='ocrx_word' id='word_1_166' title='bbox 1229 1739 1401 1792; x_wconf 87' lang='lat' dir='ltr'>auspicio</span> <span class='ocrx_word' id='word_1_167' title='bbox 1422 1738 1547 1777; x_wconf 88' lang='lat' dir='ltr'>fuisse.</span> <span class='ocrx_word' id='word_1_168' title='bbox 1588 1740 1625 1776; x_wconf 93' lang='grc' dir='ltr'>Ο</span> <span class='ocrx_word' id='word_1_169' title='bbox 1648 1739 1777 1777; x_wconf 80' lang='lat' dir='ltr'>suaves</span> 
     </span>
     <span class='ocr_line' id='line_1_21' title="bbox 393 1802 1778 1859; baseline -0.004 -15"><span class='ocrx_word' id='word_1_170' title='bbox 393 1807 571 1859; x_wconf 88' lang='lat' dir='ltr'>epistolas</span> <span class='ocrx_word' id='word_1_171' title='bbox 594 1817 677 1845; x_wconf 89' lang='lat' dir='ltr'>tuas</span> <span class='ocrx_word' id='word_1_172' title='bbox 698 1821 778 1845; x_wconf 90' lang='lat' dir='ltr'>uno</span> <span class='ocrx_word' id='word_1_173' title='bbox 800 1817 974 1859; x_wconf 88' lang='lat' dir='ltr'>tempore</span> <span class='ocrx_word' id='word_1_174' title='bbox 1004 1805 1105 1844; x_wconf 90' lang='lat' dir='ltr'>mihi</span> <span class='ocrx_word' id='word_1_175' title='bbox 1132 1805 1238 1842; x_wconf 88' lang='lat' dir='ltr'>datas</span> <span class='ocrx_word' id='word_1_176' title='bbox 1265 1806 1386 1842; x_wconf 85' lang='lat' dir='ltr'>duas:</span> <span class='ocrx_word' id='word_1_177' title='bbox 1419 1804 1564 1856; x_wconf 90' lang='lat' dir='ltr'>quibus</span> <span class='ocrx_word' id='word_1_178' title='bbox 1591 1802 1778 1850; x_wconf 68' lang='grc' dir='ltr'>εὐαγγέλια.</span> 
     </span>
     <span class='ocr_line' id='line_1_22' title="bbox 394 1867 1780 1926; baseline -0.004 -15"><span class='ocrx_word' id='word_1_179' title='bbox 394 1887 480 1926; x_wconf 83' lang='lat' dir='ltr'>quae</span> <span class='ocrx_word' id='word_1_180' title='bbox 511 1873 669 1912; x_wconf 89' lang='lat' dir='ltr'>reddam</span> <span class='ocrx_word' id='word_1_181' title='bbox 704 1871 858 1910; x_wconf 89' lang='lat' dir='ltr'>nescio:</span> <span class='ocrx_word' id='word_1_182' title='bbox 891 1871 1023 1909; x_wconf 88' lang='lat' dir='ltr'>deberi</span> <span class='ocrx_word' id='word_1_183' title='bbox 1057 1870 1219 1922; x_wconf 88' lang='lat' dir='ltr'>quidem</span> <span class='ocrx_word' id='word_1_184' title='bbox 1254 1870 1367 1922; x_wconf 86' lang='lat' dir='ltr'>plane</span> <span class='ocrx_word' id='word_1_185' title='bbox 1401 1868 1538 1907; x_wconf 88' lang='lat' dir='ltr'>fateor.</span> <span class='ocrx_word' id='word_1_186' title='bbox 1586 1868 1658 1905; x_wconf 88' lang='lat' dir='ltr'>Sed</span> <span class='ocrx_word' id='word_1_187' title='bbox 1692 1867 1780 1906; x_wconf 88' lang='lat' dir='ltr'>vide</span> 
     </span>
     <span class='ocr_line' id='line_1_23' title="bbox 394 1933 1779 1988; baseline -0.001 -15"><span class='ocrx_word' id='word_1_188' title='bbox 394 1935 595 1988; x_wconf 72' lang='grc' dir='ltr'><strong><em>συγκύρημα.</em></strong></span> <span class='ocrx_word' id='word_1_189' title='bbox 628 1937 868 1977; x_wconf 88' lang='lat' dir='ltr'>Emerseram</span> <span class='ocrx_word' id='word_1_190' title='bbox 890 1936 1097 1974; x_wconf 89' lang='lat' dir='ltr'>commode</span> <span class='ocrx_word' id='word_1_191' title='bbox 1118 1950 1164 1975; x_wconf 87' lang='lat' dir='ltr'>ex</span> <span class='ocrx_word' id='word_1_192' title='bbox 1187 1937 1338 1974; x_wconf 85' lang='lat' dir='ltr'>Antiati</span> <span class='ocrx_word' id='word_1_193' title='bbox 1362 1936 1401 1973; x_wconf 89' lang='lat' dir='ltr'>in</span> <span class='ocrx_word' id='word_1_194' title='bbox 1424 1936 1595 1988; x_wconf 85' lang='lat' dir='ltr'>Appiam</span> <span class='ocrx_word' id='word_1_195' title='bbox 1617 1933 1663 1972; x_wconf 89' lang='lat' dir='ltr'>ad</span> <span class='ocrx_word' id='word_1_196' title='bbox 1680 1935 1779 1973; x_wconf 88' lang='lat' dir='ltr'>Tres</span> 
     </span>
     <span class='ocr_line' id='line_1_24' title="bbox 395 2000 1779 2056; baseline -0.001 -15"><span class='ocrx_word' id='word_1_197' title='bbox 395 2002 572 2041; x_wconf 87' lang='lat' dir='ltr'>tabernas</span> <span class='ocrx_word' id='word_1_198' title='bbox 593 2003 682 2056; x_wconf 84' lang='lat' dir='ltr'>ipfis</span> <span class='ocrx_word' id='word_1_199' title='bbox 705 2002 947 2046; x_wconf 85' lang='lat' dir='ltr'>Cerealibus,</span> <span class='ocrx_word' id='word_1_200' title='bbox 979 2015 1070 2040; x_wconf 91' lang='lat' dir='ltr'>cum</span> <span class='ocrx_word' id='word_1_201' title='bbox 1104 2003 1142 2039; x_wconf 91' lang='lat' dir='ltr'>in</span> <span class='ocrx_word' id='word_1_202' title='bbox 1177 2015 1239 2039; x_wconf 88' lang='lat' dir='ltr'>me</span> <span class='ocrx_word' id='word_1_203' title='bbox 1267 2001 1433 2040; x_wconf 89' lang='lat' dir='ltr'>incurrit</span> <span class='ocrx_word' id='word_1_204' title='bbox 1465 2002 1592 2040; x_wconf 89' lang='lat' dir='ltr'>Roma</span> <span class='ocrx_word' id='word_1_205' title='bbox 1620 2000 1779 2039; x_wconf 85' lang='lat' dir='ltr'>veniens</span> 
     </span>
     <span class='ocr_line' id='line_1_25' title="bbox 396 2066 1781 2120; baseline -0.001 -13"><span class='ocrx_word' id='word_1_206' title='bbox 396 2069 521 2107; x_wconf 85' lang='lat' dir='ltr'>Curio</span> <span class='ocrx_word' id='word_1_207' title='bbox 549 2082 673 2107; x_wconf 90' lang='lat' dir='ltr'>meus.</span> <span class='ocrx_word' id='word_1_208' title='bbox 721 2068 873 2107; x_wconf 88' lang='lat' dir='ltr'>Ibidem</span> <span class='ocrx_word' id='word_1_209' title='bbox 906 2069 997 2106; x_wconf 82' lang='lat' dir='ltr'>ilico</span> <span class='ocrx_word' id='word_1_210' title='bbox 1025 2081 1119 2120; x_wconf 89' lang='lat' dir='ltr'>puer</span> <span class='ocrx_word' id='word_1_211' title='bbox 1146 2068 1212 2105; x_wconf 84' lang='lat' dir='ltr'>abs</span> <span class='ocrx_word' id='word_1_212' title='bbox 1235 2076 1271 2106; x_wconf 90' lang='lat' dir='ltr'>te</span> <span class='ocrx_word' id='word_1_213' title='bbox 1292 2081 1384 2106; x_wconf 90' lang='lat' dir='ltr'>cum</span> <span class='ocrx_word' id='word_1_214' title='bbox 1404 2067 1591 2119; x_wconf 87' lang='lat' dir='ltr'>epistolis.</span> <span class='ocrx_word' id='word_1_215' title='bbox 1640 2066 1712 2104; x_wconf 88' lang='lat' dir='ltr'>Ille</span> <span class='ocrx_word' id='word_1_216' title='bbox 1731 2080 1781 2105; x_wconf 81' lang='lat' dir='ltr'>ex</span> 
     </span>
     <span class='ocr_line' id='line_1_26' title="bbox 395 2132 1779 2186; baseline -0.002 -14"><span class='ocrx_word' id='word_1_217' title='bbox 395 2147 473 2178; x_wconf 87' lang='lat' dir='ltr'>me,</span> <span class='ocrx_word' id='word_1_218' title='bbox 506 2133 658 2172; x_wconf 87' lang='lat' dir='ltr'>nihilne</span> <span class='ocrx_word' id='word_1_219' title='bbox 678 2133 861 2171; x_wconf 74' lang='lat' dir='ltr'>audiss‘em</span> <span class='ocrx_word' id='word_1_220' title='bbox 885 2134 999 2171; x_wconf 86' lang='lat' dir='ltr'>novi:</span> <span class='ocrx_word' id='word_1_221' title='bbox 1031 2147 1104 2186; x_wconf 85' lang='lat' dir='ltr'>ego</span> <span class='ocrx_word' id='word_1_222' title='bbox 1127 2147 1277 2186; x_wconf 82' lang='lat' dir='ltr'>negare.</span> <span class='ocrx_word' id='word_1_223' title='bbox 1312 2133 1492 2176; x_wconf 86' lang='lat' dir='ltr'>Publius,</span> <span class='ocrx_word' id='word_1_224' title='bbox 1515 2132 1659 2184; x_wconf 89' lang='lat' dir='ltr'>inquit,</span> <span class='ocrx_word' id='word_1_225' title='bbox 1682 2132 1779 2170; x_wconf 87' lang='lat' dir='ltr'>Tri-</span> 
     </span>
     <span class='ocr_line' id='line_1_27' title="bbox 397 2197 1779 2252; baseline -0.001 -14"><span class='ocrx_word' id='word_1_226' title='bbox 397 2199 589 2238; x_wconf 88' lang='lat' dir='ltr'>bunatum</span> <span class='ocrx_word' id='word_1_227' title='bbox 610 2199 736 2252; x_wconf 87' lang='lat' dir='ltr'>plebis</span> <span class='ocrx_word' id='word_1_228' title='bbox 759 2200 871 2252; x_wconf 90' lang='lat' dir='ltr'>petit.</span> <span class='ocrx_word' id='word_1_229' title='bbox 905 2198 1015 2250; x_wconf 85' lang='lat' dir='ltr'>Qid</span> <span class='ocrx_word' id='word_1_230' title='bbox 1035 2199 1118 2236; x_wconf 83' lang='lat' dir='ltr'>ais?</span> <span class='ocrx_word' id='word_1_231' title='bbox 1141 2208 1178 2236; x_wconf 91' lang='lat' dir='ltr'>et</span> <span class='ocrx_word' id='word_1_232' title='bbox 1201 2198 1488 2236; x_wconf 75' lang='lat' dir='ltr'>inimicissimus</span> <span class='ocrx_word' id='word_1_233' title='bbox 1506 2197 1667 2250; x_wconf 87' lang='lat' dir='ltr'>quidem</span> <span class='ocrx_word' id='word_1_234' title='bbox 1690 2198 1779 2236; x_wconf 80' lang='lat' dir='ltr'>Ca:-</span> 
     </span>
     <span class='ocr_line' id='line_1_28' title="bbox 398 2262 1777 2317; baseline -0.001 -15"><span class='ocrx_word' id='word_1_235' title='bbox 398 2264 502 2308; x_wconf 87' lang='lat' dir='ltr'>saris,</span> <span class='ocrx_word' id='word_1_236' title='bbox 533 2275 570 2302; x_wconf 89' lang='lat' dir='ltr'>et</span> <span class='ocrx_word' id='word_1_237' title='bbox 602 2274 645 2302; x_wconf 89' lang='lat' dir='ltr'>ut</span> <span class='ocrx_word' id='word_1_238' title='bbox 675 2265 821 2309; x_wconf 85' lang='lat' dir='ltr'>omnia,</span> <span class='ocrx_word' id='word_1_239' title='bbox 854 2265 999 2317; x_wconf 88' lang='lat' dir='ltr'>inquit,</span> <span class='ocrx_word' id='word_1_240' title='bbox 1032 2263 1099 2301; x_wconf 82' lang='lat' dir='ltr'>ista</span> <span class='ocrx_word' id='word_1_241' title='bbox 1131 2263 1334 2302; x_wconf 80' lang='lat' dir='ltr'>rescindat.</span> <span class='ocrx_word' id='word_1_242' title='bbox 1381 2263 1491 2315; x_wconf 81' lang='lat' dir='ltr'>Qid</span> <span class='ocrx_word' id='word_1_243' title='bbox 1527 2262 1683 2301; x_wconf 67' lang='lat' dir='ltr'>Caesar?</span> <span class='ocrx_word' id='word_1_244' title='bbox 1717 2263 1777 2300; x_wconf 90' lang='lat' dir='ltr'>in-</span> 
     </span>
     <span class='ocr_line' id='line_1_29' title="bbox 396 2328 1781 2383; baseline -0.001 -15"><span class='ocrx_word' id='word_1_245' title='bbox 396 2343 530 2382; x_wconf 87' lang='lat' dir='ltr'>quam.</span> <span class='ocrx_word' id='word_1_246' title='bbox 573 2331 702 2383; x_wconf 82' lang='lat' dir='ltr'>Negat</span> <span class='ocrx_word' id='word_1_247' title='bbox 724 2330 758 2368; x_wconf 90' lang='lat' dir='ltr'>se</span> <span class='ocrx_word' id='word_1_248' title='bbox 778 2330 992 2383; x_wconf 81' lang='lat' dir='ltr'>quicquam</span> <span class='ocrx_word' id='word_1_249' title='bbox 1014 2329 1060 2367; x_wconf 92' lang='lat' dir='ltr'>de</span> <span class='ocrx_word' id='word_1_250' title='bbox 1083 2329 1189 2368; x_wconf 90' lang='lat' dir='ltr'>illius</span> <span class='ocrx_word' id='word_1_251' title='bbox 1211 2329 1419 2382; x_wconf 81' lang='lat' dir='ltr'>adoptione</span> <span class='ocrx_word' id='word_1_252' title='bbox 1442 2328 1581 2367; x_wconf 76' lang='lat' dir='ltr'>tulill&#39;e.</span> <span class='ocrx_word' id='word_1_253' title='bbox 1628 2328 1781 2366; x_wconf 86' lang='lat' dir='ltr'>Deinde</span> 
     </span>
     <span class='ocr_line' id='line_1_30' title="bbox 399 2394 1779 2448; baseline -0.001 -14"><span class='ocrx_word' id='word_1_254' title='bbox 399 2397 526 2440; x_wconf 85' lang='lat' dir='ltr'>suurn,</span> <span class='ocrx_word' id='word_1_255' title='bbox 560 2395 761 2440; x_wconf 86' lang='lat' dir='ltr'>Memmii,</span> <span class='ocrx_word' id='word_1_256' title='bbox 794 2395 950 2433; x_wconf 86' lang='lat' dir='ltr'>Metelli</span> <span class='ocrx_word' id='word_1_257' title='bbox 974 2395 1158 2447; x_wconf 84' lang='lat' dir='ltr'>Nepotis,</span> <span class='ocrx_word' id='word_1_258' title='bbox 1191 2394 1430 2448; x_wconf 75' lang='lat' dir='ltr'>exprompsit</span> <span class='ocrx_word' id='word_1_259' title='bbox 1455 2395 1606 2433; x_wconf 80' lang='lat' dir='ltr'>odium.</span> <span class='ocrx_word' id='word_1_260' title='bbox 1654 2396 1779 2432; x_wconf 88' lang='lat' dir='ltr'>Com-</span> 
     </span>
     <span class='ocr_line' id='line_1_31' title="bbox 400 2460 1781 2514; baseline 0 -15"><span class='ocrx_word' id='word_1_261' title='bbox 400 2462 537 2514; x_wconf 85' lang='lat' dir='ltr'>plexus</span> <span class='ocrx_word' id='word_1_262' title='bbox 553 2462 739 2513; x_wconf 87' lang='lat' dir='ltr'>juvencm</span> <span class='ocrx_word' id='word_1_263' title='bbox 761 2461 903 2505; x_wconf 77' lang='lat' dir='ltr'>dimisi,</span> <span class='ocrx_word' id='word_1_264' title='bbox 936 2474 1142 2514; x_wconf 81' lang='lat' dir='ltr'>properans</span> <span class='ocrx_word' id='word_1_265' title='bbox 1164 2462 1210 2498; x_wconf 80' lang='lat' dir='ltr'>ad</span> <span class='ocrx_word' id='word_1_266' title='bbox 1232 2461 1423 2514; x_wconf 80' lang='lat' dir='ltr'>epistolas.</span> <span class='ocrx_word' id='word_1_267' title='bbox 1474 2461 1553 2499; x_wconf 86' lang='lat' dir='ltr'>Ubi</span> <span class='ocrx_word' id='word_1_268' title='bbox 1578 2460 1679 2505; x_wconf 87' lang='lat' dir='ltr'>sunt,</span> <span class='ocrx_word' id='word_1_269' title='bbox 1712 2461 1781 2513; x_wconf 88' lang='lat' dir='ltr'>qui</span> 
     </span>
     <span class='ocr_line' id='line_1_32' title="bbox 399 2522 1780 2580; baseline -0.001 -14"><span class='ocrx_word' id='word_1_270' title='bbox 399 2528 508 2566; x_wconf 83' lang='lat' dir='ltr'>aiunt</span> <span class='ocrx_word' id='word_1_271' title='bbox 529 2522 627 2577; x_wconf 73' lang='grc' dir='ltr'><strong><em>ζωσης</em></strong></span> <span class='ocrx_word' id='word_1_272' title='bbox 647 2523 780 2574; x_wconf 55' lang='lat' dir='ltr'>varic?</span> <span class='ocrx_word' id='word_1_273' title='bbox 812 2538 959 2579; x_wconf 81' lang='lat' dir='ltr'>quanto</span> <span class='ocrx_word' id='word_1_274' title='bbox 980 2527 1103 2580; x_wconf 80' lang='lat' dir='ltr'>magis</span> <span class='ocrx_word' id='word_1_275' title='bbox 1125 2527 1204 2566; x_wconf 83' lang='lat' dir='ltr'>vidi</span> <span class='ocrx_word' id='word_1_276' title='bbox 1235 2541 1281 2566; x_wconf 82' lang='lat' dir='ltr'>cx</span> <span class='ocrx_word' id='word_1_277' title='bbox 1312 2527 1387 2565; x_wconf 87' lang='lat' dir='ltr'>tuis</span> <span class='ocrx_word' id='word_1_278' title='bbox 1418 2527 1554 2571; x_wconf 79' lang='lat' dir='ltr'>literis,</span> <span class='ocrx_word' id='word_1_279' title='bbox 1586 2539 1705 2579; x_wconf 87' lang='lat' dir='ltr'>quam</span> <span class='ocrx_word' id='word_1_280' title='bbox 1734 2539 1780 2565; x_wconf 83' lang='lat' dir='ltr'>ex</span> 
     </span>
    </p>
   </div>
  </div>
 </body>
</html>
