2243 3008
461 336 514 376 74
806 320 1492 361 EPISTOLARUM

465 418 721 471 perferantur,
752 426 850 470 puto
870 431 933 455 me
953 418 1007 455 ita
1025 416 1096 454 effe
1117 415 1310 454 faeturum
1328 433 1340 460 ς
1374 414 1435 453 sed
1456 415 1540 460 ubi,
1573 413 1750 453 nondum
1771 414 1848 452 sta-

465 485 546 521 tui:
570 493 685 536 atque
706 483 758 520 ita
774 482 1000 534 perturbato
1016 481 1099 519 sum
1120 481 1252 518 animo
1267 480 1314 518 de
1330 481 1500 532 Qinto,
1519 489 1561 518 ut
1583 480 1684 518 nihil
1705 493 1847 533 queam

466 548 648 586 statuere:
672 547 734 585 sed
752 556 880 584 tamen
898 547 1026 584 statim
1047 555 1084 583 te
1104 544 1245 583 faciam
1265 545 1486 583 certiorem.
1520 546 1582 583 Ex
1598 545 1848 597 epistolarum

466 627 642 651 mearum
664 611 920 650 inconstantia
939 621 1037 663 puto
1058 620 1095 648 te
1116 610 1259 648 mentis
1280 623 1376 647 meae
1396 619 1552 648 motum
1573 610 1730 655 videre;
1762 611 1846 662 qui,

466 678 533 715 etsi
554 676 777 716 incredibili
801 685 840 714 et
860 676 1042 728 fingulari
1062 675 1281 713 calamitate
1300 672 1466 712 afflictus
1487 675 1586 719 sum,
1618 685 1746 713 tamen
1769 688 1847 712 non

467 750 548 778 tam
569 741 620 779 est
640 753 687 779 ex
709 740 874 785 miseria,
905 753 1024 793 quam
1050 753 1097 778 ex
1122 739 1248 791 culpae
1268 738 1403 777 nostrae
1424 739 1703 784 recordatione,
1735 752 1847 777 com-

467 815 598 844 motus
618 820 626 844 ε
659 806 772 857 cujus
791 805 899 843 enim
920 805 1059 843 scelere
1079 804 1235 856 impulfi
1257 817 1299 841 ac
1320 804 1465 856 proditi
1487 804 1619 849 fimus,
1645 805 1728 856 jam
1756 817 1848 856 pro-

468 869 570 908 fecto
590 869 724 914 vides;
756 878 872 921 atque
893 870 1044 907 utinam
1059 870 1142 920 jam
1164 877 1251 906 ante
1272 867 1438 912 vidisses,
1465 881 1591 920 neque
1613 878 1743 906 totum
1763 868 1848 905 ani-

469 948 581 972 mum
614 944 728 974 tuum
756 935 915 972 moerori
942 947 1100 972 mecum
1127 933 1244 971 fimul
1275 932 1450 970 dediffes.
1496 934 1642 984 Qare,
1673 946 1767 971 cum
1787 945 1850 970 me

467 999 657 1036 afflictum
688 1008 726 1036 et
757 997 983 1036 confectum
1015 998 1123 1035 luctu
1155 997 1300 1041 audies,
1332 997 1552 1035 existimato
1582 1011 1646 1035 me
1677 997 1850 1035 stultitiae

468 1078 563 1103 meae
599 1077 754 1116 poenam
789 1062 889 1101 ferre
921 1063 1092 1115 gravius,
1125 1075 1244 1115 quam
1278 1063 1406 1100 eventi
1425 1081 1436 1107 ς
1469 1062 1575 1115 quod
1606 1063 1643 1100 ei
1673 1062 1850 1101 credide-

469 1130 560 1174 rim,
592 1143 711 1181 quem
731 1129 803 1168 effe
823 1127 1018 1166 nefarium
1039 1141 1118 1166 non
1138 1128 1324 1180 putarim.
1373 1128 1445 1166 Me
1464 1137 1503 1166 et
1523 1141 1703 1166 meorum
1722 1128 1849 1166 malo-

468 1208 556 1232 rum
577 1194 780 1239 memoria,
811 1202 848 1231 et
880 1202 1008 1237 metus
1040 1192 1086 1231 de
1115 1191 1246 1237 fratre,
1277 1191 1319 1230 in
1349 1191 1554 1230 scribendo
1580 1192 1773 1245 impedit:
1808 1201 1851 1230 tu

469 1259 536 1296 ista
567 1259 700 1297 omnia
729 1258 815 1296 vide
849 1267 888 1296 et
921 1259 1111 1310 guberna.
1155 1257 1344 1296 Terentia
1376 1257 1452 1296 tibi
1485 1259 1675 1296 maximas
1708 1258 1850 1311 gratias

470 1325 563 1376 agit.
610 1325 831 1362 Literarum
858 1323 1101 1376 exemplum,
1132 1335 1227 1375 quas
1248 1321 1295 1360 ad
1325 1322 1562 1376 Pompeium
1587 1322 1733 1377 scripfi,
1764 1323 1852 1362 mifi

470 1389 559 1427 tibi.
592 1389 686 1427 Dat.
712 1401 774 1426 ιν.
795 1387 886 1428 Kal.
908 1388 1004 1439 Jun.
1036 1386 1336 1428 Theffalonicae.

805 1582 1047 1629 C1cE'Ro
1087 1590 1341 1628 ATTlco
1383 1591 1513 1629 SAL.

471 1707 544 1754 IX.
661 1717 731 1755 UI
750 1717 790 1755 N
805 1718 842 1755 T
858 1718 895 1755 U
912 1717 934 1754 S
963 1715 1082 1754 frater
1110 1730 1203 1754 cum
1231 1730 1279 1755 ex
1302 1717 1392 1755 Afia
1411 1716 1629 1755 disceffiffet
1648 1726 1737 1756 ante
1758 1717 1851 1757 Kal.

666 1781 766 1820 Mai.
790 1791 828 1819 et
849 1781 1024 1819 Athenas
1045 1781 1204 1820 venisset
1225 1781 1329 1820 Idib.
1352 1781 1462 1820 valde
1481 1780 1559 1819 fuit
1579 1781 1614 1819 ei
1635 1795 1848 1834 properan-

469 1847 580 1890 dum,
608 1860 654 1884 ne
675 1846 771 1898 quid
791 1846 925 1884 absens
945 1846 1137 1897 acciperet
1157 1845 1405 1891 calamitatis,
1427 1846 1456 1884 sl
1474 1847 1563 1898 quis
1583 1845 1685 1884 forte
1706 1845 1852 1893 sufflet,

470 1912 539 1962 qui
561 1920 768 1948 contentus
791 1909 927 1948 nostris
949 1909 1061 1948 malis
1083 1923 1161 1947 non
1181 1909 1285 1948 esset.
1332 1911 1468 1962 Itaque
1495 1924 1586 1948 eum
1608 1911 1728 1948 malui
1757 1925 1849 1963 pro-

470 1988 600 2028 perare
627 1975 812 2019 Romam,
843 1987 961 2026 quam
991 1973 1039 2011 ad
1068 1987 1129 2012 me
1151 1975 1306 2012 venire:
1339 1984 1378 2012 et
1407 1975 1519 2012 simul
1553 1975 1699 2026 (dicam
1728 1976 1851 2021 enim,

471 2040 577 2091 quod
603 2053 738 2077 verum
767 2038 849 2083 est,
879 2053 925 2077 ex
956 2051 1036 2091 quo
1062 2039 1378 2090 magnitudinem
1406 2039 1647 2078 miseriarum
1677 2053 1852 2079 mearum

473 2103 685 2155 perspicere
707 2103 838 2155 possis)
865 2104 1042 2140 animum
1073 2103 1256 2140 inducere
1285 2117 1363 2141 non
1394 2102 1521 2156 potui,
1553 2114 1595 2141 ut
1625 2114 1690 2142 aut
1720 2104 1851 2149 illum,

472 2168 774 2207 amantissimum
796 2169 888 2213 mei,
912 2168 1137 2206 molliffimo
1158 2169 1302 2213 animo,
1327 2179 1435 2207 tanto
1457 2169 1495 2207 in
1520 2182 1684 2208 moerore
1704 2170 1851 2222 aspice-

474 2248 553 2271 rem
574 2253 583 2277 ;
614 2243 679 2271 aut
701 2247 802 2271 meas
824 2233 993 2272 miserias
1016 2233 1122 2271 luctu
1144 2232 1318 2279 afflictas,
1348 2243 1386 2271 et
1414 2233 1605 2286 perditam
1636 2234 1850 2281 fortunam,

473 2300 530 2337 illi
553 2299 747 2343 offerrem,
778 2309 842 2336 aut
864 2299 911 2336 ab
934 2299 1004 2336 illo
1023 2298 1140 2351 aspici
1163 2308 1323 2352 paterer.
1371 2301 1503 2351 Atque
1533 2301 1650 2337 etiam
1672 2300 1771 2337 illud
1799 2302 1850 2338 ti·

473 2364 642 2408 mebam,
674 2364 778 2416 quod
800 2363 975 2417 profecto
995 2364 1202 2408 accidiss‘ct,
1236 2379 1280 2403 ne
1302 2379 1320 2402 a
1342 2379 1404 2403 me
1425 2365 1574 2417 digredi
1606 2380 1683 2403 non
1717 2366 1850 2418 posset.

474 2430 703 2467 Versabatur
725 2429 824 2467 mihi
848 2439 1001 2482 tempus
1024 2429 1122 2467 illud
1144 2440 1230 2468 ante
1251 2430 1401 2475 oculos,
1433 2444 1525 2468 cum
1557 2431 1622 2468 illc
1643 2441 1707 2468 aut
1737 2431 1851 2469 licto-

473 2509 529 2532 res
560 2495 791 2539 dimitteret,
822 2505 886 2532 aut
922 2496 957 2532 vi
993 2495 1220 2533 avelleretur
1250 2509 1295 2533 cx
1327 2495 1538 2547 complexu
1569 2510 1672 2535 meo.
1718 2496 1851 2548 Hujus

472 2561 689 2599 acerbitatis
711 2570 894 2599 eventum
917 2561 1034 2599 altera
1053 2561 1259 2600 acerbitate
1282 2575 1358 2599 non
1382 2561 1538 2599 videndi
1569 2560 1696 2600 fratris
1719 2562 1851 2600 vitavi.
