2243 3008
631 285 737 324 AD
797 281 1227 322 ATTICUM
1292 283 1433 322 LIB.
1486 285 1518 322 Ι.
1719 298 1769 337 ²9

387 385 512 425 noster
553 383 621 436 (fic
655 382 709 420 est
748 381 882 426 enim;
928 380 1019 419 volo
1054 391 1092 419 te
1126 380 1203 419 hoc
1242 381 1354 432 scire)
1399 383 1610 435 Pompeius
1651 392 1769 435 togu-

388 450 596 489 laminam
616 449 761 501 pietam
790 447 942 485 filentio
970 456 1102 485 tuetur
1134 447 1254 486 suam.
1302 448 1454 486 Craffus
1485 448 1647 486 verbum
1679 449 1770 486 nul—

387 516 472 554 lum
494 524 629 553 contra
648 513 828 565 gratiam.
862 513 1032 550 Caeteros
1048 513 1132 564 jam
1154 512 1278 557 nosti3
1311 513 1379 565 qui
1401 513 1454 551 ita
1474 513 1563 551 sunt
1583 513 1706 558 stulti,
1729 523 1774 551 ut

387 579 519 619 amiffa
548 578 771 631 Republica
800 577 964 629 piscinas
998 577 1080 615 suas
1112 576 1196 615 fore
1227 577 1344 616 salvas
1377 578 1524 631 sperare
1553 578 1770 617 videantur.

389 647 503 683 Unus
525 644 578 682 est
604 644 673 696 qui
699 652 823 687 curet,
855 642 1069 680 constantia
1089 643 1214 695 magis
1234 652 1273 681 et
1294 643 1531 696 integritate,
1563 657 1696 695 quam,
1730 653 1774 681 ut

387 710 488 751 mihi
518 709 686 754 videtur,
717 708 880 746 confilio
910 717 976 746 aut
1007 709 1181 760 ingenio,
1214 709 1341 753 Cat03
1373 709 1443 761 qui
1477 709 1636 747 miseros
1666 708 1773 761 pub-

386 777 549 820 licanos,
580 788 679 827 quos
713 773 853 812 habuit
879 774 1157 812 amantiffimos
1190 773 1263 819 sui,
1295 774 1458 812 tertium
1483 775 1567 826 jam
1599 774 1774 812 mensem

389 849 515 885 vexat,
534 854 659 892 neque
679 840 727 877 iis
748 853 769 876 a
789 839 929 876 Senatu
951 838 1176 891 responsum
1197 839 1277 877 dari
1297 839 1458 892 patitur.
1492 840 1551 877 Ita
1570 852 1640 877 nos
1661 839 1775 891 cogi-

390 920 480 945 mur
499 906 660 958 reliquis
689 905 736 942 de
766 904 881 942 rebus
913 903 1013 942 nihil
1046 904 1250 943 decernere
1278 914 1382 950 ante,
1413 918 1531 957 quam
1552 905 1775 957 publicanis

391 971 615 1024 responsum
636 971 701 1009 fit:
724 984 839 1021 quare
860 970 978 1007 etiam
999 970 1213 1022 legationes
1233 971 1420 1022 rejeEtum
1441 971 1488 1008 iri
1509 979 1622 1022 puto.
1652 971 1776 1009 Nunc

391 1039 512 1082 vides,
544 1038 690 1089 quibus
711 1036 895 1074 fludfibus
912 1036 1131 1087 jaeternur:
1164 1036 1231 1073 etfi
1252 1049 1299 1073 ex
1326 1037 1390 1080 iis,
1421 1050 1506 1087 quae
1538 1036 1775 1088 scripfimuS,

390 1113 496 1142 tanta
516 1095 674 1140 etiama
701 1114 764 1138 me
794 1114 873 1138 non
903 1100 1044 1152 scripta
1073 1101 1273 1153 perspicis.
1320 1101 1460 1139 Revise
1492 1115 1560 1139 nos
1593 1102 1774 1154 aliquan-

390 1169 454 1213 do,
486 1177 524 1205 et
553 1179 778 1219 quanquam
809 1165 899 1203 sunt
932 1164 1014 1202 haec
1047 1166 1133 1203 loca
1163 1165 1364 1217 fugienda,
1395 1179 1474 1217 quo
1505 1176 1542 1204 te
1572 1180 1683 1212 voco,
1715 1177 1775 1205 ta-

388 1247 479 1272 men
501 1232 562 1270 fac
583 1241 627 1270 ut
647 1244 819 1269 amorem
842 1229 1015 1268 nostrum
1037 1231 1136 1268 tanti
1156 1230 1333 1276 aestimes,
1365 1241 1410 1268 ut
1438 1245 1484 1269 eo
1513 1232 1572 1269 vel
1601 1246 1692 1269 cum
1714 1231 1777 1270 his

391 1298 579 1338 molestiis
609 1297 759 1350 perfrui
788 1297 899 1334 velis.
946 1297 1053 1334 Nam
1084 1310 1131 1334 ne
1151 1296 1285 1334 absens
1306 1297 1495 1342 censeare,
1526 1298 1670 1335 curabo
1691 1297 1776 1335 edi-

391 1364 562 1404 cendum
599 1373 638 1402 et
671 1362 974 1416 proponendum
1008 1362 1106 1400 locis
1140 1363 1354 1400 omnibus:
1402 1363 1471 1400 sub
1506 1362 1671 1401 lustrum
1706 1377 1776 1401 au-

393 1440 475 1469 tem
512 1429 672 1475 censeri,
717 1428 893 1481 germani
933 1428 1186 1480 negotiatoris
1221 1428 1289 1467 est.
1340 1429 1471 1480 Qare
1504 1442 1610 1474 cura,
1656 1439 1700 1467 ut
1740 1439 1777 1467 te

392 1496 689 1549 quamprimum
717 1494 932 1534 videamus.
965 1494 1056 1534 Kal.
1085 1494 1202 1533 Febr.
1235 1494 1483 1546 QMetello
1514 1504 1552 1534 et
1584 1496 1632 1535 L.
1658 1495 1778 1534 Afra-

394 1563 461 1602 nio
493 1561 598 1601 Coff.

729 1761 970 1800 CicERo
1011 1763 1265 1800 ATTICO
1307 1763 1436 1801 SAL.

396 1890 510 1930 XIX.
535 1888 621 1962 N
638 1889 675 1925 Ο
693 1888 735 1927 Ν
765 1889 898 1934 modo,
930 1888 955 1927 fi
986 1889 1087 1928 mihi
1110 1898 1262 1928 tantum
1284 1889 1373 1928 esset
1394 1890 1481 1934 otii,
1513 1900 1705 1942 quantum
1726 1891 1779 1929 est

652 1954 742 1999 tibi,
773 1967 908 1992 verum
938 1955 1072 2000 etiam,
1103 1954 1130 1992 fi
1166 1964 1245 1992 tam
1281 1954 1412 1993 breves
1446 1954 1623 2006 epistolas
1658 1956 1779 1994 velim

397 2023 567 2067 mittere,
585 2034 704 2074 quam
726 2029 767 2057 tu
791 2020 886 2058 soles
907 2019 1047 2065 facere,
1071 2029 1107 2058 te
1129 2020 1360 2072 superarem,
1382 2030 1420 2058 et
1441 2021 1481 2058 in
1503 2021 1646 2073 scripto
1670 2021 1777 2059 mul-

396 2099 438 2127 to
458 2088 571 2126 effem
593 2086 779 2131 crebrior,
810 2099 927 2138 quam
950 2095 992 2124 tu
1012 2101 1020 2124 :
1055 2085 1116 2123 sed
1137 2086 1183 2123 ad
1204 2085 1372 2124 summas
1393 2095 1507 2138 atque
1528 2086 1776 2124 incredibiles

397 2153 673 2205 occupationes
695 2164 798 2189 meas
819 2151 984 2196 accedit,
1015 2151 1121 2203 quod
1143 2151 1293 2189 nullam
1315 2165 1334 2188 a
1354 2165 1417 2189 me
1437 2151 1637 2203 epistolam
1665 2152 1711 2188 ad
1741 2161 1779 2189 te

398 2220 478 2257 fino
498 2218 642 2271 absque
661 2226 893 2269 argumento
909 2230 952 2254 ac
972 2216 1160 2255 sententia
1175 2217 1388 2269 pervenire.
1422 2218 1475 2254 Et
1495 2219 1670 2268 primum
1688 2218 1778 2263 tibi,

399 2294 441 2322 ut
461 2298 618 2337 aequum
638 2283 705 2329 est,
737 2283 814 2321 civi
843 2283 990 2321 amanti
1021 2283 1201 2335 patriam,
1233 2297 1318 2335 qua:
1348 2283 1436 2320 sunt
1467 2283 1508 2320 in
1542 2283 1776 2335 Republica,

399 2362 618 2401 exponam:
651 2348 804 2393 deinde,
837 2349 1023 2401 quoniam
1057 2349 1131 2386 tibi
1162 2362 1292 2386 amore
1324 2362 1394 2386 nos
1426 2349 1597 2401 proximi
1630 2348 1776 2393 sumuS,

402 2414 612 2452 scribemus
632 2416 749 2453 etiam
770 2414 817 2452 de
838 2415 951 2453 nobis
972 2429 1028 2460 ea,
1059 2428 1145 2467 quae
1174 2415 1269 2453 scire
1301 2424 1338 2452 te
1370 2428 1449 2452 non
1478 2415 1582 2452 nolle
1614 2415 1776 2452 arbitra-

402 2492 504 2517 mur.
550 2481 684 2531 Atque
703 2481 744 2517 in
766 2481 987 2533 Republica
1007 2494 1113 2519 nunc
1133 2481 1295 2533 quidem
1316 2481 1486 2519 maxime
1509 2481 1655 2518 Gallici
1684 2479 1777 2516 belli

402 2544 569 2583 versatur
589 2553 732 2583 metus.
776 2546 883 2585 Nam
904 2546 1024 2592 Edui,
1055 2546 1190 2586 fratres
1212 2546 1345 2593 nostri,
1375 2556 1576 2599 pugnant:
1611 2544 1781 2597 Sequani
