2243 3008
586 272 691 310 AD
750 268 1184 308 ATTICUM
1252 269 1393 307 LIB.
1445 270 1500 308 ΙΙ.
1688 272 1735 311 61

353 371 626 412 benevolentia
646 371 685 408 in
707 370 802 408 caelo
829 369 909 407 est:
941 368 1066 407 edidta
1095 370 1178 421 ejus
1211 378 1250 406 et
1279 371 1487 408 conciones
1516 370 1742 411 describunt

355 447 394 476 et
423 438 588 489 legunt:
622 449 724 473 novo
752 434 923 487 quodam
952 448 1092 486 genere
1125 435 1167 472 in
1197 434 1391 472 summam
1421 436 1587 487 gloriam
1617 438 1739 476 venit.

355 503 547 554 Populare
568 514 673 539 nunc
695 499 797 538 nihil
820 510 899 538 tam
919 500 986 545 est,
1018 513 1136 551 quam
1166 499 1303 538 odium
1330 501 1597 553 popularium.
1642 503 1741 540 Haec

354 581 435 621 quo
455 567 529 606 slnt
549 576 747 619 eruptura,
779 567 900 604 timeo
919 581 928 604 ε
961 565 1039 610 sed,
1071 565 1097 603 fi
1119 565 1306 618 dispicere
1326 566 1422 618 quid
1443 580 1612 619 coepero,
1643 568 1739 606 scri-

355 633 446 672 bam
466 633 513 671 ad
534 642 571 671 te
590 633 776 685 apertius.
809 634 891 677 Tu,
921 631 946 669 fi
968 646 1031 670 me
1051 645 1154 669 amas
1177 642 1345 676 tantum,
1368 642 1562 684 quantum
1582 633 1740 686 profec-

355 708 396 737 to
416 712 548 744 amas;
579 698 786 750 expeditus
817 697 938 735 facito
971 707 1015 735 ut
1046 698 1120 742 fis;
1153 697 1179 735 fi
1211 698 1439 743 inclamaro,
1472 708 1515 736 ut
1535 712 1739 738 accurras:

354 764 417 802 sed
446 764 496 802 do
525 777 698 816 operam,
729 772 768 801 et
797 763 912 808 dabo,
943 777 992 800 ne
1022 763 1068 801 fit
1097 763 1257 802 neceffe.
1304 764 1424 814 Qod
1451 763 1676 816 scripseram
1703 774 1742 804 te

355 830 523 868 Furium
544 829 797 881 scripturum,
815 827 917 866 nihil
939 827 1085 866 neceffe
1105 828 1158 866 est
1179 838 1294 866 tuum
1315 842 1458 866 nomen
1481 839 1653 868 mutare:
1677 844 1743 868 me

353 894 496 933 faciam
517 895 702 940 Laelium‚
733 903 772 932 et
793 904 829 932 te
850 895 1033 932 Atticum
1051 914 1062 939 ;
1094 907 1222 946 neque
1248 904 1332 932 utar
1352 908 1441 933 meo
1462 895 1739 949 chirographo,

355 974 483 1013 neque
502 960 638 1012 figno;
670 959 696 997 fi
719 959 838 998 modo
858 969 972 998 erunt
993 959 1184 1011 ejusmodi
1214 960 1349 1005 literae,
1381 973 1475 1012 quas
1505 961 1546 998 in
1567 961 1742 1000 alienum

355 1026 529 1064 incidere
560 1025 699 1063 nolim.
747 1025 946 1063 Diodotus
978 1034 1158 1063 mortuus
1190 1025 1270 1063 est:
1303 1026 1464 1078 reliquit
1495 1026 1610 1064 nobis
1645 1027 1740 1065 H-S

353 1091 507 1130 fortaffe
527 1092 689 1129 centies.
736 1091 912 1128 Comitia
943 1091 1109 1129 Bibulus
1139 1105 1232 1129 cum
1260 1091 1521 1130 Archilochio
1551 1092 1677 1130 ediCto
1697 1094 1741 1132 in

352 1166 442 1195 ante
462 1157 567 1194 diem
590 1169 645 1194 xv
664 1155 755 1195 Kal.
778 1157 886 1195 Nov.
909 1156 1074 1195 distulit.
1107 1158 1144 1194 A
1159 1157 1280 1194 Vibio
1301 1158 1421 1195 libros
1443 1158 1588 1210 accepi.
1622 1159 1742 1198 Poeta

352 1223 537 1274 ineptus:
570 1235 642 1260 nec
664 1231 794 1271 tamen
816 1221 888 1260 scit
911 1221 1014 1260 nihil
1030 1241 1043 1268 5
1075 1231 1114 1260 et
1141 1222 1194 1260 est
1224 1235 1303 1261 non
1332 1223 1502 1262 inutilis.
1549 1223 1743 1264 Describo

352 1296 392 1327 et
411 1297 586 1327 remitto.

692 1493 933 1531 Cicssko
974 1494 1232 1532 ATT1co
1273 1494 1404 1533 SAL.

356 1621 470 1659 XXI.
495 1620 622 1693 DE
653 1622 854 1673 republica
885 1622 982 1674 quid
1013 1636 1085 1675 ego
1118 1623 1192 1661 tibi
1224 1623 1451 1661 subtiliter?
1485 1632 1565 1661 tota
1591 1623 1738 1676 periit:

603 1695 720 1738 atque
740 1686 817 1725 hoc
838 1686 891 1724 est
912 1687 1101 1732 miserior,
1133 1701 1250 1740 quam
1281 1688 1487 1741 reliquisti,
1519 1689 1626 1740 quod
1652 1698 1740 1727 tum

353 1750 557 1789 videbatur
576 1751 769 1802 ejusmodi
789 1752 1006 1789 dominatio
1022 1752 1226 1794 civitatem
1239 1753 1470 1805 oppreffiffe,
1487 1767 1573 1806 quae
1588 1754 1739 1805 jucun-

353 1815 401 1854 da
420 1817 509 1855 effet
529 1817 810 1863 multitudini,
843 1818 957 1856 bonis
987 1827 1118 1855 autem
1148 1819 1201 1856 ita
1230 1819 1404 1864 molesta,
1437 1829 1480 1857 ut
1510 1829 1640 1857 tamen
1662 1820 1741 1857 fine

354 1883 551 1934 pernicie:
576 1895 682 1920 nunc
703 1893 860 1935 repente
881 1892 990 1920 tanto
1010 1883 1051 1920 in
1073 1883 1164 1921 odio
1184 1883 1236 1921 est
1257 1884 1458 1929 omnibus,
1477 1894 1534 1929 ut,
1552 1885 1741 1936 quorsum

353 1957 536 2001 eruptura
556 1947 615 1993 fit,
638 1947 879 1987 horreamus.
912 1949 1019 1987 Nam
1040 1949 1281 1987 iracundiam
1302 1959 1418 2002 atque
1438 1950 1738 2002 intemperanti-

354 2027 417 2051 am
437 2014 599 2052 illorum
620 2013 751 2052 sumus
769 2015 934 2067 experti,
953 2015 1022 2066 qui
1043 2015 1186 2052 Catoni
1207 2015 1294 2052 irati
1315 2016 1448 2053 omnia
1463 2015 1738 2068 perdiderunt:

354 2079 417 2117 sed
437 2080 491 2117 ita
510 2080 666 2117 lenibus
688 2080 746 2117 uti
767 2080 999 2118 videbantur
1019 2081 1192 2125 venenis,
1225 2090 1268 2118 ut
1297 2080 1400 2133 poffe
1421 2081 1642 2118 videremur
1662 2081 1740 2119 fine

354 2144 487 2183 dolore
507 2146 693 2183 interire:
727 2158 832 2183 nunc
853 2158 943 2183 vero
972 2145 1093 2183 fibilis
1124 2146 1249 2197 vulgi,
1281 2145 1524 2184 sermonibus
1553 2145 1738 2184 honesto-

354 2224 457 2256 rum,
479 2210 640 2249 fremitu
664 2211 800 2256 Italiae,
823 2225 955 2249 vereor
979 2225 1026 2248 ne
1047 2212 1270 2250 exarserint.
1303 2212 1503 2264 Equidem
1524 2212 1739 2264 sperabam,

354 2285 398 2313 ut
418 2276 513 2329 saepe
533 2278 652 2315 etiam
673 2277 784 2329 loqui
805 2286 937 2315 tecum
958 2277 1144 2322 solebam,
1171 2277 1221 2315 fic
1242 2279 1378 2315 orbem
1400 2278 1646 2330 Reipublicae
1667 2278 1740 2316 effe

354 2343 598 2388 conversum,
630 2352 673 2381 ut
694 2343 760 2381 vix
781 2343 953 2381 sonitum
973 2343 1120 2388 audire,
1152 2343 1217 2381 vix
1238 2343 1458 2396 impreffam
1486 2344 1654 2381 orbitam
1677 2345 1738 2381 vi-

354 2406 457 2451 dere,
481 2408 696 2458 poffemus;
726 2418 765 2446 et
784 2407 915 2447 fuifi'et
936 2409 1003 2454 ita,
1025 2408 1051 2446 fi
1073 2408 1253 2447 homines
1277 2409 1479 2447 transitum
1502 2409 1738 2461 tempestatis

354 2473 553 2523 expectare
584 2473 822 2524 potuissent:
855 2474 918 2512 sed
945 2487 1038 2512 cum
1058 2474 1126 2512 diu
1147 2475 1303 2512 occulte
1323 2474 1578 2527 suspiraffent‚
1611 2474 1739 2525 postea

348 2537 434 2589 jam
471 2550 640 2589 gemere,
688 2537 735 2575 ad
769 2548 991 2577 extremum
1026 2552 1116 2578 vero
1154 2539 1264 2592 loqui
1304 2552 1438 2578 omnes
1478 2549 1516 2577 et
1555 2539 1738 2583 clamare,
