2243 3008
492 194 568 248 338
837 187 1526 230 EP1ST0LARUM

492 305 597 330 nunc
619 290 802 335 fatemur,
833 290 960 343 postea
979 303 1097 343 quam
1119 303 1258 334 unum,
1284 301 1363 341 quo
1384 288 1627 333 tenebamur,
1658 286 1871 325 amifimus.

493 359 630 408 Itaque
647 355 879 404 solitudines
907 355 1070 407 sequor:
1104 364 1142 392 et
1175 364 1318 399 tamen,
1350 354 1376 391 fi
1409 367 1485 406 qua
1515 367 1579 391 me
1610 366 1667 391 res
1700 352 1771 390 isto
1802 351 1871 389 ad-

493 423 663 467 duxerit,
694 423 832 467 enitar,
863 423 889 460 fi
911 435 990 474 quo
1011 421 1129 459 modo
1150 429 1300 472 potem,
1325 422 1480 472 (potero
1499 419 1648 469 autem)
1673 428 1716 457 ut
1737 428 1874 472 praeter

494 502 557 526 me
578 502 694 526 nemo
715 488 890 526 dolorem
911 501 1045 525 meum
1067 486 1232 530 sentiat,
1265 485 1290 522 fi
1321 485 1404 522 ullo
1424 484 1543 522 modo
1564 485 1722 537 poterit,
1755 498 1802 522 ne
1832 493 1876 521 tu

495 554 671 606 quidem.
715 555 848 605 Atque
868 553 986 590 etiarn
1007 552 1075 589 illa
1095 551 1204 588 causa
1223 549 1277 588 est
1297 563 1376 587 non
1396 550 1592 588 veniendi.
1636 549 1874 594 Meministi,

495 619 592 672 quid
611 631 658 657 ex
681 628 718 656 te
738 618 901 656 Aledius
921 617 1112 669 quaefierit
1131 630 1138 654 :
1171 615 1267 668 quin
1289 616 1407 653 etiam
1437 627 1543 652 nunc
1573 613 1725 652 molesti
1756 614 1845 652 sunt
1863 628 1873 653 z

494 685 594 737 quid
622 683 834 728 existimas,
865 683 891 721 fi
924 683 1095 722 venero?
1128 682 1190 720 De
1210 681 1397 719 Terentia
1427 679 1482 718 ita
1511 692 1604 717 cura
1634 688 1678 717 ut
1712 677 1877 724 scribis3

495 763 638 802 meque
669 748 741 787 hac
773 748 821 786 ad
850 748 1042 786 maximas
1071 746 1322 800 aegritudines
1353 745 1563 784 acceffione
1582 757 1688 783 nunc
1709 744 1883 782 maxima

496 815 632 853 libera.
665 815 719 852 Et
740 823 783 852 ut
803 813 897 851 scias
918 827 982 851 me
1001 813 1055 851 ita
1075 812 1219 858 dolere,
1241 820 1286 850 ut
1306 824 1385 849 non
1399 812 1551 864 jaceam
1565 829 1578 855 ;
1600 810 1745 862 quibus
1767 810 1882 847 Con-

498 879 647 918 sulibus
670 879 885 917 Carneades
915 887 954 917 et
984 891 1027 916 ea
1057 877 1201 930 legatio
1231 877 1403 915 Romam
1423 876 1587 920 venerit,
1618 875 1808 928 scriptum
1828 873 1883 912 est

497 947 540 983 in
561 954 630 982 tuo
649 944 794 982 annali.
826 944 923 982 Haec
944 956 1050 981 nunc
1071 955 1218 996 quaero,
1248 956 1335 995 quae
1355 941 1465 980 causa
1484 940 1604 980 fuerit
1623 955 1632 979 ι
1659 940 1706 978 de
1728 940 1880 992 Oropo,

498 1011 666 1064 opinor,
698 1009 760 1048 sed
781 1019 934 1048 certum
955 1009 1111 1047 nescio:
1143 1018 1196 1054 et,
1228 1009 1254 1047 fi
1287 1009 1341 1046 ita
1371 1008 1439 1054 est,
1470 1022 1556 1062 quae
1585 1007 1881 1046 controverfiae:

498 1085 694 1129 praeterea,
725 1075 794 1128 qui
828 1089 874 1113 eo
906 1084 1082 1128 tempore
1112 1074 1259 1112 nobilis
1291 1074 1510 1127 Epicureus
1542 1072 1662 1112 fuerit
1696 1072 1884 1117 Athenis,

499 1143 569 1193 qui
600 1140 800 1195 praefuerit
829 1139 955 1179 hortis
971 1159 984 1186 ς
1016 1141 1086 1193 qui
1120 1140 1238 1178 etiam
1273 1139 1443 1178 Athenis
1474 1137 1621 1177 πλιτικρὶ
1653 1137 1801 1176 fuerint
1832 1137 1886 1175 il-

501 1207 636 1246 lustres
655 1222 664 1246 :
696 1220 782 1260 quae
804 1216 842 1245 te
862 1207 979 1245 etiam
999 1219 1047 1244 ex
1068 1205 1304 1259 Apollodori
1332 1215 1431 1258 puto
1456 1204 1560 1258 poss‘e
1586 1204 1775 1242 invenire.
1822 1204 1886 1242 De

502 1273 637 1311 Attica
657 1272 866 1311 molestum
881 1291 894 1318 ;
927 1272 989 1310 sed
1009 1273 1197 1325 quoniam
1218 1271 1370 1317 leviter,
1401 1272 1501 1309 τεέὶε
1521 1269 1592 1308 effe
1613 1269 1785 1308 confido.
1821 1269 1885 1307 De

503 1339 668 1376 Gamala
685 1338 855 1376 dubium
881 1336 983 1375 mihi
1012 1351 1093 1375 non
1119 1346 1226 1375 erat:
1258 1336 1362 1374 unde
1387 1336 1496 1374 enirn
1523 1344 1603 1372 tam
1632 1333 1729 1373 felix
1760 1334 1886 1387 Ligus

503 1413 610 1456 pater
628 1404 642 1441 ?
673 1416 763 1441 nam
784 1402 881 1456 quid
901 1402 948 1440 de
969 1416 1032 1440 me
1052 1402 1196 1447 dicam,
1226 1401 1292 1440 cui
1313 1411 1357 1440 ut
1377 1401 1511 1439 omnia
1530 1400 1778 1452 contingant,
1800 1413 1887 1452 quae

504 1469 609 1514 volo,
640 1469 758 1507 levari
789 1481 867 1506 non
898 1467 1082 1520 possum?
1114 1468 1177 1506 De
1198 1466 1314 1505 Drusi
1341 1465 1483 1510 hortis,
1514 1466 1653 1518 quanti
1674 1464 1823 1502 licuiss‘e
1844 1474 1889 1503 tu

504 1535 655 1579 scribis,
690 1533 732 1571 id
765 1546 838 1585 ego
871 1545 1028 1586 quoque
1061 1532 1273 1577 audieram,
1303 1540 1357 1577 et,
1389 1540 1434 1569 ut
1466 1531 1622 1583 opinor,
1653 1529 1738 1568 heri
1772 1529 1819 1567 ad
1854 1539 1893 1568 te

504 1600 755 1653 scripseram:
788 1598 851 1637 sed
882 1599 1020 1651 quanti
1051 1598 1204 1651 quanti,
1237 1597 1336 1635 bene
1361 1597 1508 1636 emitur
1527 1595 1634 1649 quod
1655 1595 1800 1634 necefl'e
1819 1595 1890 1635 est.

505 1664 631 1710 Mihi,
661 1677 824 1717 quoquo
843 1664 963 1702 modo
983 1673 1027 1702 tu
1053 1663 1265 1709 existimas,
1299 1663 1396 1716 (scio
1425 1663 1533 1701 enim
1563 1675 1637 1714 ego
1667 1661 1762 1714 ipse,
1793 1661 1892 1715 quid

506 1731 553 1770 de
585 1745 648 1769 me
677 1730 916 1781 existimem)
947 1730 1090 1768 levatio
1119 1730 1297 1784 quaedam
1325 1729 1395 1775 est,
1425 1729 1451 1767 fi
1482 1729 1630 1773 minus,
1660 1727 1822 1773 doloris,
1852 1736 1892 1766 at

506 1796 628 1834 officii
649 1796 787 1834 debiti.
820 1795 884 1834 Ad
906 1796 1033 1834 Sicam
1054 1795 1199 1848 scripsi,
1221 1794 1328 1848 quod
1349 1795 1474 1832 utitur
1495 1794 1544 1832 L.
1564 1794 1694 1831 Cotta.
1727 1793 1765 1830 Si
1787 1792 1890 1831 nihil

506 1861 764 1899 conficeretur
784 1861 831 1899 de
852 1861 1172 1907 Transtiberinis,
1189 1861 1308 1899 habet
1329 1861 1369 1898 in
1392 1859 1558 1906 Ostiensi
1580 1860 1698 1897 Cotta
1716 1858 1890 1896 celeber-

509 1928 610 1964 rimo
631 1925 733 1970 loco,
766 1926 827 1964 sed
847 1926 1034 1978 pusillum
1055 1927 1148 1964 loci.
1194 1926 1257 1964 Ad
1289 1925 1389 1963 hanc
1411 1937 1491 1962 rem
1514 1933 1641 1961 tamen
1664 1923 1752 1975 plus
1773 1924 1892 1961 etiam

510 1992 612 2031 satis.
660 1993 704 2030 Id
723 1992 844 2030 velim
873 1993 1038 2044 cogites,
1070 2006 1139 2029 nec
1162 2001 1291 2029 tamen
1312 1991 1380 2029 ista
1400 1990 1522 2042 pretia
1543 1989 1747 2027 hortorum
1769 1991 1892 2042 pcrti-

511 2058 671 2096 mueris.
718 2058 805 2096 Nec
827 2056 926 2095 mihi
942 2059 1025 2110 jam
1047 2067 1222 2109 argento,
1254 2070 1324 2095 nec
1345 2056 1460 2100 veste,
1491 2068 1589 2108 opus
1610 2055 1677 2100 est,
1710 2068 1779 2093 nec
1801 2057 1892 2108 qui·

513 2122 704 2174 busquam
725 2123 888 2161 amoenis
910 2122 1006 2160 locis
1026 2137 1034 2160 :
1068 2121 1143 2160 hoc
1165 2136 1262 2175 opus
1283 2121 1350 2159 cst.
1391 2120 1516 2158 Video
1544 2120 1678 2164 etiam,
1709 2133 1729 2157 a
1748 2121 1895 2172 quibus

513 2188 683 2239 adjuvari
706 2188 857 2240 possim.
891 2188 963 2226 Sed
984 2188 1142 2241 loquere
1163 2202 1255 2226 cum
1277 2187 1392 2225 Silio:
1417 2185 1518 2224 nihil
1540 2186 1646 2223 enim
1662 2184 1714 2222 est
1737 2185 1892 2223 melius.

514 2253 699 2291 Mandavi
722 2254 837 2291 ctiam
860 2254 954 2292 Sicae
973 2269 982 2292 2
1016 2253 1218 2306 rescripsit,
1250 2252 1507 2291 constitutum
1538 2251 1574 2288 sc
1594 2264 1686 2288 cum
1707 2264 1752 2288 eo
1774 2249 1895 2289 habc-

514 2331 567 2356 re.
602 2319 750 2356 Scribat
774 2319 894 2371 igitur
914 2319 959 2357 ad
982 2333 1058 2365 me,
1090 2320 1185 2372 quid
1207 2319 1344 2372 egerit,
1374 2327 1428 2363 et,
1460 2325 1502 2355 ut
1529 2325 1570 2355 tu
1592 2315 1757 2354 videbis.
