2243 3008
446 286 496 327 88
793 281 1481 324 EPISTOLARUM

443 387 609 432 fuerint,
639 395 678 425 et
698 399 779 439 quo
799 384 932 429 modo,
964 393 1001 422 te
1023 397 1099 422 non
1123 382 1242 435 fugit.
1285 382 1468 420 Alterum
1501 390 1619 435 caput
1639 381 1691 420 est
1713 381 1829 421 trala-

447 453 583 491 titium
599 451 664 506 'de
695 450 946 503 impunitate,
977 449 1003 487 si
1035 447 1133 500 quid
1153 457 1289 485 contra
1308 447 1399 485 alias
1421 447 1524 499 leges
1546 448 1628 497 ejus
1649 447 1747 499 legis
1768 460 1831 485 er-

444 530 499 570 go
519 516 666 554 factum
687 515 747 554 sit.
793 516 979 553 Tertium
1000 522 1132 564 caput,
1163 513 1221 550 mi
1242 512 1453 564 Pomponi,
1485 525 1565 564 quo
1585 512 1762 556 confilio,
1793 521 1833 549 et

444 596 468 621 a
487 595 582 634 quo,
613 582 658 620 fit
685 580 930 619 inculcatum
957 578 1058 616 vide.
1106 577 1187 614 Scis
1219 577 1327 615 enim
1360 576 1550 615 Clodium
1582 576 1756 621 sanxisse,
1789 585 1833 614 ut

446 648 528 692 vix,
559 656 626 685 aut
656 647 821 684 omnino
852 658 930 683 non
963 642 1084 696 poffet
1109 655 1180 681 nec
1200 655 1268 694 per
1290 642 1490 687 Senatum,
1522 655 1594 680 nec
1614 655 1683 694 per
1702 655 1831 694 popu-

447 713 548 757 lum,
567 711 756 750 infirmari
778 710 841 748 sua
861 710 947 748 lex:
971 709 1034 746 sed
1050 708 1156 746 vides
1178 721 1381 759 nunquam
1397 707 1470 745 effe
1485 706 1700 746 observatas
1721 707 1832 746 sanc-

445 778 573 816 tiones
594 790 725 814 earum
746 776 896 828 legum,
927 788 1013 826 quae
1033 774 1325 824 abrogarentur.
1363 773 1470 811 Nam
1491 772 1517 810 fi
1538 771 1579 810 id
1598 772 1704 817 esset,
1726 772 1837 810 nulla

446 842 528 882 fere
559 843 735 894 abrogari
767 840 913 893 posset,
951 853 1077 891 neque
1109 839 1216 876 enim
1250 838 1331 876 uua
1359 837 1427 882 est,
1458 851 1543 889 quae
1575 851 1655 876 non
1686 837 1767 889 ipsa
1798 837 1835 877 se

448 908 568 961 sepiat
597 907 830 946 difficultate
863 904 1156 957 abrogationis:
1189 903 1267 947 sed,
1299 916 1393 941 cum
1426 903 1490 942 lex
1522 903 1745 955 abrogatur,
1782 903 1835 941 il-

447 973 518 1012 lud
549 973 679 1025 ipsum
710 971 932 1022 abrogatur,
963 982 1043 1021 quo
1075 981 1153 1006 non
1183 981 1268 1006 eam
1297 968 1474 1019 abrogari
1506 976 1695 1020 oporteat.
1741 967 1836 1006 Hoc

448 1051 541 1076 cum
564 1050 691 1076 revera
710 1037 769 1074 ita.
795 1035 868 1079 fit;
901 1048 995 1072 cum
1024 1033 1173 1086 semper
1204 1032 1258 1070 ita
1289 1031 1474 1071 habitum
1508 1032 1836 1085 observatumque

447 1103 508 1148 fit,
539 1104 628 1141 0610
648 1100 767 1140 nostri
785 1099 962 1140 Tribuni
983 1098 1111 1151 plebis
1130 1107 1249 1150 caput
1268 1097 1482 1150 posuerunt
1501 1096 1578 1136 hoc
1596 1112 1605 1135 z
1622 1097 1667 1148 fi
1687 1097 1777 1150 quid
1798 1098 1837 1136 in

446 1168 518 1206 hac
548 1166 731 1220 rogatione
744 1165 928 1218 striptum
960 1164 1018 1217 est,
1049 1162 1142 1216 quod
1158 1171 1228 1216 per
1254 1164 1359 1214 leges,
1394 1161 1552 1214 plebfize
1565 1163 1719 1214 scitum,
1759 1163 1838 1202 hoc

447 1232 516 1278 est,
547 1232 653 1285 quod
685 1245 753 1284 per
782 1231 911 1283 legem
933 1229 1133 1274 Clodiam,
1158 1229 1402 1280 promulgare,
1433 1228 1623 1281 abrogare,
1653 1228 1838 1281 derogare,

447 1297 633 1349 obrogare,
664 1297 704 1335 S.
727 1296 775 1334 F.
784 1295 859 1346 fica
878 1308 944 1333 non
963 1294 1083 1338 liceat,
1105 1307 1180 1347 nont
1191 1293 1332 1331 licuerit
1349 1309 1362 1336 ς
1392 1292 1528 1345 quodve
1546 1293 1579 1331 ei
1597 1293 1662 1345 qui
1670 1294 1836 1345 promul-

440 1362 568 1415 gavit,
599 1360 808 1413 abrogavit,
838 1357 1043 1411 derogavit,
1073 1357 1278 1410 abrogavit,
1306 1357 1350 1396 ob
1370 1371 1446 1396 eam
1466 1371 1540 1396 rem
1553 1366 1672 1410 poenae
1692 1359 1836 1396 multae-

446 1427 579 1477 vestt,
610 1429 660 1465 E.
692 1427 748 1463 H.
779 1426 831 1464 L.
863 1425 918 1463 N.
949 1425 1000 1462 R.
1046 1425 1181 1476 Atque
1210 1422 1287 1461 hoc
1314 1424 1354 1461 in
1385 1423 1464 1461 illis
1494 1424 1688 1462 Tribunis
1712 1424 1837 1476 plebis

448 1506 530 1532 non
550 1491 713 1531 laedebat
730 1509 741 1535 ς
773 1491 859 1542 lege
877 1490 987 1529 enim
1005 1489 1166 1542 collegii
1186 1489 1245 1528 sui
1264 1502 1344 1528 non
1366 1489 1626 1530 tenebantur:
1653 1502 1733 1540 quo
1753 1503 1838 1527 ma-

444 1559 510 1611 jor
529 1557 582 1597 est
603 1556 770 1609 suspicio
788 1555 1156 1607 malitiaevalicnjus,
1186 1568 1282 1594 cum
1301 1554 1358 1599 id,
1387 1554 1496 1606 quod
1525 1553 1572 1594 ad
1601 1554 1703 1607 ipsos
1737 1553 1840 1592 nihil

448 1623 683 1676 pertinebat,
696 1630 780 1660 emt
799 1631 931 1660 autem
948 1630 1087 1661 contra
1105 1634 1184 1666 me,
1205 1619 1440 1672 scripserunt
1451 1638 1463 1664 ς
1488 1628 1532 1659 ut
1551 1620 1644 1658 novi
1665 1620 1840 1660 Tribuni

448 1689 576 1741 plebis
596 1688 624 1726 si
650 1687 771 1725 essent
803 1687 1037 1730 timidiores,
1058 1685 1198 1725 ‘multo
1227 1684 1353 1737 magis
1379 1683 1458 1724 fibi
1488 1697 1535 1724 eo
1566 1685 1692 1737 capite
1722 1694 1839 1724 uten-

448 1754 546 1792 dum
562 1762 760 1807 pumrent.
792 1753 935 1805 Neque
949 1751 992 1790 id
1006 1765 1028 1789 a
1044 1751 1189 1791 Clodio
1205 1749 1503 1803 praetermissum
1518 1749 1591 1788 est:
1614 1750 1716 1788 dixit
1731 1751 1840 1789 enim

449 1821 491 1858 in
511 1819 704 1858 concione
723 1832 757 1857 a.
781 1818 820 1856 d.
846 1831 920 1857 111.
943 1817 1055 1856 Non.
1078 1817 1186 1856 Nov.
1209 1815 1286 1855 hoc
1306 1816 1434 1868 capite
1454 1815 1660 1868 designatis
1682 1816 1837 1854 Tribu-

449 1886 511 1923 nis
532 1884 659 1937 plebis
680 1883 950 1936 praescriptum
969 1881 1042 1920 effe
1061 1880 1159 1933 quid
1179 1880 1328 1919 liceret.
1375 1881 1529 1919 Tamen
1561 1880 1602 1918 in
1624 1879 1708 1931 lege
1731 1880 1839 1919 nulla

449 1950 522 1989 effe
541 1948 734 2002 ejusmodi
753 1957 886 2001 caput,
918 1957 955 1986 te
976 1961 1054 1986 non
1075 1945 1207 1984 fallit:
1240 1945 1348 1999 quod
1380 1945 1405 1983 fi
1435 1959 1534 1998 opus
1566 1944 1671 1991 esset,
1703 1959 1839 1984 omnes

452 2017 492 2054 in
513 2014 737 2068 abrogando
769 2023 985 2052 uterentur.
1035 2013 1092 2050 Ut
1124 2012 1341 2056 Ninnium,
1373 2021 1439 2049 aut
1470 2021 1643 2056 caeteros,
1675 2011 1837 2064 fugerit,

449 2081 656 2133 investiges
676 2079 796 2117 velim
815 2098 825 2124 ;
848 2088 886 2117 et
907 2078 996 2130 quis
1017 2078 1192 2115 attulerit
1211 2096 1221 2121 ς
1252 2086 1290 2115 et
1311 2090 1428 2128 quare
1448 2078 1536 2115 ofto
1557 2076 1729 2114 Tribuni
1752 2077 1839 2129 ple-

451 2146 512 2184 bis
533 2146 579 2184 ad
611 2146 795 2183 Senatum
827 2143 874 2182 de
904 2157 968 2181 me
998 2141 1138 2181 referre
1168 2155 1246 2180 non
1277 2141 1511 2186 dubitarint,
1543 2141 1616 2179 sive
1637 2141 1743 2194 quod
1765 2142 1839 2180 ob-

450 2210 680 2249 servandum
701 2208 801 2248 illud
821 2217 939 2261 caput
962 2221 1038 2246 non
1061 2207 1250 2260 putabant
1268 2225 1278 2251 ς
1310 2206 1432 2244 iidem
1454 2207 1493 2244 in
1515 2206 1738 2257 abrogando
1761 2215 1839 2244 tam

450 2277 556 2314 cauti
578 2275 739 2320 suerint,
772 2284 814 2312 ut
836 2274 875 2312 id
897 2283 1131 2317 metuerent,
1164 2272 1280 2310 soluti
1301 2285 1393 2310 cum
1414 2271 1547 2315 essent,
1580 2271 1686 2323 quod
1720 2285 1765 2310 ne
1794 2272 1840 2310 iis

449 2341 628 2394 quidem,
646 2340 714 2392 qui
737 2340 821 2392 iege
842 2348 1038 2383 tenentur,
1061 2338 1112 2376 est
1134 2337 1366 2376 curandum.
1400 2337 1444 2375 Id
1465 2346 1583 2389 caput
1606 2336 1690 2374 sanc
1713 2336 1839 2375 nolim

453 2420 572 2446 novos
594 2407 798 2445 Tribunos
821 2405 946 2457 plebis
969 2404 1067 2442 ferre
1086 2420 1093 2442 :
1128 2404 1189 2442 sed
1212 2403 1405 2456 perferant
1434 2403 1551 2441 modo
1582 2403 1679 2455 quid
1714 2403 1837 2440 libet:

452 2486 532 2511 uno
561 2473 702 2525 capite,
735 2485 814 2524 quo
846 2471 1067 2515 revocabor,
1101 2470 1239 2521 (modo
1269 2483 1326 2507 res
1359 2469 1609 2516 conficiatur)
1644 2482 1710 2506 ero
1742 2482 1839 2507 con-

451 2547 597 2578 tentus.
644 2539 733 2590 Jam
762 2537 913 2576 dudum
945 2535 1067 2590 pudet
1093 2545 1174 2575 tam
1194 2536 1320 2574 multa
1341 2535 1504 2574 scribere
1525 2550 1532 2573 :
1566 2547 1698 2574 vercor
1717 2534 1839 2578 enim,
