2243 3008
519 280 628 318 AD
688 276 1118 317 ATTICUM
1186 278 1451 318 L1B.1v.
1608 295 1682 333 117

296 391 421 417 careo.
464 378 526 416 Te
545 386 676 415 autern
695 376 792 428 quid
812 375 975 420 mirum,
1006 375 1076 427 qui
1104 375 1339 427 Dionyfium
1362 386 1561 432 tantopere
1581 381 1679 418 desi-

296 443 459 482 derem?
491 455 611 494 quem
641 442 803 495 quidem
834 441 902 480 abs
935 451 986 486 te,
1018 454 1110 479 cum
1142 440 1224 479 dies
1256 443 1419 488 venerit,
1450 453 1489 482 et
1522 459 1610 496 ego,
1640 455 1679 483 et

296 509 437 546 Cicero
471 521 581 546 meus
621 507 827 560 flagitabit.
877 506 962 545 Abs
1002 515 1040 545 te
1077 506 1275 559 proximas
1315 507 1445 547 literas
1484 508 1677 549 habebam

296 573 453 626 Epheso
473 587 507 612 a.
531 573 570 612 d.
596 587 635 612 V.
660 573 720 612 Id.
745 574 850 612 Sext.
873 572 993 612 datas.

633 775 875 812 Crczno
915 775 1170 812 ATT1co
1212 774 1342 813 SAL.

296 909 455 948 XVIII.
480 906 535 979 P
551 907 589 945 U
604 907 642 945 T
658 907 695 944 O
726 915 764 944 te
794 905 1012 945 existimare
1038 919 1116 951 me,
1148 920 1253 947 nunc
1273 907 1446 946 oblitum
1465 908 1674 948 consuetu-

560 972 663 1010 dinis
683 981 722 1010 et
742 971 912 1009 instituti
932 972 1024 1017 mei,
1057 972 1177 1010 rarius
1207 974 1253 1011 ad
1284 984 1321 1012 te
1348 973 1526 1020 scribere,
1557 989 1676 1028 quam

297 1039 493 1077 solebam:
526 1037 605 1083 sed,
627 1051 719 1075 cum
740 1037 826 1075 loca
846 1047 884 1075 et
904 1037 1043 1075 itinera
1063 1046 1129 1075 tua
1147 1037 1249 1076 nihil
1270 1038 1412 1077 habere
1432 1041 1528 1078 certi
1548 1041 1676 1087 video,

295 1118 422 1157 neque
443 1105 483 1142 in
505 1104 689 1155 Epirum,
707 1115 833 1154 neque
853 1101 1045 1148 Athenas,
1067 1117 1193 1156 neque
1213 1104 1253 1142 in
1276 1105 1422 1150 Afiam,
1443 1118 1570 1158 neque
1590 1108 1678 1144 cui-

295 1183 430 1222 quam,
461 1169 531 1207 nisi
551 1167 599 1206 ad
619 1177 657 1206 te
676 1167 807 1220 ipsum
826 1167 1105 1220 proficiscenti,
1127 1168 1216 1207 dedi
1235 1169 1364 1208 literas
1384 1185 1393 1209 :
1426 1184 1551 1224 neque
1571 1172 1679 1210 enim

296 1235 385 1273 sunt
405 1249 456 1274 eae
477 1233 645 1287 epistolae
665 1232 816 1278 nostrae,
847 1246 933 1285 quae
959 1233 986 1271 fi
1012 1233 1168 1286 perlatae
1197 1248 1275 1272 non
1304 1235 1391 1279 sint,
1422 1235 1524 1274 nihil
1551 1251 1594 1274 ea
1619 1251 1679 1276 res

295 1313 366 1338 nos
387 1299 579 1338 offensura
598 1299 644 1337 fit
659 1318 671 1344 ;
704 1313 790 1351 quae
810 1307 966 1336 tantum
985 1297 1133 1337 habent
1151 1298 1440 1351 mysteriorum,
1471 1311 1515 1339 ut
1543 1315 1603 1340 eas
1631 1316 1680 1341 ne

297 1366 466 1404 librariis
496 1365 659 1418 quidem
684 1364 765 1403 fere
795 1364 1110 1404 committamus.
1155 1366 1354 1419 Lepidum
1385 1380 1465 1419 quo
1495 1368 1678 1407 excidat:

298 1431 487 1470 Consules
509 1431 671 1484 flagrant
691 1430 869 1476 infamia,
896 1430 1003 1484 quod
1024 1431 1072 1470 C.
1096 1431 1316 1470 Memmius
1338 1432 1565 1472 candidatus
1586 1447 1680 1486 pac—

298 1498 449 1535 tionem
478 1497 519 1535 in
541 1497 681 1534 Senatu
702 1496 894 1541 recitavit,
925 1509 1045 1549 quam
1065 1496 1145 1549 ipse
1164 1506 1204 1535 et
1223 1496 1312 1536 suus
1333 1499 1571 1551 competitor
1592 1500 1681 1538 Do-

300 1563 437 1601 mitius
468 1575 561 1600 cum
593 1561 834 1600 Consulibus
865 1560 1056 1607 fecissent,
1088 1562 1148 1600 uti
1177 1563 1294 1601 ambo
1323 1563 1415 1601 H—S
1437 1564 1681 1618 quadragena

300 1628 541 1667 Consulibus
561 1627 710 1672 darent,
733 1627 759 1665 fi
779 1627 898 1665 effent
917 1628 987 1680 ips1
1009 1628 1198 1666 Consules
1219 1627 1326 1674 faeti,
1349 1629 1418 1667 nifi
1440 1640 1515 1668 tres
1536 1632 1680 1684 Augu-

299 1707 357 1732 res
378 1693 580 1738 dedissent,
602 1694 672 1744 qui
692 1692 728 1731 se
747 1691 894 1730 affuiffe
914 1692 1102 1738 dicerent,
1125 1707 1218 1731 cum
1238 1694 1301 1732 lex
1322 1695 1481 1733 Curiata
1500 1695 1679 1742 ferretur,

297 1772 384 1812 quae
405 1759 481 1797 lata
501 1772 579 1796 non
599 1757 690 1796 effet
705 1777 717 1804 ς
749 1767 788 1796 et
808 1758 886 1796 duo
908 1758 1153 1804 Consulares,
1184 1760 1253 1811 qui
1288 1759 1323 1798 se
1347 1760 1522 1800 dicerent
1552 1762 1593 1800 in
1613 1775 1678 1800 or-

298 1823 435 1862 nandis
470 1823 683 1877 provinciis
718 1823 985 1862 consularibus
1020 1823 1223 1862 scribendo
1257 1824 1419 1870 affuiffe,
1462 1840 1555 1865 cum
1589 1841 1678 1865 om-

298 1891 394 1928 nino
415 1904 464 1928 ne
485 1891 645 1928 Senatus
667 1889 829 1942 quidem
848 1887 993 1928 fuisset.
1039 1889 1138 1928 Haec
1165 1890 1305 1942 paCtio,
1337 1905 1416 1929 non
1443 1892 1585 1938 verbis,
1616 1893 1680 1931 sed

299 1955 528 1994 nominibus
563 1964 601 1993 et
639 1954 1004 2008 perscriptionibus,
1050 1955 1270 1994 multorum
1303 1956 1448 1994 tabulis
1483 1971 1574 1996 cum
1609 1958 1682 1997 effe

298 2020 397 2059 faCta
430 2020 637 2066 diceretur,
677 2021 826 2073 prolata
859 2034 880 2058 a
913 2020 1112 2059 Memmio
1146 2020 1198 2058 est
1230 2022 1459 2060 nominibus
1494 2023 1680 2069 induetis,

300 2088 454 2124 emitote
476 2087 680 2139 Pompeio.
726 2086 808 2124 Hic
830 2086 986 2139 Appius
1011 2095 1091 2124 erat
1111 2086 1216 2124 idem
1236 2102 1246 2125 ι
1278 2086 1379 2125 nihil
1402 2088 1488 2125 sane
1503 2089 1678 2140 jacturae.

300 2153 509 2190 Corruerat
529 2153 639 2197 alter,
669 2161 708 2190 et
728 2152 856 2204 plane,
888 2153 1066 2204 inquam,
1090 2152 1259 2204 jacebat.
1293 2153 1513 2191 Memmius
1534 2163 1679 2199 autem,

300 2216 494 2270 dirempta
512 2217 684 2255 coitione
703 2217 830 2255 invito
850 2216 1031 2262 Calvino,
1053 2217 1166 2269 plane
1187 2216 1411 2262 refrixerat;
1433 2227 1472 2255 et
1491 2232 1536 2255 eo
1556 2219 1680 2271 magis

301 2294 407 2318 nunc
427 2281 598 2333 cogitare
619 2281 864 2326 dictaturam,
896 2291 982 2319 tum
1003 2281 1130 2320 favere
1145 2282 1315 2334 justitio,
1345 2291 1383 2319 et
1410 2283 1591 2320 omnium
1620 2297 1679 2321 re-

302 2360 390 2384 rum
416 2347 600 2386 licentiae.
646 2347 824 2400 Perspice
855 2349 1078 2400 aequitatem
1111 2348 1232 2385 animi
1265 2348 1357 2392 mei,
1388 2357 1426 2386 et
1458 2348 1613 2394 ludum,
1645 2358 1682 2387 et

303 2413 640 2463 contemptionem
661 2413 893 2452 Seleucianae
913 2413 1138 2467 provinciae,
1170 2423 1207 2451 et
1229 2413 1451 2452 mehercule
1479 2427 1571 2452 cum
1594 2415 1680 2453 Cae-

303 2477 380 2515 sare
410 2476 665 2515 suaviffimam
695 2480 1045 2530 conjumstionem,
1076 2479 1159 2517 haec
1191 2479 1297 2516 enirn
1330 2493 1392 2516 me
1424 2493 1499 2516 una
1527 2493 1573 2516 ex
1605 2479 1682 2516 hoc

304 2541 505 2594 naufragio
553 2542 684 2580 tabula
731 2543 920 2583 delectat:
970 2546 1040 2598 qui
1088 2544 1249 2597 quidem
1289 2545 1487 2596 Qintum
1529 2557 1681 2585 meum,
