2243 3008
543 205 651 245 AD
713 204 1492 248 ATTICUML113.X11.
1638 223 1714 263 337

666 437 906 475 emano
947 438 1202 476 AT’rrco
1243 438 1372 475 SAL.

329 563 464 602 XXII.
490 561 568 635 D
584 565 617 602 E
649 565 851 610 Terentia,
882 564 988 616 quod
1018 563 1117 602 mihi
1139 577 1256 602 omne
1276 577 1375 602 onus
1396 564 1567 616 imponis
1587 584 1596 609 ;
1631 580 1708 604 non

590 630 784 682 cognosco
805 639 912 668 tuam
933 631 973 666 in
995 642 1058 666 me
1078 628 1385 680 indulgentiam:
1409 629 1477 666 ista
1495 631 1600 667 enim
1622 631 1710 668 sunt

327 693 406 746 ipsa
433 694 607 740 vulnera,
639 709 725 748 quae
755 709 833 733 non
864 694 1015 747 poffum
1046 696 1204 732 tractare
1235 695 1311 732 fine
1340 695 1514 732 maximo
1541 697 1707 746 gemitu.

328 759 535 797 Moderare
569 760 705 812 igitur,
737 760 879 813 quaeso,
911 769 954 797 ut
988 768 1113 812 potes.
1161 759 1304 811 Neque
1337 760 1444 797 enim
1479 773 1499 796 a
1532 769 1569 797 te
1603 760 1707 812 plus,

328 837 447 875 quam
477 834 603 876 potes,
635 824 815 877 postulo:
848 833 958 877 potes
990 833 1135 868 autem,
1167 823 1263 876 quid
1294 824 1373 862 veri
1405 823 1465 868 fit,
1497 823 1710 876 perspicere

327 899 370 928 tu
393 904 508 947 unus.
541 892 603 929 De
625 892 791 936 Rutilia,
817 891 1004 944 quoniam
1025 890 1166 928 videris
1187 890 1380 935 dubitare,
1403 890 1544 928 scribes
1565 890 1610 927 ad
1631 903 1708 933 me,

326 969 420 993 cum
440 956 534 994 scies
553 971 561 994 ε
586 956 648 994 sed
669 970 786 1008 quam
807 957 1007 1009 primum;
1038 964 1077 993 et
1098 969 1194 994 num
1216 955 1357 993 Clodia
1377 957 1431 994 D.
1454 957 1577 993 Bruto
1599 957 1709 993 Con-

328 1021 442 1058 sulari
469 1021 552 1059 filio
574 1021 640 1059 suo
662 1031 818 1060 mortuo
838 1021 994 1059 vixerit.
1043 1021 1088 1058 Id
1120 1020 1167 1059 de
1199 1020 1406 1065 Marcello,
1437 1030 1503 1058 aut
1531 1029 1634 1057 certe
1663 1020 1710 1057 de

329 1085 540 1130 Postumia,
572 1086 660 1124 sciri
680 1086 831 1139 potest;
864 1085 963 1124 illud
985 1094 1115 1123 autem
1135 1086 1182 1123 de
1203 1086 1265 1124 M.
1291 1086 1423 1130 Cotta,
1445 1095 1510 1122 aut
1531 1085 1578 1122 de
1599 1085 1708 1135 Syro,

328 1160 393 1189 aut
414 1151 461 1189 de
482 1153 630 1202 Satyro.
665 1153 726 1189 De
747 1151 871 1189 hortis
892 1151 1010 1189 etiam
1031 1160 1147 1203 atque
1167 1151 1285 1189 etiam
1308 1160 1344 1188 te
1365 1164 1474 1202 rogo.
1509 1150 1709 1188 Omnibus

327 1218 440 1262 meis,
471 1230 699 1268 eorumque,
731 1230 829 1270 quos
862 1217 941 1254 scio
971 1215 1073 1254 mihi
1105 1230 1185 1254 non
1205 1215 1423 1260 defuturos,
1455 1215 1710 1253 facultatibus

329 1282 411 1334 (sed
431 1291 568 1334 potero
589 1281 704 1332 meis)
728 1282 959 1320 enitendum
981 1281 1082 1319 mihi
1103 1281 1169 1320 est.
1203 1282 1301 1319 Sunt
1321 1281 1438 1319 etiam
1459 1294 1544 1333 quae
1565 1280 1709 1319 vende-

327 1362 366 1385 re
387 1347 502 1386 facile
522 1347 660 1401 poffim
680 1362 688 1385 :
722 1347 798 1392 sed,
831 1356 874 1385 ut
894 1361 972 1385 non
995 1346 1175 1391 vendam,
1205 1347 1320 1398 eique
1346 1346 1500 1384 usuram
1528 1345 1710 1398 pendam,

327 1427 348 1451 a
366 1427 445 1467 quo
466 1426 610 1458 emero,
642 1426 721 1451 non
752 1412 839 1465 plus
867 1426 1030 1457 annum,
1061 1411 1214 1465 poffum
1234 1411 1390 1463 assequi,
1422 1409 1528 1463 quod
1548 1410 1652 1455 volo,
1684 1410 1710 1447 fi

327 1488 371 1517 tu
401 1492 464 1517 me
495 1478 666 1530 adjuvas.
711 1478 940 1516 Paratiffimi
973 1477 1062 1516 sunt
1094 1477 1238 1516 Drufi:
1271 1478 1382 1530 cupit
1402 1477 1508 1514 enim
1529 1476 1708 1514 vendere.

327 1545 534 1582 Proximos
557 1552 653 1595 puto
674 1543 847 1581 Lamiae:
881 1542 943 1581 sed
964 1542 1081 1581 abest.
1125 1544 1192 1580 Tu
1220 1551 1364 1586 tamen,
1397 1542 1423 1579 fi
1455 1541 1551 1594 quid
1584 1549 1709 1593 poteS,

327 1609 500 1648 odorare.
548 1608 612 1646 Ne
642 1607 759 1645 Silius
789 1607 951 1660 quidem
977 1606 1196 1660 quidquam
1217 1607 1355 1652 utitur,
1386 1616 1425 1644 et
1451 1606 1483 1644 is
1506 1605 1628 1644 usuris
1648 1604 1709 1643 fa-

328 1674 478 1713 cillime
511 1672 799 1711 sustentabitur.
847 1673 962 1711 Habe
995 1682 1109 1710 tuum
1141 1673 1373 1725 negotium;
1406 1685 1492 1716 nec,
1523 1670 1619 1723 quid
1651 1683 1708 1708 res

328 1753 414 1778 mea
433 1738 635 1778 familiaris
657 1738 838 1791 postulet,
871 1752 989 1792 quam
1020 1751 1094 1791 ego
1126 1751 1204 1776 non
1234 1751 1342 1783 curo,
1375 1737 1436 1775 sed
1457 1735 1552 1789 quid
1574 1735 1707 1781 velim,

328 1813 366 1843 et
387 1818 457 1843 cur
476 1804 611 1850 velim,
642 1803 831 1842 existima.

663 2007 903 2044 C1CERO
945 2005 1198 2043 ATrrco
1241 2004 1370 2041 SAL.

331 2135 489 2174 XXIII.
515 2132 567 2206 P
582 2135 764 2172 UTAR
779 2135 813 2171 A
827 2133 875 2171 M
906 2142 943 2171 te
963 2132 1112 2186 aliquid
1134 2131 1223 2170 novi
1241 2150 1252 2176 3
1285 2129 1391 2182 quod
1412 2127 1601 2180 ejusmodi
1621 2126 1710 2165 fue-

593 2210 654 2238 rat.
677 2201 838 2238 initium
859 2199 1088 2244 literarum;
1121 2197 1299 2250 quamvis
1322 2208 1398 2231 non
1421 2205 1594 2230 curarem
1615 2193 1712 2244 quid

332 2267 371 2304 in
405 2267 595 2320 Hispania
627 2266 749 2311 fieret,
783 2276 912 2304 tamen
945 2275 982 2302 te
1014 2265 1278 2316 scripturum:
1313 2259 1374 2297 sed
1402 2258 1583 2296 videlicet
1615 2259 1712 2296 meis

331 2330 453 2367 literis
475 2330 717 2382 respondisti,
750 2339 793 2368 ut
814 2330 860 2367 de
881 2328 981 2373 foro,
1013 2338 1051 2365 et
1072 2328 1118 2364 de
1140 2327 1273 2364 Curia.
1318 2323 1389 2361 Sed
1410 2323 1550 2360 domus
1571 2322 1638 2367 est,
1670 2332 1714 2360 ut

331 2395 400 2439 ais,
433 2394 579 2432 forum.
619 2395 728 2446 Qid
750 2395 830 2447 ipsa
850 2394 968 2432 domo
990 2392 1089 2431 mihi
1111 2405 1208 2444 opus
1229 2389 1296 2435 est,
1327 2389 1473 2427 carenti
1494 2387 1612 2425 foro?
1643 2401 1711 2424 oc-

330 2460 517 2504 cidimus,
557 2460 792 2505 occidimus,
835 2460 987 2504 Attice,
1023 2460 1105 2511 jam
1140 2456 1291 2510 pridem
1327 2467 1397 2492 nos
1432 2453 1607 2506 quidem,
1651 2451 1712 2489 sed

415 2528 554 2564 ToM.
588 2525 704 2562 VIII.
1328 2520 1364 2556 V
1395 2533 1417 2556 v
