<?xml version="1.0" encoding="UTF-8"?>
<!DOCTYPE html PUBLIC "-//W3C//DTD XHTML 1.0 Transitional//EN"
    "http://www.w3.org/TR/xhtml1/DTD/xhtml1-transitional.dtd">
<html xmlns="http://www.w3.org/1999/xhtml" xml:lang="en" lang="en">
 <head>
  <title>
</title>
<meta http-equiv="Content-Type" content="text/html;charset=utf-8" />
  <meta name='ocr-system' content='tesseract 3.04.00' />
  <meta name='ocr-capabilities' content='ocr_page ocr_carea ocr_par ocr_line ocrx_word'/>
</head>
<body>
  <div class='ocr_page' id='page_1' title='image "./operacumindicibu08ciceuoft_0028.png"; bbox 0 0 2243 3008; ppageno 0'>
   <div class='ocr_carea' id='block_1_1' title="bbox 443 253 1474 294">
    <p class='ocr_par' dir='ltr' id='par_1_1' title="bbox 443 253 1474 294">
     <span class='ocr_line' id='line_1_1' title="bbox 443 253 1474 294; baseline -0.002 0"><span class='ocrx_word' id='word_1_1' title='bbox 443 267 494 294; x_wconf 88' lang='lat'>20</span> <span class='ocrx_word' id='word_1_2' title='bbox 789 253 1474 294; x_wconf 89' lang='lat' dir='ltr'>EPISTOLARUM</span> 
     </span>
    </p>
   </div>
   <div class='ocr_carea' id='block_1_2' title="bbox 441 347 1872 2547">
    <p class='ocr_par' dir='ltr' id='par_1_2' title="bbox 441 347 1872 2547">
     <span class='ocr_line' id='line_1_2' title="bbox 441 347 1825 403; baseline -0.002 -13"><span class='ocrx_word' id='word_1_3' title='bbox 441 350 600 390; x_wconf 75' lang='lat' dir='ltr'>discessu</span> <span class='ocrx_word' id='word_1_4' title='bbox 639 351 849 396; x_wconf 90' lang='lat' dir='ltr'>bonorum,</span> <span class='ocrx_word' id='word_1_5' title='bbox 894 350 1012 403; x_wconf 91' lang='lat' dir='ltr'>pleno</span> <span class='ocrx_word' id='word_1_6' title='bbox 1048 348 1135 387; x_wconf 86' lang='lat' dir='ltr'>foro</span> <span class='ocrx_word' id='word_1_7' title='bbox 1173 348 1384 394; x_wconf 86' lang='lat' dir='ltr'>servorum,</span> <span class='ocrx_word' id='word_1_8' title='bbox 1429 348 1547 386; x_wconf 91' lang='lat' dir='ltr'>XXV</span> <span class='ocrx_word' id='word_1_9' title='bbox 1580 347 1734 401; x_wconf 89' lang='lat' dir='ltr'>judices</span> <span class='ocrx_word' id='word_1_10' title='bbox 1768 349 1825 387; x_wconf 74' lang='lat' dir='ltr'>ita</span> 
     </span>
     <span class='ocr_line' id='line_1_3' title="bbox 442 414 1820 467; baseline -0.002 -12"><span class='ocrx_word' id='word_1_11' title='bbox 442 417 561 455; x_wconf 87' lang='lat' dir='ltr'>fortes</span> <span class='ocrx_word' id='word_1_12' title='bbox 583 426 711 455; x_wconf 90' lang='lat' dir='ltr'>tamen</span> <span class='ocrx_word' id='word_1_13' title='bbox 732 415 906 460; x_wconf 90' lang='lat' dir='ltr'>fuerunt,</span> <span class='ocrx_word' id='word_1_14' title='bbox 939 425 997 460; x_wconf 92' lang='lat' dir='ltr'>ut,</span> <span class='ocrx_word' id='word_1_15' title='bbox 1028 414 1182 452; x_wconf 91' lang='lat' dir='ltr'>summo</span> <span class='ocrx_word' id='word_1_16' title='bbox 1204 414 1398 466; x_wconf 78' lang='lat' dir='ltr'>proposito</span> <span class='ocrx_word' id='word_1_17' title='bbox 1418 414 1610 467; x_wconf 83' lang='lat' dir='ltr'>pericu10‚</span> <span class='ocrx_word' id='word_1_18' title='bbox 1634 415 1694 452; x_wconf 88' lang='lat' dir='ltr'>vel</span> <span class='ocrx_word' id='word_1_19' title='bbox 1716 415 1820 467; x_wconf 84' lang='lat' dir='ltr'>peri-</span> 
     </span>
     <span class='ocr_line' id='line_1_4' title="bbox 443 472 1822 533; baseline -0.003 -13"><span class='ocrx_word' id='word_1_20' title='bbox 443 495 483 521; x_wconf 85' lang='lat' dir='ltr'>re</span> <span class='ocrx_word' id='word_1_21' title='bbox 503 481 727 525; x_wconf 82' lang='lat' dir='ltr'>maluerint,</span> <span class='ocrx_word' id='word_1_22' title='bbox 758 494 876 533; x_wconf 89' lang='lat' dir='ltr'>quam</span> <span class='ocrx_word' id='word_1_23' title='bbox 898 479 1055 532; x_wconf 86' lang='lat' dir='ltr'>perdere</span> <span class='ocrx_word' id='word_1_24' title='bbox 1075 472 1221 517; x_wconf 76' lang='lat' dir='ltr'>omnia.</span> <span class='ocrx_word' id='word_1_25' title='bbox 1267 479 1408 517; x_wconf 92' lang='lat' dir='ltr'>XXXI</span> <span class='ocrx_word' id='word_1_26' title='bbox 1436 478 1611 524; x_wconf 84' lang='lat' dir='ltr'>fuerunt,</span> <span class='ocrx_word' id='word_1_27' title='bbox 1641 492 1740 530; x_wconf 89' lang='lat' dir='ltr'>quos</span> <span class='ocrx_word' id='word_1_28' title='bbox 1760 478 1822 517; x_wconf 81' lang='lat' dir='ltr'>fa-</span> 
     </span>
     <span class='ocr_line' id='line_1_5' title="bbox 443 543 1824 597; baseline -0.001 -14"><span class='ocrx_word' id='word_1_29' title='bbox 443 559 524 584; x_wconf 89' lang='lat' dir='ltr'>mes</span> <span class='ocrx_word' id='word_1_30' title='bbox 547 545 686 597; x_wconf 83' lang='lat' dir='ltr'>magis,</span> <span class='ocrx_word' id='word_1_31' title='bbox 717 558 836 597; x_wconf 88' lang='lat' dir='ltr'>quam</span> <span class='ocrx_word' id='word_1_32' title='bbox 855 543 972 588; x_wconf 81' lang='lat' dir='ltr'>fama,</span> <span class='ocrx_word' id='word_1_33' title='bbox 1003 543 1276 582; x_wconf 86' lang='lat' dir='ltr'>commoverit.</span> <span class='ocrx_word' id='word_1_34' title='bbox 1324 545 1506 595; x_wconf 86' lang='lat' dir='ltr'>Qorum</span> <span class='ocrx_word' id='word_1_35' title='bbox 1538 544 1704 581; x_wconf 85' lang='lat' dir='ltr'>Catulus</span> <span class='ocrx_word' id='word_1_36' title='bbox 1730 556 1824 581; x_wconf 88' lang='lat' dir='ltr'>cum</span> 
     </span>
     <span class='ocr_line' id='line_1_6' title="bbox 442 607 1823 662; baseline -0.001 -14"><span class='ocrx_word' id='word_1_37' title='bbox 442 610 593 648; x_wconf 71' lang='lat' dir='ltr'>vidisset</span> <span class='ocrx_word' id='word_1_38' title='bbox 622 609 832 662; x_wconf 87' lang='lat' dir='ltr'>quendam,</span> <span class='ocrx_word' id='word_1_39' title='bbox 864 609 973 661; x_wconf 86' lang='lat' dir='ltr'>Qid</span> <span class='ocrx_word' id='word_1_40' title='bbox 1003 622 1085 653; x_wconf 90' lang='lat' dir='ltr'>vos,</span> <span class='ocrx_word' id='word_1_41' title='bbox 1118 609 1263 660; x_wconf 88' lang='lat' dir='ltr'>inquit,</span> <span class='ocrx_word' id='word_1_42' title='bbox 1295 609 1512 660; x_wconf 83' lang='lat' dir='ltr'>praefidium</span> <span class='ocrx_word' id='word_1_43' title='bbox 1542 621 1563 646; x_wconf 92' lang='lat' dir='ltr'>a</span> <span class='ocrx_word' id='word_1_44' title='bbox 1592 608 1705 646; x_wconf 87' lang='lat' dir='ltr'>nobis</span> <span class='ocrx_word' id='word_1_45' title='bbox 1733 607 1823 660; x_wconf 88' lang='lat' dir='ltr'>pos-</span> 
     </span>
     <span class='ocr_line' id='line_1_7' title="bbox 444 673 1822 725; baseline -0.002 -12"><span class='ocrx_word' id='word_1_46' title='bbox 444 675 656 713; x_wconf 87' lang='lat' dir='ltr'>tulabatis?</span> <span class='ocrx_word' id='word_1_47' title='bbox 678 688 740 720; x_wconf 93' lang='lat' dir='ltr'>an,</span> <span class='ocrx_word' id='word_1_48' title='bbox 764 689 811 712; x_wconf 94' lang='lat' dir='ltr'>ne</span> <span class='ocrx_word' id='word_1_49' title='bbox 832 674 986 712; x_wconf 89' lang='lat' dir='ltr'>nummi</span> <span class='ocrx_word' id='word_1_50' title='bbox 1007 673 1118 711; x_wconf 89' lang='lat' dir='ltr'>vobis</span> <span class='ocrx_word' id='word_1_51' title='bbox 1139 674 1394 725; x_wconf 86' lang='lat' dir='ltr'>eriperentur,</span> <span class='ocrx_word' id='word_1_52' title='bbox 1416 673 1642 711; x_wconf 87' lang='lat' dir='ltr'>timebatis?</span> <span class='ocrx_word' id='word_1_53' title='bbox 1673 673 1822 717; x_wconf 89' lang='lat' dir='ltr'>Habes,</span> 
     </span>
     <span class='ocr_line' id='line_1_8' title="bbox 444 737 1822 791; baseline -0.002 -13"><span class='ocrx_word' id='word_1_54' title='bbox 444 749 488 777; x_wconf 92' lang='lat' dir='ltr'>ut</span> <span class='ocrx_word' id='word_1_55' title='bbox 523 739 738 778; x_wconf 86' lang='lat' dir='ltr'>breviffime</span> <span class='ocrx_word' id='word_1_56' title='bbox 771 739 899 791; x_wconf 91' lang='lat' dir='ltr'>potui,</span> <span class='ocrx_word' id='word_1_57' title='bbox 938 751 1060 790; x_wconf 90' lang='lat' dir='ltr'>genus</span> <span class='ocrx_word' id='word_1_58' title='bbox 1091 737 1249 790; x_wconf 91' lang='lat' dir='ltr'>judicii,</span> <span class='ocrx_word' id='word_1_59' title='bbox 1293 747 1332 775; x_wconf 92' lang='lat' dir='ltr'>et</span> <span class='ocrx_word' id='word_1_60' title='bbox 1365 738 1515 775; x_wconf 86' lang='lat' dir='ltr'>causam</span> <span class='ocrx_word' id='word_1_61' title='bbox 1550 737 1822 775; x_wconf 85' lang='lat' dir='ltr'>absolutionis.</span> 
     </span>
     <span class='ocr_line' id='line_1_9' title="bbox 446 795 1872 856; baseline -0.001 -14"><span class='ocrx_word' id='word_1_62' title='bbox 446 805 598 856; x_wconf 82' lang='lat' dir='ltr'>Qaeris</span> <span class='ocrx_word' id='word_1_63' title='bbox 619 804 819 856; x_wconf 86' lang='lat' dir='ltr'>deinceps,</span> <span class='ocrx_word' id='word_1_64' title='bbox 835 804 905 856; x_wconf 92' lang='lat' dir='ltr'>qui</span> <span class='ocrx_word' id='word_1_65' title='bbox 926 816 1031 841; x_wconf 89' lang='lat' dir='ltr'>nunc</span> <span class='ocrx_word' id='word_1_66' title='bbox 1053 803 1098 840; x_wconf 89' lang='lat' dir='ltr'>fit</span> <span class='ocrx_word' id='word_1_67' title='bbox 1118 802 1234 840; x_wconf 86' lang='lat' dir='ltr'>status</span> <span class='ocrx_word' id='word_1_68' title='bbox 1256 816 1400 847; x_wconf 88' lang='lat' dir='ltr'>rerum,</span> <span class='ocrx_word' id='word_1_69' title='bbox 1419 812 1457 840; x_wconf 90' lang='lat' dir='ltr'>et</span> <span class='ocrx_word' id='word_1_70' title='bbox 1477 803 1546 854; x_wconf 91' lang='lat' dir='ltr'>qui</span> <span class='ocrx_word' id='word_1_71' title='bbox 1567 815 1692 840; x_wconf 88' lang='lat' dir='ltr'>meus.</span> <span class='ocrx_word' id='word_1_72' title='bbox 1726 801 1822 840; x_wconf 89' lang='lat' dir='ltr'>Rei·</span> <span class='ocrx_word' id='word_1_73' title='bbox 1869 795 1872 798; x_wconf 36' lang='lat'><strong>⁴</strong></span> 
     </span>
     <span class='ocr_line' id='line_1_10' title="bbox 443 866 1823 920; baseline -0.002 -14"><span class='ocrx_word' id='word_1_74' title='bbox 443 869 613 920; x_wconf 86' lang='lat' dir='ltr'>publicae</span> <span class='ocrx_word' id='word_1_75' title='bbox 634 868 773 906; x_wconf 89' lang='lat' dir='ltr'>statum</span> <span class='ocrx_word' id='word_1_76' title='bbox 794 868 924 912; x_wconf 88' lang='lat' dir='ltr'>illum,</span> <span class='ocrx_word' id='word_1_77' title='bbox 947 881 1066 920; x_wconf 86' lang='lat' dir='ltr'>quem</span> <span class='ocrx_word' id='word_1_78' title='bbox 1090 875 1131 904; x_wconf 92' lang='lat' dir='ltr'>tu</span> <span class='ocrx_word' id='word_1_79' title='bbox 1153 880 1240 904; x_wconf 88' lang='lat' dir='ltr'>meo</span> <span class='ocrx_word' id='word_1_80' title='bbox 1261 867 1437 911; x_wconf 83' lang='lat' dir='ltr'>confilio,</span> <span class='ocrx_word' id='word_1_81' title='bbox 1458 879 1532 918; x_wconf 87' lang='lat' dir='ltr'>ego</span> <span class='ocrx_word' id='word_1_82' title='bbox 1552 866 1702 910; x_wconf 89' lang='lat' dir='ltr'>divino,</span> <span class='ocrx_word' id='word_1_83' title='bbox 1724 879 1823 904; x_wconf 87' lang='lat' dir='ltr'>con-</span> 
     </span>
     <span class='ocr_line' id='line_1_11' title="bbox 444 930 1827 984; baseline -0.002 -14"><span class='ocrx_word' id='word_1_84' title='bbox 444 932 643 970; x_wconf 89' lang='lat' dir='ltr'>firmatum</span> <span class='ocrx_word' id='word_1_85' title='bbox 678 932 880 983; x_wconf 88' lang='lat' dir='ltr'>putabam,</span> <span class='ocrx_word' id='word_1_86' title='bbox 915 932 985 984; x_wconf 88' lang='lat' dir='ltr'>qui</span> <span class='ocrx_word' id='word_1_87' title='bbox 1020 931 1213 969; x_wconf 89' lang='lat' dir='ltr'>bonorum</span> <span class='ocrx_word' id='word_1_88' title='bbox 1248 931 1429 969; x_wconf 90' lang='lat' dir='ltr'>omnium</span> <span class='ocrx_word' id='word_1_89' title='bbox 1464 930 1757 981; x_wconf 60' lang='lat' dir='ltr'>conjunctione,</span> <span class='ocrx_word' id='word_1_90' title='bbox 1787 939 1827 968; x_wconf 90' lang='lat' dir='ltr'>et</span> 
     </span>
     <span class='ocr_line' id='line_1_12' title="bbox 443 994 1827 1040; baseline -0.001 -6"><span class='ocrx_word' id='word_1_91' title='bbox 443 997 669 1035; x_wconf 61' lang='lat' dir='ltr'>auitoritate</span> <span class='ocrx_word' id='word_1_92' title='bbox 690 997 926 1035; x_wconf 80' lang='lat' dir='ltr'>Consulatus</span> <span class='ocrx_word' id='word_1_93' title='bbox 957 996 1050 1040; x_wconf 91' lang='lat' dir='ltr'>mei,</span> <span class='ocrx_word' id='word_1_94' title='bbox 1083 995 1185 1033; x_wconf 75' lang='lat' dir='ltr'>fixus</span> <span class='ocrx_word' id='word_1_95' title='bbox 1217 1004 1255 1032; x_wconf 93' lang='lat' dir='ltr'>et</span> <span class='ocrx_word' id='word_1_96' title='bbox 1286 994 1472 1033; x_wconf 87' lang='lat' dir='ltr'>fundatus</span> <span class='ocrx_word' id='word_1_97' title='bbox 1506 994 1724 1040; x_wconf 89' lang='lat' dir='ltr'>videbatur,</span> <span class='ocrx_word' id='word_1_98' title='bbox 1755 995 1827 1033; x_wconf 87' lang='lat' dir='ltr'>nifi</span> 
     </span>
     <span class='ocr_line' id='line_1_13' title="bbox 444 1059 1827 1113; baseline -0.001 -15"><span class='ocrx_word' id='word_1_99' title='bbox 444 1061 534 1113; x_wconf 88' lang='lat' dir='ltr'>quis</span> <span class='ocrx_word' id='word_1_100' title='bbox 555 1074 625 1098; x_wconf 89' lang='lat' dir='ltr'>nos</span> <span class='ocrx_word' id='word_1_101' title='bbox 646 1061 739 1098; x_wconf 90' lang='lat' dir='ltr'>deus</span> <span class='ocrx_word' id='word_1_102' title='bbox 770 1060 992 1112; x_wconf 85' lang='lat' dir='ltr'>respexerit,</span> <span class='ocrx_word' id='word_1_103' title='bbox 1023 1059 1196 1112; x_wconf 87' lang='lat' dir='ltr'>elapsum</span> <span class='ocrx_word' id='word_1_104' title='bbox 1229 1059 1326 1097; x_wconf 89' lang='lat' dir='ltr'>scito</span> <span class='ocrx_word' id='word_1_105' title='bbox 1355 1059 1427 1098; x_wconf 86' lang='lat' dir='ltr'>effe</span> <span class='ocrx_word' id='word_1_106' title='bbox 1457 1059 1503 1097; x_wconf 94' lang='lat' dir='ltr'>de</span> <span class='ocrx_word' id='word_1_107' title='bbox 1531 1059 1716 1098; x_wconf 86' lang='lat' dir='ltr'>manibus</span> <span class='ocrx_word' id='word_1_108' title='bbox 1746 1072 1827 1098; x_wconf 92' lang='lat' dir='ltr'>uno</span> 
     </span>
     <span class='ocr_line' id='line_1_14' title="bbox 442 1123 1826 1177; baseline -0.001 -15"><span class='ocrx_word' id='word_1_109' title='bbox 442 1123 716 1177; x_wconf 89' lang='lat' dir='ltr'>hocjudicio:</span> <span class='ocrx_word' id='word_1_110' title='bbox 750 1125 776 1163; x_wconf 86' lang='lat' dir='ltr'>s1</span> <span class='ocrx_word' id='word_1_111' title='bbox 802 1124 1003 1177; x_wconf 90' lang='lat' dir='ltr'>judicium</span> <span class='ocrx_word' id='word_1_112' title='bbox 1032 1123 1100 1169; x_wconf 90' lang='lat' dir='ltr'>est,</span> <span class='ocrx_word' id='word_1_113' title='bbox 1131 1124 1294 1176; x_wconf 85' lang='lat' dir='ltr'>triginta</span> <span class='ocrx_word' id='word_1_114' title='bbox 1313 1123 1494 1162; x_wconf 88' lang='lat' dir='ltr'>homines</span> <span class='ocrx_word' id='word_1_115' title='bbox 1514 1123 1653 1176; x_wconf 92' lang='lat' dir='ltr'>populi</span> <span class='ocrx_word' id='word_1_116' title='bbox 1675 1124 1826 1162; x_wconf 89' lang='lat' dir='ltr'>Roma-</span> 
     </span>
     <span class='ocr_line' id='line_1_15' title="bbox 445 1188 1826 1242; baseline 0.001 -15"><span class='ocrx_word' id='word_1_117' title='bbox 445 1190 487 1228; x_wconf 88' lang='lat' dir='ltr'>ni</span> <span class='ocrx_word' id='word_1_118' title='bbox 519 1189 726 1228; x_wconf 86' lang='lat' dir='ltr'>leviffimos</span> <span class='ocrx_word' id='word_1_119' title='bbox 757 1202 801 1228; x_wconf 89' lang='lat' dir='ltr'>ac</span> <span class='ocrx_word' id='word_1_120' title='bbox 833 1189 1099 1242; x_wconf 70' lang='lat' dir='ltr'>nequissimos,</span> <span class='ocrx_word' id='word_1_121' title='bbox 1130 1189 1350 1227; x_wconf 86' lang='lat' dir='ltr'>nummulis</span> <span class='ocrx_word' id='word_1_122' title='bbox 1384 1191 1569 1242; x_wconf 90' lang='lat' dir='ltr'>acceptis,</span> <span class='ocrx_word' id='word_1_123' title='bbox 1593 1190 1660 1241; x_wconf 88' lang='lat' dir='ltr'>jus</span> <span class='ocrx_word' id='word_1_124' title='bbox 1695 1202 1737 1227; x_wconf 90' lang='lat' dir='ltr'>ac</span> <span class='ocrx_word' id='word_1_125' title='bbox 1769 1188 1826 1228; x_wconf 88' lang='lat' dir='ltr'>fas</span> 
     </span>
     <span class='ocr_line' id='line_1_16' title="bbox 444 1253 1826 1306; baseline -0.001 -13"><span class='ocrx_word' id='word_1_126' title='bbox 444 1268 561 1294; x_wconf 89' lang='lat' dir='ltr'>omne</span> <span class='ocrx_word' id='word_1_127' title='bbox 593 1254 735 1299; x_wconf 91' lang='lat' dir='ltr'>delere,</span> <span class='ocrx_word' id='word_1_128' title='bbox 773 1263 827 1300; x_wconf 89' lang='lat' dir='ltr'>et,</span> <span class='ocrx_word' id='word_1_129' title='bbox 868 1254 974 1306; x_wconf 88' lang='lat' dir='ltr'>quod</span> <span class='ocrx_word' id='word_1_130' title='bbox 1012 1267 1148 1292; x_wconf 88' lang='lat' dir='ltr'>omnes</span> <span class='ocrx_word' id='word_1_131' title='bbox 1183 1267 1262 1292; x_wconf 91' lang='lat' dir='ltr'>non</span> <span class='ocrx_word' id='word_1_132' title='bbox 1296 1253 1416 1292; x_wconf 92' lang='lat' dir='ltr'>modo</span> <span class='ocrx_word' id='word_1_133' title='bbox 1448 1253 1645 1300; x_wconf 88' lang='lat' dir='ltr'>homines,</span> <span class='ocrx_word' id='word_1_134' title='bbox 1690 1268 1826 1293; x_wconf 91' lang='lat' dir='ltr'>verum</span> 
     </span>
     <span class='ocr_line' id='line_1_17' title="bbox 444 1319 1826 1373; baseline 0 -15"><span class='ocrx_word' id='word_1_135' title='bbox 444 1321 563 1358; x_wconf 89' lang='lat' dir='ltr'>etiam</span> <span class='ocrx_word' id='word_1_136' title='bbox 595 1319 778 1373; x_wconf 88' lang='lat' dir='ltr'>pecudes,</span> <span class='ocrx_word' id='word_1_137' title='bbox 810 1319 957 1358; x_wconf 71' lang='lat' dir='ltr'>factum</span> <span class='ocrx_word' id='word_1_138' title='bbox 987 1319 1059 1358; x_wconf 82' lang='lat' dir='ltr'>effe</span> <span class='ocrx_word' id='word_1_139' title='bbox 1094 1319 1230 1365; x_wconf 87' lang='lat' dir='ltr'>sciant,</span> <span class='ocrx_word' id='word_1_140' title='bbox 1261 1319 1301 1358; x_wconf 92' lang='lat' dir='ltr'>id</span> <span class='ocrx_word' id='word_1_141' title='bbox 1335 1320 1522 1365; x_wconf 84' lang='lat' dir='ltr'>Talnam,</span> <span class='ocrx_word' id='word_1_142' title='bbox 1551 1329 1591 1359; x_wconf 91' lang='lat' dir='ltr'>et</span> <span class='ocrx_word' id='word_1_143' title='bbox 1624 1320 1826 1366; x_wconf 84' lang='lat' dir='ltr'>Plautum,</span> 
     </span>
     <span class='ocr_line' id='line_1_18' title="bbox 445 1384 1825 1438; baseline 0.001 -15"><span class='ocrx_word' id='word_1_144' title='bbox 445 1395 483 1423; x_wconf 92' lang='lat' dir='ltr'>et</span> <span class='ocrx_word' id='word_1_145' title='bbox 504 1385 731 1438; x_wconf 86' lang='lat' dir='ltr'>Spongiam,</span> <span class='ocrx_word' id='word_1_146' title='bbox 761 1395 800 1423; x_wconf 91' lang='lat' dir='ltr'>et</span> <span class='ocrx_word' id='word_1_147' title='bbox 819 1394 971 1424; x_wconf 85' lang='lat' dir='ltr'>caeteras</span> <span class='ocrx_word' id='word_1_148' title='bbox 992 1384 1219 1437; x_wconf 88' lang='lat' dir='ltr'>hujusmodi</span> <span class='ocrx_word' id='word_1_149' title='bbox 1238 1385 1485 1438; x_wconf 88' lang='lat' dir='ltr'>quisquilias,</span> <span class='ocrx_word' id='word_1_150' title='bbox 1511 1385 1687 1431; x_wconf 86' lang='lat' dir='ltr'>statuere,</span> <span class='ocrx_word' id='word_1_151' title='bbox 1720 1399 1825 1424; x_wconf 90' lang='lat' dir='ltr'>nun-</span> 
     </span>
     <span class='ocr_line' id='line_1_19' title="bbox 445 1450 1825 1504; baseline 0.001 -15"><span class='ocrx_word' id='word_1_152' title='bbox 445 1464 565 1504; x_wconf 88' lang='lat' dir='ltr'>quam</span> <span class='ocrx_word' id='word_1_153' title='bbox 595 1450 666 1489; x_wconf 86' lang='lat' dir='ltr'>effe</span> <span class='ocrx_word' id='word_1_154' title='bbox 699 1450 861 1489; x_wconf 66' lang='lat' dir='ltr'>factum.</span> <span class='ocrx_word' id='word_1_155' title='bbox 908 1451 981 1489; x_wconf 90' lang='lat' dir='ltr'>Sed</span> <span class='ocrx_word' id='word_1_156' title='bbox 1011 1460 1155 1496; x_wconf 87' lang='lat' dir='ltr'>tamen,</span> <span class='ocrx_word' id='word_1_157' title='bbox 1187 1460 1230 1489; x_wconf 91' lang='lat' dir='ltr'>ut</span> <span class='ocrx_word' id='word_1_158' title='bbox 1262 1460 1299 1489; x_wconf 92' lang='lat' dir='ltr'>te</span> <span class='ocrx_word' id='word_1_159' title='bbox 1325 1451 1373 1489; x_wconf 93' lang='lat' dir='ltr'>de</span> <span class='ocrx_word' id='word_1_160' title='bbox 1394 1451 1616 1503; x_wconf 89' lang='lat' dir='ltr'>Republica</span> <span class='ocrx_word' id='word_1_161' title='bbox 1634 1451 1825 1497; x_wconf 90' lang='lat' dir='ltr'>consoler,</span> 
     </span>
     <span class='ocr_line' id='line_1_20' title="bbox 445 1515 1826 1569; baseline 0.001 -15"><span class='ocrx_word' id='word_1_162' title='bbox 445 1529 526 1554; x_wconf 90' lang='lat' dir='ltr'>non</span> <span class='ocrx_word' id='word_1_163' title='bbox 546 1515 614 1561; x_wconf 89' lang='lat' dir='ltr'>ita,</span> <span class='ocrx_word' id='word_1_164' title='bbox 645 1524 689 1554; x_wconf 91' lang='lat' dir='ltr'>ut</span> <span class='ocrx_word' id='word_1_165' title='bbox 709 1515 907 1568; x_wconf 90' lang='lat' dir='ltr'>sperarunt</span> <span class='ocrx_word' id='word_1_166' title='bbox 926 1515 1035 1561; x_wconf 89' lang='lat' dir='ltr'>mali,</span> <span class='ocrx_word' id='word_1_167' title='bbox 1067 1524 1176 1554; x_wconf 90' lang='lat' dir='ltr'>tanto</span> <span class='ocrx_word' id='word_1_168' title='bbox 1204 1515 1388 1568; x_wconf 81' lang='lat' dir='ltr'>imposito</span> <span class='ocrx_word' id='word_1_169' title='bbox 1417 1516 1664 1569; x_wconf 70' lang='lat' dir='ltr'>Reipublicae</span> <span class='ocrx_word' id='word_1_170' title='bbox 1685 1517 1826 1555; x_wconf 86' lang='lat' dir='ltr'>vulne-</span> 
     </span>
     <span class='ocr_line' id='line_1_21' title="bbox 445 1581 1826 1634; baseline 0.001 -15"><span class='ocrx_word' id='word_1_171' title='bbox 445 1594 500 1626; x_wconf 87' lang='lat' dir='ltr'>re,</span> <span class='ocrx_word' id='word_1_172' title='bbox 530 1581 665 1619; x_wconf 85' lang='lat' dir='ltr'>alacris</span> <span class='ocrx_word' id='word_1_173' title='bbox 696 1581 846 1619; x_wconf 82' lang='lat' dir='ltr'>exultat</span> <span class='ocrx_word' id='word_1_174' title='bbox 877 1581 1107 1634; x_wconf 80' lang='lat' dir='ltr'>improbitas</span> <span class='ocrx_word' id='word_1_175' title='bbox 1139 1581 1180 1619; x_wconf 93' lang='lat' dir='ltr'>in</span> <span class='ocrx_word' id='word_1_176' title='bbox 1211 1581 1398 1619; x_wconf 62' lang='lat' dir='ltr'>victoria:</span> <span class='ocrx_word' id='word_1_177' title='bbox 1431 1595 1520 1619; x_wconf 88' lang='lat' dir='ltr'>nam</span> <span class='ocrx_word' id='word_1_178' title='bbox 1541 1582 1656 1634; x_wconf 90' lang='lat' dir='ltr'>plane</span> <span class='ocrx_word' id='word_1_179' title='bbox 1676 1582 1730 1620; x_wconf 88' lang='lat' dir='ltr'>ita</span> <span class='ocrx_word' id='word_1_180' title='bbox 1749 1596 1826 1634; x_wconf 79' lang='lat' dir='ltr'>pu-</span> 
     </span>
     <span class='ocr_line' id='line_1_22' title="bbox 444 1646 1827 1698; baseline 0 -13"><span class='ocrx_word' id='word_1_181' title='bbox 444 1654 638 1691; x_wconf 87' lang='lat' dir='ltr'>taverunt,</span> <span class='ocrx_word' id='word_1_182' title='bbox 667 1659 760 1684; x_wconf 89' lang='lat' dir='ltr'>cum</span> <span class='ocrx_word' id='word_1_183' title='bbox 791 1647 944 1698; x_wconf 88' lang='lat' dir='ltr'>religio,</span> <span class='ocrx_word' id='word_1_184' title='bbox 976 1660 1068 1684; x_wconf 87' lang='lat' dir='ltr'>cum</span> <span class='ocrx_word' id='word_1_185' title='bbox 1098 1646 1303 1698; x_wconf 85' lang='lat' dir='ltr'>pudicitia,</span> <span class='ocrx_word' id='word_1_186' title='bbox 1333 1659 1426 1684; x_wconf 90' lang='lat' dir='ltr'>cum</span> <span class='ocrx_word' id='word_1_187' title='bbox 1448 1646 1693 1698; x_wconf 87' lang='lat' dir='ltr'>judiciorum</span> <span class='ocrx_word' id='word_1_188' title='bbox 1715 1647 1827 1692; x_wconf 85' lang='lat' dir='ltr'>fides,</span> 
     </span>
     <span class='ocr_line' id='line_1_23' title="bbox 444 1710 1825 1764; baseline 0.001 -14"><span class='ocrx_word' id='word_1_189' title='bbox 444 1725 537 1750; x_wconf 88' lang='lat' dir='ltr'>cum</span> <span class='ocrx_word' id='word_1_190' title='bbox 558 1711 708 1750; x_wconf 83' lang='lat' dir='ltr'>senatus</span> <span class='ocrx_word' id='word_1_191' title='bbox 729 1712 949 1756; x_wconf 56' lang='lat' dir='ltr'>auctoritas,</span> <span class='ocrx_word' id='word_1_192' title='bbox 980 1711 1224 1757; x_wconf 81' lang='lat' dir='ltr'>concidisset,</span> <span class='ocrx_word' id='word_1_193' title='bbox 1252 1710 1350 1756; x_wconf 90' lang='lat' dir='ltr'>fore,</span> <span class='ocrx_word' id='word_1_194' title='bbox 1382 1721 1427 1750; x_wconf 91' lang='lat' dir='ltr'>ut</span> <span class='ocrx_word' id='word_1_195' title='bbox 1446 1721 1575 1764; x_wconf 87' lang='lat' dir='ltr'>aperte</span> <span class='ocrx_word' id='word_1_196' title='bbox 1594 1713 1735 1751; x_wconf 61' lang='lat' dir='ltr'>viEtrix</span> <span class='ocrx_word' id='word_1_197' title='bbox 1755 1726 1825 1751; x_wconf 82' lang='lat' dir='ltr'>ne-</span> 
     </span>
     <span class='ocr_line' id='line_1_24' title="bbox 444 1775 1825 1829; baseline 0.001 -15"><span class='ocrx_word' id='word_1_198' title='bbox 444 1777 571 1829; x_wconf 91' lang='lat' dir='ltr'>quitia</span> <span class='ocrx_word' id='word_1_199' title='bbox 602 1789 644 1814; x_wconf 93' lang='lat' dir='ltr'>ac</span> <span class='ocrx_word' id='word_1_200' title='bbox 679 1775 805 1814; x_wconf 92' lang='lat' dir='ltr'>libido</span> <span class='ocrx_word' id='word_1_201' title='bbox 833 1789 967 1828; x_wconf 87' lang='lat' dir='ltr'>poenas</span> <span class='ocrx_word' id='word_1_202' title='bbox 999 1776 1046 1814; x_wconf 93' lang='lat' dir='ltr'>ab</span> <span class='ocrx_word' id='word_1_203' title='bbox 1078 1777 1232 1828; x_wconf 89' lang='lat' dir='ltr'>optimo</span> <span class='ocrx_word' id='word_1_204' title='bbox 1261 1789 1419 1829; x_wconf 90' lang='lat' dir='ltr'>quoque</span> <span class='ocrx_word' id='word_1_205' title='bbox 1449 1786 1596 1829; x_wconf 90' lang='lat' dir='ltr'>peteret</span> <span class='ocrx_word' id='word_1_206' title='bbox 1626 1776 1683 1814; x_wconf 92' lang='lat' dir='ltr'>sui</span> <span class='ocrx_word' id='word_1_207' title='bbox 1711 1777 1825 1815; x_wconf 91' lang='lat' dir='ltr'>dolo-</span> 
     </span>
     <span class='ocr_line' id='line_1_25' title="bbox 445 1840 1824 1893; baseline 0.001 -14"><span class='ocrx_word' id='word_1_208' title='bbox 445 1842 512 1885; x_wconf 89' lang='lat' dir='ltr'>ris,</span> <span class='ocrx_word' id='word_1_209' title='bbox 543 1854 662 1893; x_wconf 90' lang='lat' dir='ltr'>quem</span> <span class='ocrx_word' id='word_1_210' title='bbox 695 1840 980 1893; x_wconf 80' lang='lat' dir='ltr'>improbissimo</span> <span class='ocrx_word' id='word_1_211' title='bbox 1009 1840 1152 1893; x_wconf 90' lang='lat' dir='ltr'>cuique</span> <span class='ocrx_word' id='word_1_212' title='bbox 1183 1840 1362 1879; x_wconf 75' lang='lat' dir='ltr'>inusserat</span> <span class='ocrx_word' id='word_1_213' title='bbox 1390 1840 1566 1880; x_wconf 86' lang='lat' dir='ltr'>severitas</span> <span class='ocrx_word' id='word_1_214' title='bbox 1588 1841 1824 1880; x_wconf 84' lang='lat' dir='ltr'>Consulatus</span> 
     </span>
     <span class='ocr_line' id='line_1_26' title="bbox 444 1903 1825 1959; baseline 0.001 -16"><span class='ocrx_word' id='word_1_215' title='bbox 444 1905 539 1943; x_wconf 86' lang='lat' dir='ltr'>mei.</span> <span class='ocrx_word' id='word_1_216' title='bbox 586 1903 695 1942; x_wconf 86' lang='lat' dir='ltr'>Idem</span> <span class='ocrx_word' id='word_1_217' title='bbox 727 1917 800 1956; x_wconf 90' lang='lat' dir='ltr'>ego</span> <span class='ocrx_word' id='word_1_218' title='bbox 828 1904 911 1949; x_wconf 89' lang='lat' dir='ltr'>ille,</span> <span class='ocrx_word' id='word_1_219' title='bbox 945 1907 1043 1956; x_wconf 92' lang='lat' dir='ltr'>(non</span> <span class='ocrx_word' id='word_1_220' title='bbox 1071 1905 1178 1943; x_wconf 91' lang='lat' dir='ltr'>enim</span> <span class='ocrx_word' id='word_1_221' title='bbox 1210 1904 1312 1943; x_wconf 88' lang='lat' dir='ltr'>mihi</span> <span class='ocrx_word' id='word_1_222' title='bbox 1341 1905 1474 1944; x_wconf 88' lang='lat' dir='ltr'>videor</span> <span class='ocrx_word' id='word_1_223' title='bbox 1507 1906 1716 1945; x_wconf 89' lang='lat' dir='ltr'>insolenter</span> <span class='ocrx_word' id='word_1_224' title='bbox 1735 1907 1825 1959; x_wconf 88' lang='lat' dir='ltr'>glo-</span> 
     </span>
     <span class='ocr_line' id='line_1_27' title="bbox 448 1969 1825 2024; baseline 0.003 -18"><span class='ocrx_word' id='word_1_225' title='bbox 448 1969 550 2014; x_wconf 87' lang='lat' dir='ltr'>riari,</span> <span class='ocrx_word' id='word_1_226' title='bbox 581 1982 673 2007; x_wconf 91' lang='lat' dir='ltr'>cum</span> <span class='ocrx_word' id='word_1_227' title='bbox 704 1969 750 2007; x_wconf 91' lang='lat' dir='ltr'>de</span> <span class='ocrx_word' id='word_1_228' title='bbox 780 1983 842 2007; x_wconf 90' lang='lat' dir='ltr'>me</span> <span class='ocrx_word' id='word_1_229' title='bbox 872 1969 973 2022; x_wconf 92' lang='lat' dir='ltr'>apud</span> <span class='ocrx_word' id='word_1_230' title='bbox 1005 1978 1041 2007; x_wconf 92' lang='lat' dir='ltr'>te</span> <span class='ocrx_word' id='word_1_231' title='bbox 1071 1970 1225 2022; x_wconf 90' lang='lat' dir='ltr'>loquor,</span> <span class='ocrx_word' id='word_1_232' title='bbox 1258 1971 1297 2008; x_wconf 83' lang='lat' dir='ltr'>in</span> <span class='ocrx_word' id='word_1_233' title='bbox 1331 1984 1374 2008; x_wconf 88' lang='lat' dir='ltr'>ea</span> <span class='ocrx_word' id='word_1_234' title='bbox 1408 1972 1617 2023; x_wconf 80' lang='lat' dir='ltr'>praesertim</span> <span class='ocrx_word' id='word_1_235' title='bbox 1651 1971 1825 2024; x_wconf 82' lang='lat' dir='ltr'>epistola,</span> 
     </span>
     <span class='ocr_line' id='line_1_28' title="bbox 446 2033 1826 2088; baseline 0.003 -17"><span class='ocrx_word' id='word_1_236' title='bbox 446 2047 564 2086; x_wconf 87' lang='lat' dir='ltr'>quam</span> <span class='ocrx_word' id='word_1_237' title='bbox 601 2034 692 2072; x_wconf 92' lang='lat' dir='ltr'>nolo</span> <span class='ocrx_word' id='word_1_238' title='bbox 725 2034 810 2072; x_wconf 90' lang='lat' dir='ltr'>aliis</span> <span class='ocrx_word' id='word_1_239' title='bbox 845 2034 941 2086; x_wconf 89' lang='lat' dir='ltr'>legi)</span> <span class='ocrx_word' id='word_1_240' title='bbox 979 2033 1098 2079; x_wconf 89' lang='lat' dir='ltr'>idem,</span> <span class='ocrx_word' id='word_1_241' title='bbox 1140 2036 1317 2087; x_wconf 85' lang='lat' dir='ltr'>inquam,</span> <span class='ocrx_word' id='word_1_242' title='bbox 1359 2049 1432 2088; x_wconf 85' lang='lat' dir='ltr'>ego</span> <span class='ocrx_word' id='word_1_243' title='bbox 1467 2037 1630 2074; x_wconf 87' lang='lat' dir='ltr'>recreavi</span> <span class='ocrx_word' id='word_1_244' title='bbox 1664 2035 1826 2075; x_wconf 56' lang='lat' dir='ltr'>afflictos</span> 
     </span>
     <span class='ocr_line' id='line_1_29' title="bbox 445 2098 1826 2151; baseline 0.003 -16"><span class='ocrx_word' id='word_1_245' title='bbox 445 2099 596 2136; x_wconf 89' lang='lat' dir='ltr'>animos</span> <span class='ocrx_word' id='word_1_246' title='bbox 618 2098 812 2136; x_wconf 88' lang='lat' dir='ltr'>bonorum</span> <span class='ocrx_word' id='word_1_247' title='bbox 840 2112 1164 2151; x_wconf 89' lang='lat' dir='ltr'>unumquemque</span> <span class='ocrx_word' id='word_1_248' title='bbox 1183 2099 1435 2144; x_wconf 79' lang='lat' dir='ltr'>confirmans,</span> <span class='ocrx_word' id='word_1_249' title='bbox 1466 2102 1666 2139; x_wconf 87' lang='lat' dir='ltr'>excitans:</span> <span class='ocrx_word' id='word_1_250' title='bbox 1700 2100 1826 2139; x_wconf 85' lang='lat' dir='ltr'>insec-</span> 
     </span>
     <span class='ocr_line' id='line_1_30' title="bbox 448 2163 1827 2216; baseline 0.004 -16"><span class='ocrx_word' id='word_1_251' title='bbox 448 2163 573 2201; x_wconf 85' lang='lat' dir='ltr'>tandis</span> <span class='ocrx_word' id='word_1_252' title='bbox 595 2176 684 2201; x_wconf 89' lang='lat' dir='ltr'>vero</span> <span class='ocrx_word' id='word_1_253' title='bbox 703 2163 1020 2215; x_wconf 82' lang='lat' dir='ltr'>exagitandisque</span> <span class='ocrx_word' id='word_1_254' title='bbox 1052 2164 1281 2202; x_wconf 88' lang='lat' dir='ltr'>nummariis</span> <span class='ocrx_word' id='word_1_255' title='bbox 1306 2164 1526 2216; x_wconf 89' lang='lat' dir='ltr'>judicibus,</span> <span class='ocrx_word' id='word_1_256' title='bbox 1556 2179 1715 2204; x_wconf 85' lang='lat' dir='ltr'>omnem</span> <span class='ocrx_word' id='word_1_257' title='bbox 1736 2180 1827 2205; x_wconf 87' lang='lat' dir='ltr'>om-</span> 
     </span>
     <span class='ocr_line' id='line_1_31' title="bbox 447 2227 1825 2284; baseline 0.004 -18"><span class='ocrx_word' id='word_1_258' title='bbox 447 2229 562 2266; x_wconf 89' lang='lat' dir='ltr'>nibus</span> <span class='ocrx_word' id='word_1_259' title='bbox 596 2227 768 2266; x_wconf 84' lang='lat' dir='ltr'>studiofis</span> <span class='ocrx_word' id='word_1_260' title='bbox 804 2242 846 2266; x_wconf 83' lang='lat' dir='ltr'>ac</span> <span class='ocrx_word' id='word_1_261' title='bbox 878 2227 1098 2267; x_wconf 86' lang='lat' dir='ltr'>fautoribus</span> <span class='ocrx_word' id='word_1_262' title='bbox 1132 2229 1237 2267; x_wconf 85' lang='lat' dir='ltr'>illius</span> <span class='ocrx_word' id='word_1_263' title='bbox 1269 2230 1437 2268; x_wconf 59' lang='lat' dir='ltr'>vietoriae</span> <span class='ocrx_word' id='word_1_264' title='bbox 1473 2231 1637 2280; x_wconf 66' lang='grc' dir='ltr'>παῤῥησίαι</span> <span class='ocrx_word' id='word_1_265' title='bbox 1669 2231 1825 2284; x_wconf 83' lang='lat' dir='ltr'>eripui:</span> 
     </span>
     <span class='ocr_line' id='line_1_32' title="bbox 447 2293 1826 2349; baseline 0.004 -19"><span class='ocrx_word' id='word_1_266' title='bbox 447 2293 626 2331; x_wconf 83' lang='lat' dir='ltr'>Pisonem</span> <span class='ocrx_word' id='word_1_267' title='bbox 648 2293 846 2331; x_wconf 89' lang='lat' dir='ltr'>consulem</span> <span class='ocrx_word' id='word_1_268' title='bbox 869 2293 975 2331; x_wconf 89' lang='lat' dir='ltr'>nulla</span> <span class='ocrx_word' id='word_1_269' title='bbox 1004 2293 1044 2331; x_wconf 92' lang='lat' dir='ltr'>in</span> <span class='ocrx_word' id='word_1_270' title='bbox 1074 2307 1111 2332; x_wconf 90' lang='lat' dir='ltr'>re</span> <span class='ocrx_word' id='word_1_271' title='bbox 1132 2294 1333 2333; x_wconf 77' lang='lat' dir='ltr'>consistere</span> <span class='ocrx_word' id='word_1_272' title='bbox 1356 2309 1526 2347; x_wconf 87' lang='lat' dir='ltr'>unquam</span> <span class='ocrx_word' id='word_1_273' title='bbox 1557 2295 1641 2334; x_wconf 87' lang='lat' dir='ltr'>sum</span> <span class='ocrx_word' id='word_1_274' title='bbox 1673 2296 1794 2349; x_wconf 73' lang='lat' dir='ltr'>pass‘us</span> <span class='ocrx_word' id='word_1_275' title='bbox 1814 2312 1826 2336; x_wconf 67' lang='grc' dir='ltr'>ι</span> 
     </span>
     <span class='ocr_line' id='line_1_33' title="bbox 446 2357 1829 2414; baseline 0.003 -18"><span class='ocrx_word' id='word_1_276' title='bbox 446 2357 669 2410; x_wconf 82' lang='lat' dir='ltr'>desponsam</span> <span class='ocrx_word' id='word_1_277' title='bbox 710 2357 862 2396; x_wconf 85' lang='lat' dir='ltr'>homini</span> <span class='ocrx_word' id='word_1_278' title='bbox 897 2359 978 2410; x_wconf 86' lang='lat' dir='ltr'>jam</span> <span class='ocrx_word' id='word_1_279' title='bbox 1019 2359 1166 2410; x_wconf 80' lang='lat' dir='ltr'>Syriam</span> <span class='ocrx_word' id='word_1_280' title='bbox 1206 2360 1359 2398; x_wconf 85' lang='lat' dir='ltr'>ademi:</span> <span class='ocrx_word' id='word_1_281' title='bbox 1408 2361 1580 2399; x_wconf 78' lang='lat' dir='ltr'>senatum</span> <span class='ocrx_word' id='word_1_282' title='bbox 1615 2362 1661 2399; x_wconf 87' lang='lat' dir='ltr'>ad</span> <span class='ocrx_word' id='word_1_283' title='bbox 1697 2362 1829 2414; x_wconf 84' lang='lat' dir='ltr'>pristi-</span> 
     </span>
     <span class='ocr_line' id='line_1_34' title="bbox 447 2421 1827 2478; baseline 0.004 -18"><span class='ocrx_word' id='word_1_284' title='bbox 447 2437 536 2460; x_wconf 78' lang='lat' dir='ltr'>nam</span> <span class='ocrx_word' id='word_1_285' title='bbox 578 2421 682 2461; x_wconf 85' lang='lat' dir='ltr'>suam</span> <span class='ocrx_word' id='word_1_286' title='bbox 722 2422 962 2461; x_wconf 79' lang='lat' dir='ltr'>severitatem</span> <span class='ocrx_word' id='word_1_287' title='bbox 1001 2425 1191 2469; x_wconf 75' lang='lat' dir='ltr'>revocavi,</span> <span class='ocrx_word' id='word_1_288' title='bbox 1237 2435 1352 2478; x_wconf 87' lang='lat' dir='ltr'>atquc</span> <span class='ocrx_word' id='word_1_289' title='bbox 1390 2426 1585 2478; x_wconf 66' lang='lat' dir='ltr'>abjectum</span> <span class='ocrx_word' id='word_1_290' title='bbox 1624 2427 1790 2465; x_wconf 77' lang='lat' dir='ltr'>excitavi</span> <span class='ocrx_word' id='word_1_291' title='bbox 1814 2442 1827 2467; x_wconf 73' lang='lat' dir='ltr'>t</span> 
     </span>
     <span class='ocr_line' id='line_1_35' title="bbox 448 2487 1835 2547; baseline 0.004 -21"><span class='ocrx_word' id='word_1_292' title='bbox 448 2487 636 2527; x_wconf 88' lang='lat' dir='ltr'>Clodium</span> <span class='ocrx_word' id='word_1_293' title='bbox 656 2489 883 2543; x_wconf 75' lang='lat' dir='ltr'>pra-sentem</span> <span class='ocrx_word' id='word_1_294' title='bbox 915 2488 1014 2543; x_wconf 87' lang='lat' dir='ltr'>fregi</span> <span class='ocrx_word' id='word_1_295' title='bbox 1048 2490 1086 2528; x_wconf 92' lang='lat' dir='ltr'>in</span> <span class='ocrx_word' id='word_1_296' title='bbox 1121 2489 1267 2536; x_wconf 80' lang='lat' dir='ltr'>senatu,</span> <span class='ocrx_word' id='word_1_297' title='bbox 1298 2505 1390 2530; x_wconf 88' lang='lat' dir='ltr'>cum</span> <span class='ocrx_word' id='word_1_298' title='bbox 1422 2493 1595 2532; x_wconf 85' lang='lat' dir='ltr'>oratione</span> <span class='ocrx_word' id='word_1_299' title='bbox 1626 2502 1835 2547; x_wconf 59' lang='lat' dir='ltr'>perpetua„</span> 
     </span>
    </p>
   </div>
  </div>
 </body>
</html>
