2243 3008
574 258 682 296 AD
743 255 1186 319 ATTICUM'
1244 257 1385 296 LIB.
1436 258 1550 297 XVI.
1678 258 1759 311 465

365 357 441 394 tibi
463 357 619 410 probari
646 370 725 394 non
756 354 917 393 moleste
948 353 1058 399 fero5
1091 368 1111 391 a
1143 367 1223 407 quo
1254 355 1381 394 adhuc
1411 349 1621 406 Ἦρακλεέῶον
1651 357 1751 395 illud

364 435 444 460 non
465 422 619 460 abstuli.
661 422 782 474 Qod
802 435 865 459 me
886 420 1051 458 hortaris
1072 420 1118 458 ad
1140 420 1388 459 scribendum
1406 440 1416 465 ;
1448 422 1573 459 amice
1595 431 1636 460 tu
1658 424 1751 474 qui-

366 486 455 525 dem
475 503 483 525 :
517 487 579 525 sed
601 500 664 524 me
685 487 782 525 scito
803 500 913 539 agere
935 486 1036 524 nihil
1066 486 1187 524 aliud.
1235 486 1416 524 Gravedo
1445 495 1510 523 tua
1540 486 1638 525 mihi
1662 501 1751 526 mo-

365 552 457 590 lesta
476 552 553 591 est:
586 553 714 605 quaeso
735 552 892 598 adhibe,
924 566 1043 605 quam
1065 551 1177 597 soles,
1209 551 1472 604 diligentiam.
1505 552 1538 589 O
1560 552 1655 597 Tite,
1679 553 1753 591 tibi
1775 547 1779 551 ’

365 618 537 670 prodeffe
558 619 680 657 laetor.
714 619 916 671 Anagnini
937 619 1040 664 sunt,
1072 617 1244 656 Mustela
1263 614 1455 670 ταξιάξχης,
1477 625 1516 654 et
1537 618 1656 663 Laco,
1684 620 1754 671 qui

365 683 587 735 plurimum
608 684 725 722 bibit.
768 685 953 729 Librum,
985 698 1104 737 quem
1125 696 1251 735 rogas,
1283 682 1498 734 perpoliam
1520 691 1558 719 et
1579 683 1751 722 mittam.

366 748 467 786 Haec
487 749 533 786 ad
556 748 820 801 posteriorem.
866 745 919 783 Τᾶ.
938 748 1006 802 περὶ
1027 745 1069 783 τὲ
1085 743 1289 792 ›cassuin-5,
1321 755 1513 799 quatenus
1544 747 1754 793 Panaetius,

368 814 513 852 absolvi
535 815 689 853 duobus
709 830 718 853 :
751 815 860 853 illius
881 824 956 852 tres
979 814 1082 852 sunt.
1130 812 1202 851 Sed
1224 826 1316 850 cum
1338 813 1455 851 initio
1475 813 1656 852 divisisset
1686 814 1753 860 ita,

367 880 442 917 tria
469 894 610 932 genera
638 880 871 932 exquirendi
902 880 1024 918 officii
1051 879 1150 924 effe;
1183 892 1324 923 unum,
1356 892 1449 916 cum
1477 879 1753 925 deliberemus,

368 944 592 991 honestum,
623 959 671 984 an
705 955 818 999 turpe
843 946 920 991 s1t3
953 946 1135 989 alterum,
1167 944 1265 982 utile
1296 957 1343 982 an
1376 944 1544 990 inutile;
1578 945 1754 991 tertium,

368 1024 462 1048 cum
489 1010 572 1050 haec
601 1012 703 1050 inter
723 1012 758 1050 se
787 1025 961 1065 pugnare
991 1012 1210 1055 videantur,
1241 1023 1321 1063 quo
1351 1011 1470 1048 modo
1495 1011 1758 1063 judicandum

369 1075 442 1114 fit:
476 1077 602 1128 qualis
633 1077 743 1115 causa
774 1077 936 1129 Reguli,
967 1077 1091 1116 redire
1121 1075 1344 1120 honestum,
1377 1089 1532 1114 manere
1553 1076 1677 1115 utile:
1710 1076 1758 1114 de

369 1139 524 1179 duobus
545 1142 684 1194 primis
706 1142 886 1195 praeclare
906 1142 1106 1186 differuit;
1139 1141 1186 1178 de
1207 1140 1323 1178 tertio
1342 1140 1554 1193 pollicetur
1581 1141 1617 1179 se
1643 1140 1756 1179 dein-

370 1219 489 1259 ceps:
523 1207 586 1245 sed
619 1207 721 1245 nihil
751 1208 913 1261 scripsit.
962 1209 1067 1246 Eum
1101 1208 1235 1245 locum
1266 1206 1495 1245 Pofidonius
1516 1207 1755 1259 persecutus.

370 1272 460 1323 Ego
480 1282 610 1311 autem
631 1282 669 1311 et
697 1275 779 1326 ejus
802 1274 950 1312 librum
971 1273 1155 1319 arceffivi,
1186 1281 1225 1310 et
1249 1271 1297 1309 ad
1327 1271 1632 1311 Athenodorum
1662 1273 1757 1311 Cal-

369 1350 463 1376 vum
496 1337 641 1391 scripsi,
675 1349 717 1376 ut
751 1340 798 1377 ad
833 1353 896 1377 me
925 1335 970 1374 τέι
999 1334 1182 1384 κεφάλαια
1213 1338 1415 1383 mitteret;
1448 1352 1534 1391 quae
1566 1341 1755 1391 expecto:

369 1415 490 1454 quem
511 1403 632 1441 velim
653 1403 872 1449 cohortere,
903 1412 942 1441 et
971 1416 1098 1455 roges,
1129 1411 1173 1440 ut
1202 1404 1513 1455 quamprimum.
1559 1401 1606 1442 15
1634 1417 1682 1442 eo
1705 1402 1761 1442 est

369 1465 438 1517 orep)
466 1463 509 1504 τὲ
536 1464 630 1503 xxi-31.
658 1466 831 1518 περίςασιν
857 1462 1060 1513 καθήκοντας.
1105 1467 1225 1519 Qod
1246 1467 1294 1505 de
1313 1468 1568 1520 inscriptione
1589 1469 1728 1521 quaeris
1745 1487 1758 1514 ς

371 1544 451 1569 non
472 1531 614 1569 dubito
634 1532 733 1583 quin
752 1528 892 1577 καιῇἦκον
910 1530 1056 1582 qfficium
1077 1532 1136 1576 fit,
1167 1532 1238 1570 nifi
1262 1532 1361 1585 quid
1382 1542 1424 1570 tu
1445 1532 1579 1571 aliud:
1612 1533 1676 1571 sed
1696 1533 1761 1571 in-

371 1595 532 1648 scriptio
553 1595 721 1648 plenior,
751 1595 792 1634 de
811 1593 939 1645 qfficiis.
983 1590 1164 1644 Προσφωνῶ
1192 1605 1323 1634 autem
1343 1596 1530 1635 Ciceroni
1554 1596 1665 1636 filio:
1699 1599 1761 1636 vi-

373 1660 459 1698 sum
480 1661 533 1699 est
553 1674 632 1699 non
653 1659 814 1698 έινοικεῖεν.
858 1661 920 1698 De
942 1660 1127 1711 Myrtilo,
1159 1660 1347 1700 dilucide.
1381 1662 1418 1699 Ο
1440 1661 1572 1714 quales
1595 1672 1636 1701 tu
1658 1662 1760 1701 sem-

373 1740 442 1779 per
462 1726 552 1765 istos
572 1727 579 1764 !
613 1727 722 1765 Itane
741 1726 782 1763 in
805 1726 860 1764 D.
884 1727 1052 1764 Brutum
1073 1726 1086 1763 ?
1118 1726 1189 1764 Dii
1220 1726 1315 1765 istis.
1354 1727 1442 1779 Ego
1462 1741 1540 1772 me,
1572 1737 1616 1766 ut
1637 1727 1761 1782 scrip-

374 1793 511 1838 seram,
560 1793 602 1830 in
642 1792 930 1844 Pompeianum
969 1805 1047 1830 non
1087 1791 1237 1838 abdidi,
1281 1792 1411 1845 primo
1450 1794 1760 1846 tempestatibus,

374 1859 520 1911 quibus
552 1858 608 1896 nil
642 1858 807 1896 tetrius:
841 1857 981 1896 deinde
1011 1857 1059 1895 ab
1094 1858 1309 1896 octaviano
1339 1859 1516 1911 quotidie
1550 1859 1684 1903 literae.
1717 1870 1762 1898 ut

375 1924 580 1976 negotium
617 1924 866 1977 susciperem,
905 1925 1081 1976 Capuam
1113 1925 1303 1969 venirem,
1343 1925 1488 1963 iterum
1519 1925 1761 1978 Rempubli-

373 2003 460 2028 cam
482 1990 669 2028 servarem
686 2008 697 2034 ;
731 1991 902 2028 Romam
924 1990 1062 2042 utique
1083 1989 1226 2028 statim.

511 2047 664 2091 Α’ίὸεοθεν
690 2046 750 2102 μὲν
777 2049 962 2105 ἀνῇναιιθια,
994 2047 1104 2089 δεῖσαν
1130 2050 1178 2097 dl:
1206 2049 1402 2099 ὁποὸέχῖαι.

374 2121 412 2158 Is
433 2128 562 2158 tamen
583 2120 665 2172 egit
685 2120 772 2158 sane
791 2120 958 2166 strenue,
989 2129 1028 2159 et
1054 2120 1149 2173 agit.
1187 2121 1360 2159 Romam
1380 2120 1510 2160 veniet
1530 2135 1623 2160 cum
1643 2135 1764 2161 manu

375 2199 543 2238 magna:
577 2184 639 2223 sed
659 2185 712 2223 est
732 2186 846 2238 plane
865 2200 976 2239 puer.
1022 2187 1140 2225 Putat
1173 2187 1357 2224 Senatum
1384 2185 1528 2225 statim.
1572 2187 1673 2243 Qis
1695 2201 1763 2225 ve-

375 2252 457 2290 niet
475 2252 489 2289 ?
522 2251 561 2288 Si
581 2251 746 2296 venerit,
777 2252 866 2305 quis
889 2252 1049 2290 incertis
1071 2252 1185 2290 rebus
1206 2249 1379 2288 offendet
1400 2252 1624 2290 Antonium
1645 2253 1657 2289 ?
1681 2253 1763 2291 Ka-

375 2316 482 2355 lend.
505 2317 594 2368 Jan.
618 2318 691 2355 erit
712 2316 865 2356 fortasse
886 2317 1088 2370 praesidi0;
1121 2326 1186 2354 aut
1216 2316 1378 2369 quidem
1407 2326 1496 2355 ante
1516 2317 1762 2371 depugnabi-

376 2390 455 2420 tur.
490 2382 615 2420 Puero
636 2383 855 2436 municipia
875 2383 973 2422 mire
993 2382 1139 2421 favent.
1186 2383 1266 2420 Iter
1287 2382 1395 2420 enim
1422 2382 1569 2422 faciens
1590 2383 1631 2421 in
1653 2384 1765 2421 Sam-

378 2448 491 2486 nium
526 2448 633 2485 venit
665 2449 795 2494 Cales,
826 2449 967 2488 mansit
998 2448 1183 2488 Theani:
1215 2447 1384 2487 mirifica
1410 2445 1596 2490 ἀπάντησις
1626 2458 1663 2486 et
1695 2463 1765 2487 co-

376 2512 566 2553 hortatio.
614 2513 707 2551 Hoc
729 2523 771 2552 tu
793 2524 948 2568 putares
968 2516 981 2553 ?
1015 2515 1081 2553 Ob
1101 2513 1178 2553 hoc
1199 2527 1272 2566 ego
1291 2514 1410 2552 citius
1432 2513 1618 2560 Romam,
1650 2527 1769 2567 quam

464 2580 605 2617 ΤοΜ.
629 2579 746 2617 VIII.
1319 2580 1360 2618 N
1391 2592 1417 2617 n
1446 2592 1471 2616 n
