2243 3008
556 260 662 298 AD
723 259 1153 297 ATTICUM
1222 261 1362 299 LIB.
1415 264 1487 301 IX.

1638 278 1710 317 235

327 359 496 411 explicas
514 358 521 396 !
556 358 652 396 Non
672 358 743 395 effe
764 370 827 394 me
848 370 924 394 una
943 370 1035 394 cum
1060 358 1249 410 Pompeio
1270 360 1437 410 gaudes;
1463 375 1504 398 ac
1528 364 1713 415 proponis

326 437 445 475 quam
466 423 512 461 sit
532 432 645 475 turpe
666 436 729 460 me
749 421 885 467 adess‘e,
912 435 1004 460 cum
1025 422 1121 475 quid
1143 422 1189 460 dc
1212 423 1282 460 illo
1302 424 1539 471 detrahatur,
1564 441 1633 464 nec
1655 427 1711 464 fas

324 488 396 526 effe
415 489 643 541 approbare.
690 489 822 526 Certe.
870 489 1018 526 Contra
1043 488 1196 541 igitur?
1230 489 1315 533 Dii,
1347 489 1495 541 inquis,
1527 505 1710 530 averrun-

325 563 428 592 cent.
516 554 583 592 uid
603 567 696 606 ergo
717 553 798 597 fiet,
830 554 855 591 s1
886 554 927 591 in
947 554 1069 591 altero
1090 553 1212 591 scelus
1233 554 1301 598 est,
1333 555 1373 592 in
1406 555 1526 593 altero
1560 557 1710 609 suppli-

324 619 465 657 cium?
497 619 748 672 Impetrabis,
780 619 928 671 inquis,
959 632 979 656 a
1009 618 1170 663 Caesare,
1203 628 1247 657 ut
1276 619 1351 658 tibi
1372 620 1493 658 abesse
1514 621 1643 666 liceat,
1675 632 1711 659 et

323 685 395 723 effe
415 685 554 724 otioso.
591 685 902 738 Supplicandum
924 685 1046 737 igitur
1065 686 1078 721 ?
1110 684 1320 724 Miserum.
1354 686 1464 737 Qid
1486 687 1509 724 si
1533 701 1611 724 non
1633 688 1710 726 im-

324 760 476 803 petraro
495 753 507 788 ?
541 752 593 789 Et
615 751 661 788 de
684 749 888 803 triumpho
909 751 996 795 erit,
1029 751 1176 802 inquis,
1208 752 1423 804 integrum.
1458 753 1567 805 Qid
1589 754 1614 791 fi
1637 753 1712 791 hoc

324 817 407 870 Ipso
427 830 580 869 premar
599 819 611 854 ?
644 818 850 870 Accipiam
870 818 883 854 ?
916 816 1012 868 quid
1031 815 1176 854 foedius
1197 818 1209 854 ?
1243 817 1429 870 Negem?
1462 818 1655 871 repudiari
1678 821 1712 857 se

324 892 470 926 totum,
489 883 611 934 magis
633 883 750 920 etiam
771 895 887 934 quam
909 882 1006 920 olim
1027 882 1068 919 in
1089 883 1292 920 xx-viratu
1316 883 1484 935 putabit.
1519 885 1577 922 Ac
1600 884 1709 929 solet,

324 960 417 985 cum
439 947 474 985 se
494 957 650 999 purgat,
669 947 708 984 in
731 960 792 985 me
813 945 990 985 conferre
1011 960 1171 985 omnem
1193 947 1355 985 illorum
1377 958 1600 1001 temporum
1622 950 1710 986 cul-

324 1025 413 1064 pam
434 1028 442 1050 :
475 1014 529 1051 ita
549 1027 612 1050 me
633 1013 703 1050 fibi
723 1012 835 1051 fuiffe
855 1014 1082 1058 inimicum,
1110 1023 1152 1051 ut
1174 1027 1222 1051 ne
1243 1012 1434 1052 honorem
1454 1015 1614 1066 quidem
1636 1029 1655 1052 a
1676 1016 1711 1053 se

322 1078 498 1130 accipere
527 1078 685 1116 vellem.
732 1080 894 1130 Qanto
926 1092 1032 1116 nunc
1064 1078 1141 1117 hoc
1173 1079 1278 1117 idem
1310 1080 1477 1132 accipiet
1509 1080 1710 1132 asperius?

321 1152 432 1181 tanto
453 1143 618 1188 scilicet,
648 1153 796 1195 quanto
815 1153 855 1181 et
873 1143 1001 1182 honor
1021 1143 1088 1181 hic
1109 1145 1181 1182 illo
1201 1144 1254 1182 est
1274 1146 1456 1198 amplior,
1487 1155 1526 1184 et
1548 1146 1626 1199 ipse
1648 1161 1711 1184 ro-

321 1208 484 1247 bustior.
531 1209 639 1247 Nam
668 1209 776 1262 quod
806 1222 922 1261 negas
944 1219 981 1247 te
1002 1209 1196 1255 dubitare,
1228 1211 1324 1262 quin
1346 1225 1486 1264 magna
1507 1213 1547 1250 in
1569 1212 1712 1250 offensa

321 1275 392 1314 sun
412 1274 516 1328 apud
537 1275 774 1328 Pompeium
800 1275 876 1314 hoc
898 1285 1089 1329 tempore,
1122 1290 1201 1315 non
1223 1277 1336 1316 video
1356 1278 1525 1323 causam,
1557 1293 1627 1317 cur
1658 1280 1712 1317 ita

320 1341 381 1387 sit,
412 1340 490 1379 hoc
510 1341 674 1394 quidem
697 1352 887 1396 tempore.
935 1343 1017 1394 Qi
1047 1343 1156 1381 enim
1185 1343 1320 1381 amisso
1341 1344 1520 1383 Corfinio
1544 1344 1712 1397 denique

321 1407 529 1446 certiorem
560 1421 624 1446 me
655 1407 713 1447 sui
745 1409 898 1447 consilii
929 1408 1040 1454 fecit,
1072 1409 1104 1447 is
1137 1418 1321 1461 queretur
1351 1410 1615 1449 Brundufium
1650 1424 1712 1449 me

321 1486 402 1511 non
422 1472 578 1518 veniffe,
601 1487 694 1513 cum
715 1475 818 1513 inter
837 1488 901 1513 me
921 1484 959 1513 et
981 1475 1246 1514 Brundufiurn
1266 1475 1392 1514 Caesar
1410 1476 1527 1514 effet?
1557 1476 1710 1522 deinde,

321 1539 441 1577 etiam
462 1538 534 1576 scit
554 1539 661 1578 suam
681 1539 753 1578 effe
774 1541 815 1578 in
835 1554 879 1578 ea
898 1541 1009 1578 causa
1024 1541 1224 1592 querelam
1243 1539 1477 1591 ἀπαρῥνισ-ίαιςον
1489 1558 1498 1584 5
1517 1555 1582 1580 me
1601 1553 1713 1595 putat

321 1603 370 1641 de
390 1603 704 1655 municipiorum
726 1605 1014 1650 imbecillitate,
1046 1605 1092 1643 de
1112 1605 1343 1650 ddeffibus,
1375 1605 1422 1643 de
1442 1619 1550 1658 pace,
1577 1607 1623 1646 de
1646 1622 1712 1646 ur-

322 1669 386 1715 be,
416 1669 464 1706 de
492 1670 673 1721 pecunia,
704 1670 753 1709 de
777 1671 924 1709 Piceno
943 1671 1189 1724 occupando,
1221 1671 1310 1724 plus
1331 1671 1478 1717 vidiffe,
1509 1687 1629 1724 quam
1658 1674 1709 1712 se.

322 1735 390 1774 Sin
411 1749 504 1774 cum
524 1746 705 1789 potuero,
736 1751 815 1776 non
845 1751 1001 1783 venero,
1033 1747 1121 1776 tum
1148 1738 1222 1776 erit
1254 1738 1470 1777 inimicus:
1502 1739 1609 1792 quod
1639 1754 1713 1794 ego

321 1814 401 1840 non
422 1814 468 1839 eo
487 1815 635 1848 vereor,
667 1816 714 1841 ne
735 1803 837 1841 mihi
858 1813 996 1842 noceat
1014 1818 1023 1842 z
1059 1803 1173 1856 (quid
1194 1804 1302 1842 enim
1322 1803 1440 1843 faciet
1458 1806 1471 1842 ?

458 1863 515 1906 Τίς
533 1860 564 1903 ὃ
576 1862 617 1905 ἐ’-τι
636 1861 746 1910 Sinos,
776 1858 810 1903 {f
818 1865 928 1904 θανεῖν
947 1867 1093 1917 ἀφροντις
1114 1865 1153 1903 ὦν
1165 1868 1191 1918 3)

321 1931 386 1971 sed
405 1931 498 1985 quia
517 1931 663 1984 ingrati
682 1932 804 1970 animi
834 1932 984 1971 crimen
1015 1931 1169 1971 horreo.
1217 1933 1387 1972 Confido
1417 1935 1538 1987 igitur
1568 1936 1711 1976 adven·-

322 2006 411 2037 tum
431 1996 607 2037 nostrum
628 1997 704 2044 illi,
736 2011 899 2051 quoquo
919 2008 1097 2051 tempore
1116 1998 1252 2044 fuerit,
1283 2009 1328 2038 ut
1358 2000 1510 2046 scribis,
1540 2000 1715 2050 ἀσμένιςον

319 2062 420 2103 fore.
465 2063 575 2103 Nam
607 2064 715 2117 quod
749 2064 818 2110 ais,
850 2064 878 2103 fi
911 2063 978 2103 hic
1015 2067 1296 2118 temperantius
1326 2068 1464 2119 egerit,
1496 2068 1711 2106 confidera-

321 2129 401 2168 tius
422 2128 632 2168 confilium
653 2139 691 2168 te
711 2129 894 2169 daturum
913 2150 924 2175 ;
956 2131 1026 2183 qui
1056 2129 1122 2169 hic
1152 2132 1277 2184 potest
1307 2133 1342 2170 se
1371 2146 1501 2184 gerere
1523 2147 1600 2171 non
1622 2147 1710 2185 per—

321 2194 435 2234 dite?
466 2195 560 2240 vita,
591 2209 736 2241 mores,
758 2206 847 2234 ante
867 2195 980 2242 fac‘ta,
1012 2197 1112 2236 ratio
1132 2197 1297 2250 suscepti
1319 2199 1482 2249 negotii,
1515 2198 1623 2244 socii,
1651 2199 1710 2237 vi-

322 2273 381 2298 res
402 2260 614 2306 bonorum,
644 2271 711 2300 aut
731 2262 849 2301 etiam
870 2262 1099 2302 constantia.
1143 2264 1223 2301 Vix
1253 2263 1350 2301 dum
1379 2263 1582 2314 epistolam
1605 2275 1714 2303 tuam

323 2324 506 2376 legeram,
523 2340 616 2365 cum
637 2327 683 2365 ad
703 2341 767 2365 me
788 2341 947 2366 currens
968 2327 1014 2365 ad
1036 2328 1151 2366 illum
1175 2327 1381 2366 Postumus
1405 2329 1567 2367 Curtius
1589 2332 1710 2376 venit,

324 2389 428 2427 nihil
458 2390 528 2428 nifi
559 2392 689 2430 classes
724 2393 890 2446 loquens
922 2403 960 2431 et
995 2395 1216 2432 exercitus:
1249 2394 1438 2446 eripiebat
1473 2395 1709 2447 Hispanias:

326 2453 484 2492 tenebat
517 2455 664 2500 Afiam,
696 2457 885 2503 Siciliam,
918 2457 1112 2503 Africam,
1146 2459 1397 2511 ·Sardiniam:
1431 2459 1637 2497 confestim
1672 2460 1713 2497 in

329 2519 524 2559 Graeciam
544 2520 858 2573 persequebatur.
893 2523 1083 2562 Eundum
1104 2524 1226 2577 igitur
1246 2524 1313 2568 est,
1347 2538 1416 2561 nec
1439 2533 1518 2564 tam
1539 2534 1582 2563 ut
1605 2525 1712 2570 belli,

1263 2590 1302 2626 G
1333 2602 1358 2641 g
1390 2601 1410 2628 2
