2243 3008
548 227 626 269 374
891 212 1577 253 EP1ST0LARUM

881 449 1122 487 cxcmo
1163 448 1418 487 ATT1co
1459 450 1589 489 SAL.

546 578 684 617 XXII.
710 577 836 649 DE
868 576 1042 614 Varrone
1071 589 1150 613 non
1181 575 1258 613 fine
1289 575 1400 613 causa
1430 576 1527 628 quid
1559 576 1633 614 tibi
1654 577 1816 630 placeat,
1848 587 1928 617 tam

809 642 1019 693 diligenter
1038 641 1217 693 exquiro.
1260 641 1488 678 Occurrunt
1509 640 1611 679 mihi
1629 643 1806 694 quaedam
1825 659 1834 682 :
1867 643 1931 682 sed

547 723 591 747 ea
609 722 754 747 coram.
786 709 847 745 Te
866 715 997 744 autem
1016 697 1222 752 deflerem&
1242 705 1410 750 intexui,
1432 705 1653 759 faciamque
1673 707 1713 744 id
1732 708 1926 747 crebrius:

547 773 738 827 proximis
759 772 866 809 enirn
894 771 971 809 tuis
1002 770 1125 808 literis
1156 771 1332 822 primum
1363 779 1401 808 te
1430 770 1470 808 id
1500 784 1579 808 non
1608 771 1715 809 nolle
1745 774 1929 824 cognovi.

548 840 611 877 De
642 836 851 881 Marcello,
883 835 1080 888 scripserat
1114 835 1161 873 ad
1194 848 1259 873 me
1293 835 1441 873 Caffius
1475 845 1612 874 antea:
1644 831 1688 870 τὰ
1713 833 1809 871 κατὰ
1839 833 1931 884 μέρος

549 903 717 941 Servius.
751 902 788 939 O
809 914 891 939 rem
912 901 1088 938 acerbam
1106 899 1114 937 !
1146 899 1192 937 ad
1214 900 1340 952 prima
1360 899 1488 939 redeo.
1521 901 1673 953 Scripta
1693 898 1818 937 nostra
1838 901 1930 939 nus-

549 981 669 1020 quam
690 967 795 1005 malo
815 965 901 1011 effe,
932 979 1051 1018 quarn
1081 965 1185 1018 apud
1215 974 1280 1004 te:
1313 965 1376 1003 sed
1404 979 1448 1003 ea
1479 975 1565 1004 tum
1589 965 1691 1004 foras
1712 963 1809 1009 dari,
1840 979 1935 1005 cum

547 1033 707 1086 utrique
726 1031 901 1070 nostrum
920 1031 1132 1069 videbitur.
1178 1032 1267 1083 Ego
1287 1040 1326 1069 et
1347 1031 1525 1070 librarios
1547 1041 1634 1070 tuos
1656 1031 1772 1081 culpa
1791 1031 1932 1077 libero,

549 1111 676 1151 neque
703 1107 741 1135 te
767 1096 904 1135 accuso
919 1115 932 1141 3
963 1105 1002 1134 et
1033 1105 1163 1134 tamen
1194 1095 1300 1134 aliud
1331 1096 1519 1148 quiddam
1548 1097 1594 1135 ad
1624 1106 1662 1134 te
1693 1096 1932 1150 scripseram,

549 1163 770 1202 Caerelliam
791 1161 967 1214 quaedam
988 1160 1144 1206 habere,
1175 1174 1260 1213 quae
1288 1161 1358 1199 nisi
1385 1174 1406 1199 a
1433 1171 1471 1200 te
1491 1175 1569 1200 non
1590 1163 1778 1214 potuerit.
1811 1162 1935 1200 Balbo

547 1229 711 1283 quidem
740 1228 1013 1280 intelligebam
1042 1227 1096 1266 sat
1125 1226 1350 1266 faciendum
1381 1226 1520 1266 fuifl‘e:
1553 1237 1707 1266 tantum
1735 1228 1932 1273 nolebam,

549 1305 615 1334 aut
648 1295 870 1334 obsoletum
904 1295 1043 1338 Bruto,
1073 1302 1140 1331 aut
1175 1293 1298 1331 Balbo
1331 1292 1579 1338 inchoatum,
1609 1293 1705 1332 dari.
1750 1294 1931 1339 Varroni,

548 1361 663 1400 simul
683 1374 726 1399 ac
749 1370 785 1398 te
805 1360 952 1403 videro,
984 1359 1010 1396 si
1033 1358 1106 1396 tibi
1127 1358 1338 1403 videbitur,
1368 1358 1541 1397 mittam.
1574 1359 1684 1411 Qid
1705 1369 1834 1397 autem
1857 1359 1932 1397 du-

548 1427 723 1472 bitarim,
749 1439 842 1464 cuin
862 1425 995 1464 videro
1016 1433 1067 1469 te,
1101 1424 1208 1462 scies.
1241 1424 1468 1462 Attributos
1489 1425 1597 1476 quod
1617 1425 1802 1476 appellas,
1825 1425 1935 1463 valde

548 1493 684 1546 probe.
730 1493 791 1529 Te
817 1490 864 1528 de
893 1489 1039 1543 praedio
1069 1490 1161 1527 aviae
1192 1489 1363 1526 exerceri
1393 1488 1552 1526 moleste
1571 1487 1669 1526 fero.
1716 1490 1778 1527 De
1811 1490 1934 1528 Bruto

549 1558 678 1596 nostro
712 1555 989 1609 perodiosum:
1022 1553 1085 1592 sed
1115 1555 1194 1592 vita
1223 1552 1313 1592 fert.
1360 1553 1553 1591 Mulieres
1585 1563 1717 1592 autem
1748 1555 1814 1593 vix
1846 1554 1936 1594 satis

546 1623 734 1667 humane,
766 1635 852 1674 quae
872 1620 1038 1659 inimico
1059 1619 1191 1658 animo
1210 1618 1352 1665 ferant,
1383 1633 1476 1658 cum
1508 1630 1673 1672 utraque
1704 1620 1837 1658 officio
1866 1634 1935 1673 pa-

549 1699 642 1727 reat.
686 1687 872 1726 Tullium
901 1686 1067 1725 scribam
1098 1685 1200 1724 nihil
1230 1684 1309 1723 fuit
1339 1685 1444 1738 quod
1465 1685 1706 1739 appellare33
1739 1700 1829 1725 nam
1860 1687 1935 1725 tibi

549 1753 799 1799 mandassem,
831 1753 857 1791 si
884 1751 1042 1791 fuiffet:
1078 1750 1180 1790 nihil
1209 1752 1316 1789 enim
1349 1751 1402 1790 est
1430 1751 1533 1804 apud
1557 1765 1648 1789 eum
1669 1752 1839 1804 positum
1861 1765 1935 1790 no-

547 1821 655 1859 mine
676 1820 757 1857 voti
776 1834 784 1857 :
810 1818 870 1857 sed
892 1818 945 1856 est
965 1817 1152 1870 quiddam
1174 1817 1276 1870 apud
1298 1817 1414 1855 illum
1435 1830 1569 1855 meum
1587 1832 1595 1855 ε
1618 1817 1659 1855 id
1679 1831 1752 1870 ego
1772 1818 1812 1855 in
1835 1817 1936 1857 hanc

549 1900 630 1924 rem
653 1885 765 1923 statui
786 1883 978 1923 conferre.
1026 1885 1164 1936 ltaque
1184 1893 1222 1922 et
1242 1897 1316 1936 ego
1336 1885 1436 1921 reete
1458 1883 1533 1921 tibi
1553 1883 1636 1922 dixi
1657 1883 1727 1921 ubi
1747 1883 1837 1921 effet
1854 1903 1864 1928 ;
1897 1894 1937 1922 et

547 1952 623 1990 tibi
644 1951 712 1988 ille
733 1951 832 1988 recte
854 1950 1023 2001 negavit.
1053 1949 1125 1986 Sed
1145 1948 1222 1987 hoc
1243 1962 1402 2001 quoque
1423 1948 1550 2001 ipsum
1572 1950 1763 1987 continuo
1783 1950 1935 1987 adoria-

547 2030 652 2055 mur.
698 2015 857 2054 Lucum
887 2013 1119 2053 hominibus
1142 2027 1219 2051 non
1242 2013 1328 2051 sane
1349 2014 1488 2066 probo,
1519 2014 1625 2066 quod
1647 2014 1699 2052 est
1719 2014 1932 2055 desertior:

548 2082 611 2120 sed
633 2080 750 2119 habet
771 2076 935 2125 εὐλογίαν.
979 2079 1126 2116 Verum
1158 2078 1233 2117 hoc
1264 2092 1436 2130 quoque,
1470 2089 1512 2117 ut
1533 2079 1756 2125 censueris;
1788 2081 1936 2133 quippe

548 2147 619 2199 qui
648 2146 795 2184 onmia.
843 2145 945 2196 Ego,
978 2154 1020 2182 ut
1050 2144 1251 2189 constitui,
1283 2144 1424 2189 adero;
1457 2154 1574 2197 atque
1595 2145 1746 2184 utinam
1769 2155 1810 2184 tu
1832 2159 1934 2197 quo-

548 2226 624 2265 que
644 2210 782 2250 codem
802 2209 864 2248 die
883 2225 892 2248 z
925 2210 980 2248 lin
1009 2209 1122 2262 quid,
1157 2210 1302 2262 (multa
1324 2210 1450 2259 enim)
1475 2210 1610 2262 utique
1633 2210 1814 2262 postridie
1833 2226 1841 2249 :
1873 2221 1935 2249 et-

547 2278 652 2315 enim
676 2275 913 2321 coheredes;
945 2289 965 2313 a
994 2276 1084 2328 quis
1115 2275 1192 2314 fine
1222 2285 1259 2314 te
1290 2275 1463 2328 opprimi
1495 2275 1643 2313 malitia
1672 2275 1739 2314 est.
1786 2276 1934 2315 Alteris

542 2345 624 2396 jam
648 2342 769 2380 literis
793 2340 892 2379 nihil
914 2341 960 2379 ad
983 2355 1045 2380 me
1066 2342 1112 2380 de
1134 2341 1293 2387 Attica;
1318 2340 1378 2379 sed
1401 2340 1439 2378 id
1461 2341 1621 2394 quidem
1645 2341 1683 2379 in
1706 2343 1856 2394 optima
1873 2342 1935 2395 spe

548 2423 681 2464 pono:
715 2407 814 2446 illud
845 2407 997 2453 accuso,
1030 2421 1108 2447 non
1145 2417 1195 2455 te,
1228 2406 1290 2446 scd
1323 2407 1448 2453 illam,
1481 2421 1527 2446 nc
1561 2406 1722 2446 salutem
1756 2407 1933 2462 quidem.
