2243 3008
622 294 727 331 AD
787 286 1216 330 ATTICUM
1284 291 1425 328 LIB.
1480 292 1510 328 I.
1712 306 1757 344 17

379 392 616 446 perditarum
639 404 767 428 rerum
798 399 914 442 atque
943 389 1128 442 partium.
1177 388 1248 426 Sed
1280 388 1399 426 habet
1432 389 1487 426 sui
1520 389 1685 427 fimilem
1719 389 1759 427 in

377 457 678 510 magistratibus,
710 465 847 509 praeter
868 455 1044 500 Fufium,
1076 455 1289 493 neminem.
1343 455 1460 492 Bonis
1492 455 1642 493 utimur
1662 455 1759 492 Tri-

379 523 494 560 bunis
531 522 670 573 plebis,
718 522 897 559 Cornuto
931 534 1020 558 vero
1055 520 1389 572 pseudo-Catone.
1442 519 1552 570 Qid
1586 519 1758 571 quaeris?

378 588 500 626 Nunc
522 596 565 624 ut
586 586 631 624 ad
651 587 800 639 privata
820 585 986 630 redeam,
1009 582 1150 629 'refixess
1169 584 1351 636 promiffa
1370 584 1557 636 patravit:
1582 593 1624 620 tu
1647 596 1759 620 man-

377 652 464 690 data
483 651 607 696 effice,
638 665 724 703 quae
745 650 935 703 recepisti.
972 650 1150 701 Qintus
1172 649 1303 694 frater,
1334 650 1404 701 qui
1425 648 1645 700 Argiletani
1665 647 1760 685 aedi-

378 717 458 755 ficii
492 716 690 768 reliquum
725 716 955 753 dodrantem
989 715 1085 752 emit
1120 715 1213 752 H-S
1251 727 1447 758 Dccxxv,
1489 713 1761 751 Tusculanum

376 781 564 826 venditat,
588 791 646 827 ut,
668 781 694 819 fi
716 780 843 834 poflit‚
866 789 969 818 emat
991 780 1228 818 Pacilianam
1249 779 1428 817 domurn.
1461 779 1568 816 Cum
1590 778 1763 816 Lucceio

378 848 419 886 in
439 848 603 899 gratiam
624 846 704 885 redi
723 862 731 885 :
755 846 868 884 video
889 845 1092 884 hominem
1115 845 1224 882 valde
1244 845 1472 896 petiturire:
1497 843 1644 881 navabo
1665 856 1760 894 ope-

381 926 476 950 ram.
521 914 589 950 Tu
616 911 713 964 quid
739 911 942 964 agas‚‘ubi
970 912 1031 955 fis,
1063 910 1283 962 cujusmodi
1315 909 1392 948 istae
1414 923 1471 948 res
1493 909 1580 953 sint,
1612 907 1672 946 fac
1700 920 1763 945 me

381 990 501 1030 quam
521 976 814 1029 diligentissime
835 976 1055 1015 certiorem.
1103 975 1239 1013 Idibus
1262 975 1377 1013 Febr.

719 1179 961 1216 C1CERO
1003 1178 1257 1215 ATTlco
1299 1177 1428 1214 SAL.

381 1309 475 1348 XV,
500 1304 752 1380 ASIAM
784 1306 953 1357 Qinto,
985 1303 1202 1342 suaviffimo
1231 1303 1356 1350 fratri,
1387 1302 1568 1355 obtigiss‘e
1598 1303 1762 1341 audisti:

610 1384 689 1408 non
723 1370 831 1408 enim
865 1369 1020 1413 dubito,
1060 1368 1158 1420 quin
1191 1368 1356 1407 celerius
1391 1368 1466 1407 tibi
1504 1366 1581 1405 hoc
1616 1381 1763 1411 rumor,

382 1452 502 1494 quam
523 1437 644 1476 ullius
665 1435 840 1474 nostrum
861 1435 982 1472 literae
1003 1435 1236 1472 nuntiarint.
1270 1435 1392 1472 Nunc
1413 1433 1601 1486 quoniam
1621 1443 1660 1471 et
1680 1433 1766 1471 lau-

382 1505 442 1543 dis
471 1502 677 1541 avidiffimi
707 1502 856 1554 semper
885 1499 1051 1544 fuimus,
1082 1509 1120 1538 et
1151 1508 1287 1552 praeter
1320 1510 1477 1538 caeteros
1512 1495 1696 1542 Φιλέλληνες
1728 1508 1767 1537 et

383 1571 516 1608 sumus
537 1578 575 1606 et
595 1567 799 1610 habemur,
831 1575 869 1604 et
899 1565 1118 1604 multorum
1146 1565 1236 1603 odia
1264 1574 1382 1617 atque
1411 1563 1640 1603 inimicitias
1669 1565 1766 1602 Rei-

384 1635 553 1688 publicae
580 1632 690 1671 causa
720 1632 956 1684 suscepimus
974 1650 985 1675 ;
1017 1628 1152 1671 πανπίης
1172 1626 1284 1679 «perir
1301 1628 1489 1678 μιμνήσκεο,
1518 1641 1685 1680 curaque
1705 1629 1767 1667 ef-

384 1700 472 1745 fice,
504 1708 548 1737 ut
577 1698 624 1736 ab
654 1696 839 1739 omnibus
868 1705 907 1734 et
935 1695 1140 1733 laudemur
1168 1702 1208 1730 et
1235 1706 1424 1731 amemur.
1468 1693 1545 1731 His
1577 1693 1623 1730 de
1654 1695 1767 1732 rebus

383 1765 496 1817 plura
515 1763 562 1801 ad
583 1772 621 1800 te
641 1763 681 1800 in
702 1775 745 1800 ea
764 1761 926 1813 epistola
945 1760 1125 1803 scribam,
1147 1771 1265 1809 quam
1286 1758 1355 1810 ipfi
1378 1757 1532 1808 Qinto
1551 1757 1667 1796 dabo.
1700 1761 1768 1797 Tu

383 1844 462 1876 me,
493 1829 629 1874 velim,
660 1827 866 1866 certiorem
896 1825 1028 1870 facias,
1060 1823 1157 1877 quid
1189 1823 1235 1861 de
1263 1823 1361 1861 meis
1391 1823 1583 1860 mandatis
1613 1825 1766 1875 egeris;

383 1904 500 1948 atque
519 1895 653 1939 etiam,
675 1892 772 1946 quid
793 1892 840 1930 de
861 1900 930 1929 tuo
951 1891 1132 1943 negotio:
1157 1901 1246 1926 nam
1269 1897 1312 1926 ut
1333 1886 1550 1926 Brundufio
1570 1887 1767 1940 profectus

384 1974 440 2006 es,
471 1961 590 1998 nullae
610 1958 712 1998 mihi
741 1958 808 1996 abs
841 1967 879 1995 te
908 1957 998 1996 sunt
1029 1955 1187 1994 redditae
1218 1955 1354 1993 literae.
1399 1953 1525 1992 Valde
1553 1967 1644 1992 aveo
1674 1953 1769 1992 scire

385 2026 482 2080 quid
503 2040 604 2079 agas.
652 2024 755 2065 Idib.
779 2025 902 2063 Mart.

724 2225 966 2264 CICERO
1006 2225 1261 2262 ATTICO
1303 2221 1431 2257 SAL.

391 2353 503 2391 XVI.
614 2352 839 2391 UAERIS
870 2366 918 2391 ex
948 2366 1026 2398 me,
1057 2351 1154 2403 quid
1179 2348 1363 2387 acciderit
1393 2347 1440 2385 de
1464 2346 1632 2399 judicio,
1664 2347 1769 2400 quod

626 2426 706 2455 tam
724 2427 863 2470 praeter
882 2419 1111 2471 opinionem
1131 2415 1313 2454 omnium
1335 2413 1482 2450 saecum
1504 2412 1575 2458 fit;
1598 2422 1636 2450 et
1657 2412 1769 2450 fimul

393 2483 452 2521 vis
474 2481 582 2526 scire,
609 2494 689 2532 quo
709 2482 827 2521 modo
848 2497 921 2536 ego
940 2483 1088 2527 minus,
1119 2493 1237 2533 quam
1259 2479 1416 2522 soleam,
1447 2477 1647 2529 proeliatus
1671 2477 1737 2514 sun
1758 2491 1766 2513 :

391 2545 631 2601 respondebo
664 2545 739 2583 tibi
768 2543 864 2600 ὔςεςον
895 2547 1044 2600 πρότερον,
1071 2540 1256 2597 Ὁμηρικῶς.
1306 2545 1394 2595 Ego
1426 2544 1548 2587 enim,
1584 2541 1770 2593 quamdiu

472 2615 609 2651 Tom.
643 2611 759 2655 vul.
1437 2609 1470 2644 C
