<?xml version="1.0" encoding="UTF-8"?>
<!DOCTYPE html PUBLIC "-//W3C//DTD XHTML 1.0 Transitional//EN"
    "http://www.w3.org/TR/xhtml1/DTD/xhtml1-transitional.dtd">
<html xmlns="http://www.w3.org/1999/xhtml" xml:lang="en" lang="en">
 <head>
  <title>
</title>
<meta http-equiv="Content-Type" content="text/html;charset=utf-8" />
  <meta name='ocr-system' content='tesseract 3.04.00' />
  <meta name='ocr-capabilities' content='ocr_page ocr_carea ocr_par ocr_line ocrx_word'/>
</head>
<body>
  <div class='ocr_page' id='page_1' title='image "./operacumindicibu08ciceuoft_0450.png"; bbox 0 0 2243 3008; ppageno 0'>
   <div class='ocr_carea' id='block_1_1' title="bbox 438 257 1481 317">
    <p class='ocr_par' dir='ltr' id='par_1_1' title="bbox 438 257 1481 317">
     <span class='ocr_line' id='line_1_1' title="bbox 438 257 1481 317; baseline -0.008 -12"><span class='ocrx_word' id='word_1_1' title='bbox 438 276 520 317; x_wconf 83' lang='lat'>442</span> <span class='ocrx_word' id='word_1_2' title='bbox 788 257 1481 300; x_wconf 89' lang='lat' dir='ltr'>EPISTOLARUM</span> 
     </span>
    </p>
   </div>
   <div class='ocr_carea' id='block_1_2' title="bbox 440 356 1834 478">
    <p class='ocr_par' dir='ltr' id='par_1_2' title="bbox 440 356 1834 478">
     <span class='ocr_line' id='line_1_2' title="bbox 441 356 1834 412; baseline -0.003 -14"><span class='ocrx_word' id='word_1_3' title='bbox 441 361 544 398; x_wconf 88' lang='lat' dir='ltr'>Tiro</span> <span class='ocrx_word' id='word_1_4' title='bbox 563 358 611 398; x_wconf 89' lang='lat' dir='ltr'>ad</span> <span class='ocrx_word' id='word_1_5' title='bbox 631 373 709 404; x_wconf 89' lang='lat' dir='ltr'>me,</span> <span class='ocrx_word' id='word_1_6' title='bbox 740 359 875 412; x_wconf 87' lang='lat' dir='ltr'>cogito</span> <span class='ocrx_word' id='word_1_7' title='bbox 895 358 936 396; x_wconf 90' lang='lat' dir='ltr'>in</span> <span class='ocrx_word' id='word_1_8' title='bbox 958 357 1248 396; x_wconf 90' lang='lat' dir='ltr'>Tusculanum.</span> <span class='ocrx_word' id='word_1_9' title='bbox 1290 356 1360 395; x_wconf 90' lang='lat' dir='ltr'>Tu</span> <span class='ocrx_word' id='word_1_10' title='bbox 1379 369 1486 402; x_wconf 89' lang='lat' dir='ltr'>vero,</span> <span class='ocrx_word' id='word_1_11' title='bbox 1515 356 1714 412; x_wconf 88' lang='lat' dir='ltr'>quidquid</span> <span class='ocrx_word' id='word_1_12' title='bbox 1742 356 1834 402; x_wconf 85' lang='lat' dir='ltr'>erit,</span> 
     </span>
     <span class='ocr_line' id='line_1_3' title="bbox 440 423 1094 478; baseline -0.005 -15"><span class='ocrx_word' id='word_1_13' title='bbox 440 423 548 477; x_wconf 90' lang='lat' dir='ltr'>quod</span> <span class='ocrx_word' id='word_1_14' title='bbox 569 437 633 463; x_wconf 91' lang='lat' dir='ltr'>me</span> <span class='ocrx_word' id='word_1_15' title='bbox 653 424 749 463; x_wconf 87' lang='lat' dir='ltr'>scire</span> <span class='ocrx_word' id='word_1_16' title='bbox 768 437 837 478; x_wconf 87' lang='lat' dir='ltr'>par</span> <span class='ocrx_word' id='word_1_17' title='bbox 857 423 917 469; x_wconf 86' lang='lat' dir='ltr'>fit,</span> <span class='ocrx_word' id='word_1_18' title='bbox 948 423 1094 461; x_wconf 87' lang='lat' dir='ltr'>statim.</span> 
     </span>
    </p>
   </div>
   <div class='ocr_carea' id='block_1_3' title="bbox 784 620 1497 662">
    <p class='ocr_par' dir='ltr' id='par_1_3' title="bbox 784 620 1497 662">
     <span class='ocr_line' id='line_1_4' title="bbox 784 620 1497 662; baseline -0.003 0"><span class='ocrx_word' id='word_1_19' title='bbox 784 623 1027 662; x_wconf 79' lang='lat' dir='ltr'>CICERO</span> <span class='ocrx_word' id='word_1_20' title='bbox 1067 622 1323 659; x_wconf 71' lang='lat' dir='ltr'>A‘r‘rtco</span> <span class='ocrx_word' id='word_1_21' title='bbox 1365 620 1497 660; x_wconf 79' lang='lat' dir='ltr'>SAL.</span> 
     </span>
    </p>
   </div>
   <div class='ocr_carea' id='block_1_4' title="bbox 440 747 1839 1721">
    <p class='ocr_par' dir='ltr' id='par_1_4' title="bbox 442 747 1837 823">
     <span class='ocr_line' id='line_1_5' title="bbox 442 747 1837 823; baseline -0.002 -32"><span class='ocrx_word' id='word_1_22' title='bbox 442 751 602 792; x_wconf 92' lang='lat' dir='ltr'>XVIII.</span> <span class='ocrx_word' id='word_1_23' title='bbox 629 752 722 823; x_wconf 82' lang='lat' dir='ltr'>SE</span> <span class='ocrx_word' id='word_1_24' title='bbox 737 750 953 788; x_wconf 92' lang='lat' dir='ltr'>PTIMO</span> <span class='ocrx_word' id='word_1_25' title='bbox 985 747 1141 788; x_wconf 88' lang='lat' dir='ltr'>decimo</span> <span class='ocrx_word' id='word_1_26' title='bbox 1162 749 1253 788; x_wconf 90' lang='lat' dir='ltr'>Kal.</span> <span class='ocrx_word' id='word_1_27' title='bbox 1275 748 1344 787; x_wconf 89' lang='lat' dir='ltr'>etfi</span> <span class='ocrx_word' id='word_1_28' title='bbox 1365 747 1453 786; x_wconf 84' lang='lat' dir='ltr'>satis</span> <span class='ocrx_word' id='word_1_29' title='bbox 1474 747 1634 786; x_wconf 88' lang='lat' dir='ltr'>videbar</span> <span class='ocrx_word' id='word_1_30' title='bbox 1653 747 1837 801; x_wconf 85' lang='lat' dir='ltr'>scripfiffe</span> 
     </span>
    </p>

    <p class='ocr_par' dir='ltr' id='par_1_5' title="bbox 440 812 1839 1721">
     <span class='ocr_line' id='line_1_6' title="bbox 707 812 1834 867; baseline -0.002 -14"><span class='ocrx_word' id='word_1_31' title='bbox 707 814 754 853; x_wconf 89' lang='lat' dir='ltr'>ad</span> <span class='ocrx_word' id='word_1_32' title='bbox 775 824 827 860; x_wconf 92' lang='lat' dir='ltr'>te,</span> <span class='ocrx_word' id='word_1_33' title='bbox 849 813 946 867; x_wconf 89' lang='lat' dir='ltr'>quid</span> <span class='ocrx_word' id='word_1_34' title='bbox 967 812 1069 852; x_wconf 89' lang='lat' dir='ltr'>mihi</span> <span class='ocrx_word' id='word_1_35' title='bbox 1089 827 1188 867; x_wconf 91' lang='lat' dir='ltr'>opus</span> <span class='ocrx_word' id='word_1_36' title='bbox 1209 815 1270 859; x_wconf 85' lang='lat' dir='ltr'>fit,</span> <span class='ocrx_word' id='word_1_37' title='bbox 1291 822 1330 852; x_wconf 90' lang='lat' dir='ltr'>et</span> <span class='ocrx_word' id='word_1_38' title='bbox 1351 813 1448 866; x_wconf 88' lang='lat' dir='ltr'>quid</span> <span class='ocrx_word' id='word_1_39' title='bbox 1470 823 1508 851; x_wconf 90' lang='lat' dir='ltr'>te</span> <span class='ocrx_word' id='word_1_40' title='bbox 1528 812 1654 851; x_wconf 90' lang='lat' dir='ltr'>facere</span> <span class='ocrx_word' id='word_1_41' title='bbox 1674 814 1834 859; x_wconf 89' lang='lat' dir='ltr'>vellem,</span> 
     </span>
     <span class='ocr_line' id='line_1_7' title="bbox 443 878 1839 932; baseline -0.004 -10"><span class='ocrx_word' id='word_1_42' title='bbox 443 883 470 922; x_wconf 89' lang='lat' dir='ltr'><strong>fi</strong></span> <span class='ocrx_word' id='word_1_43' title='bbox 501 883 576 921; x_wconf 90' lang='lat' dir='ltr'>tibi</span> <span class='ocrx_word' id='word_1_44' title='bbox 606 881 866 921; x_wconf 87' lang='lat' dir='ltr'>commodum</span> <span class='ocrx_word' id='word_1_45' title='bbox 895 879 1014 924; x_wconf 83' lang='lat' dir='ltr'>effet;</span> <span class='ocrx_word' id='word_1_46' title='bbox 1047 889 1193 925; x_wconf 89' lang='lat' dir='ltr'>tamen,</span> <span class='ocrx_word' id='word_1_47' title='bbox 1225 893 1318 918; x_wconf 91' lang='lat' dir='ltr'>cum</span> <span class='ocrx_word' id='word_1_48' title='bbox 1346 878 1544 932; x_wconf 64' lang='lat' dir='ltr'>profectus</span> <span class='ocrx_word' id='word_1_49' title='bbox 1564 879 1695 924; x_wconf 82' lang='lat' dir='ltr'>effem,</span> <span class='ocrx_word' id='word_1_50' title='bbox 1726 888 1766 917; x_wconf 89' lang='lat' dir='ltr'>et</span> <span class='ocrx_word' id='word_1_51' title='bbox 1794 879 1839 917; x_wconf 89' lang='lat' dir='ltr'>in</span> 
     </span>
     <span class='ocr_line' id='line_1_8' title="bbox 443 944 1835 1000; baseline -0.004 -13"><span class='ocrx_word' id='word_1_52' title='bbox 443 949 531 986; x_wconf 84' lang='lat' dir='ltr'>lacu</span> <span class='ocrx_word' id='word_1_53' title='bbox 554 950 791 1000; x_wconf 81' lang='lat' dir='ltr'>navigarem,</span> <span class='ocrx_word' id='word_1_54' title='bbox 822 947 1018 984; x_wconf 89' lang='lat' dir='ltr'>Tironem</span> <span class='ocrx_word' id='word_1_55' title='bbox 1047 944 1162 983; x_wconf 85' lang='lat' dir='ltr'>statui</span> <span class='ocrx_word' id='word_1_56' title='bbox 1191 945 1239 983; x_wconf 87' lang='lat' dir='ltr'>ad</span> <span class='ocrx_word' id='word_1_57' title='bbox 1268 954 1307 983; x_wconf 91' lang='lat' dir='ltr'>te</span> <span class='ocrx_word' id='word_1_58' title='bbox 1329 944 1403 983; x_wconf 79' lang='lat' dir='ltr'>ess&#39;e</span> <span class='ocrx_word' id='word_1_59' title='bbox 1424 944 1681 990; x_wconf 87' lang='lat' dir='ltr'>mittendum,</span> <span class='ocrx_word' id='word_1_60' title='bbox 1713 953 1758 983; x_wconf 90' lang='lat' dir='ltr'>ut</span> <span class='ocrx_word' id='word_1_61' title='bbox 1787 944 1835 982; x_wconf 87' lang='lat' dir='ltr'>iis</span> 
     </span>
     <span class='ocr_line' id='line_1_9' title="bbox 443 1009 1838 1066; baseline -0.003 -15"><span class='ocrx_word' id='word_1_62' title='bbox 443 1014 629 1066; x_wconf 87' lang='lat' dir='ltr'>negotiis,</span> <span class='ocrx_word' id='word_1_63' title='bbox 669 1026 756 1066; x_wconf 85' lang='lat' dir='ltr'>quae</span> <span class='ocrx_word' id='word_1_64' title='bbox 789 1019 1010 1064; x_wconf 86' lang='lat' dir='ltr'>agerentur,</span> <span class='ocrx_word' id='word_1_65' title='bbox 1052 1011 1275 1050; x_wconf 75' lang='lat' dir='ltr'>interesset:</span> <span class='ocrx_word' id='word_1_66' title='bbox 1318 1019 1436 1064; x_wconf 89' lang='lat' dir='ltr'>atque</span> <span class='ocrx_word' id='word_1_67' title='bbox 1470 1010 1590 1049; x_wconf 90' lang='lat' dir='ltr'>etiam</span> <span class='ocrx_word' id='word_1_68' title='bbox 1624 1009 1755 1063; x_wconf 88' lang='lat' dir='ltr'>scripfi</span> <span class='ocrx_word' id='word_1_69' title='bbox 1789 1009 1838 1047; x_wconf 87' lang='lat' dir='ltr'>ad</span> 
     </span>
     <span class='ocr_line' id='line_1_10' title="bbox 443 1075 1838 1130; baseline -0.002 -12"><span class='ocrx_word' id='word_1_70' title='bbox 443 1079 713 1124; x_wconf 87' lang='lat' dir='ltr'>Dolabellam,</span> <span class='ocrx_word' id='word_1_71' title='bbox 744 1091 823 1123; x_wconf 85' lang='lat' dir='ltr'>me,</span> <span class='ocrx_word' id='word_1_72' title='bbox 854 1077 881 1116; x_wconf 87' lang='lat' dir='ltr'>fi</span> <span class='ocrx_word' id='word_1_73' title='bbox 911 1077 946 1115; x_wconf 93' lang='lat' dir='ltr'>ei</span> <span class='ocrx_word' id='word_1_74' title='bbox 972 1076 1184 1123; x_wconf 90' lang='lat' dir='ltr'>videretur,</span> <span class='ocrx_word' id='word_1_75' title='bbox 1215 1077 1316 1115; x_wconf 90' lang='lat' dir='ltr'>velle</span> <span class='ocrx_word' id='word_1_76' title='bbox 1335 1075 1532 1130; x_wconf 87' lang='lat' dir='ltr'>proficisci</span> <span class='ocrx_word' id='word_1_77' title='bbox 1548 1095 1560 1122; x_wconf 69' lang='grc' dir='ltr'>ς</span> <span class='ocrx_word' id='word_1_78' title='bbox 1593 1077 1769 1129; x_wconf 90' lang='lat' dir='ltr'>petiique</span> <span class='ocrx_word' id='word_1_79' title='bbox 1788 1076 1838 1115; x_wconf 87' lang='lat' dir='ltr'>ab</span> 
     </span>
     <span class='ocr_line' id='line_1_11' title="bbox 442 1142 1838 1196; baseline -0.002 -12"><span class='ocrx_word' id='word_1_80' title='bbox 442 1160 488 1184; x_wconf 90' lang='lat' dir='ltr'>eo</span> <span class='ocrx_word' id='word_1_81' title='bbox 509 1146 555 1183; x_wconf 91' lang='lat' dir='ltr'>de</span> <span class='ocrx_word' id='word_1_82' title='bbox 577 1145 697 1184; x_wconf 86' lang='lat' dir='ltr'>mulis</span> <span class='ocrx_word' id='word_1_83' title='bbox 718 1147 882 1183; x_wconf 71' lang='lat' dir='ltr'>vecturae</span> <span class='ocrx_word' id='word_1_84' title='bbox 909 1143 1078 1189; x_wconf 86' lang='lat' dir='ltr'>itineris,</span> <span class='ocrx_word' id='word_1_85' title='bbox 1110 1153 1154 1182; x_wconf 90' lang='lat' dir='ltr'>ut</span> <span class='ocrx_word' id='word_1_86' title='bbox 1182 1144 1224 1182; x_wconf 90' lang='lat' dir='ltr'>in</span> <span class='ocrx_word' id='word_1_87' title='bbox 1253 1144 1308 1182; x_wconf 86' lang='lat' dir='ltr'>eis</span> <span class='ocrx_word' id='word_1_88' title='bbox 1344 1143 1552 1196; x_wconf 87' lang='lat' dir='ltr'>(quoniam</span> <span class='ocrx_word' id='word_1_89' title='bbox 1583 1142 1767 1196; x_wconf 86' lang='lat' dir='ltr'>intelligo</span> <span class='ocrx_word' id='word_1_90' title='bbox 1799 1151 1838 1181; x_wconf 91' lang='lat' dir='ltr'>te</span> 
     </span>
     <span class='ocr_line' id='line_1_12' title="bbox 442 1208 1838 1262; baseline -0.002 -13"><span class='ocrx_word' id='word_1_91' title='bbox 442 1211 761 1250; x_wconf 87' lang='lat' dir='ltr'>distentiffimum</span> <span class='ocrx_word' id='word_1_92' title='bbox 791 1209 865 1249; x_wconf 84' lang='lat' dir='ltr'>effe</span> <span class='ocrx_word' id='word_1_93' title='bbox 895 1223 973 1262; x_wconf 89' lang='lat' dir='ltr'>qua</span> <span class='ocrx_word' id='word_1_94' title='bbox 1003 1209 1051 1247; x_wconf 87' lang='lat' dir='ltr'>de</span> <span class='ocrx_word' id='word_1_95' title='bbox 1083 1208 1320 1254; x_wconf 90' lang='lat' dir='ltr'>Buthrotiis,</span> <span class='ocrx_word' id='word_1_96' title='bbox 1351 1222 1430 1262; x_wconf 85' lang='lat' dir='ltr'>qua</span> <span class='ocrx_word' id='word_1_97' title='bbox 1458 1208 1506 1247; x_wconf 91' lang='lat' dir='ltr'>de</span> <span class='ocrx_word' id='word_1_98' title='bbox 1538 1209 1690 1254; x_wconf 74' lang='lat' dir='ltr'>Brut05</span> <span class='ocrx_word' id='word_1_99' title='bbox 1723 1209 1838 1261; x_wconf 89' lang='lat' dir='ltr'>cujus</span> 
     </span>
     <span class='ocr_line' id='line_1_13' title="bbox 442 1273 1836 1326; baseline -0.003 -11"><span class='ocrx_word' id='word_1_100' title='bbox 442 1278 562 1315; x_wconf 89' lang='lat' dir='ltr'>etiam</span> <span class='ocrx_word' id='word_1_101' title='bbox 583 1276 770 1315; x_wconf 91' lang='lat' dir='ltr'>ludorum</span> <span class='ocrx_word' id='word_1_102' title='bbox 791 1275 961 1314; x_wconf 89' lang='lat' dir='ltr'>seorsum</span> <span class='ocrx_word' id='word_1_103' title='bbox 981 1288 1132 1321; x_wconf 88' lang='lat' dir='ltr'>curam,</span> <span class='ocrx_word' id='word_1_104' title='bbox 1163 1275 1283 1313; x_wconf 86' lang='lat' dir='ltr'>etiam</span> <span class='ocrx_word' id='word_1_105' title='bbox 1303 1273 1681 1313; x_wconf 88' lang='lat' dir='ltr'>administrationem</span> <span class='ocrx_word' id='word_1_106' title='bbox 1709 1273 1836 1326; x_wconf 91' lang='lat' dir='ltr'>suspi-</span> 
     </span>
     <span class='ocr_line' id='line_1_14' title="bbox 443 1337 1834 1393; baseline -0.002 -14"><span class='ocrx_word' id='word_1_107' title='bbox 443 1355 511 1380; x_wconf 88' lang='lat' dir='ltr'>cor</span> <span class='ocrx_word' id='word_1_108' title='bbox 541 1355 590 1380; x_wconf 82' lang='lat' dir='ltr'>ex</span> <span class='ocrx_word' id='word_1_109' title='bbox 621 1354 763 1393; x_wconf 87' lang='lat' dir='ltr'>magna</span> <span class='ocrx_word' id='word_1_110' title='bbox 793 1349 902 1393; x_wconf 85' lang='lat' dir='ltr'>parte</span> <span class='ocrx_word' id='word_1_111' title='bbox 932 1339 980 1378; x_wconf 87' lang='lat' dir='ltr'>ad</span> <span class='ocrx_word' id='word_1_112' title='bbox 1012 1348 1050 1378; x_wconf 92' lang='lat' dir='ltr'>te</span> <span class='ocrx_word' id='word_1_113' title='bbox 1081 1339 1294 1392; x_wconf 89' lang='lat' dir='ltr'>pertinere)</span> <span class='ocrx_word' id='word_1_114' title='bbox 1318 1348 1362 1377; x_wconf 91' lang='lat' dir='ltr'>ut</span> <span class='ocrx_word' id='word_1_115' title='bbox 1391 1352 1484 1391; x_wconf 88' lang='lat' dir='ltr'>ergo</span> <span class='ocrx_word' id='word_1_116' title='bbox 1504 1339 1545 1377; x_wconf 90' lang='lat' dir='ltr'>in</span> <span class='ocrx_word' id='word_1_117' title='bbox 1566 1337 1759 1391; x_wconf 88' lang='lat' dir='ltr'>ejusmodi</span> <span class='ocrx_word' id='word_1_118' title='bbox 1779 1351 1834 1383; x_wconf 89' lang='lat' dir='ltr'>re,</span> 
     </span>
     <span class='ocr_line' id='line_1_15' title="bbox 443 1403 1835 1459; baseline -0.002 -14"><span class='ocrx_word' id='word_1_119' title='bbox 443 1407 593 1445; x_wconf 88' lang='lat' dir='ltr'>tribues</span> <span class='ocrx_word' id='word_1_120' title='bbox 628 1407 743 1445; x_wconf 91' lang='lat' dir='ltr'>nobis</span> <span class='ocrx_word' id='word_1_121' title='bbox 777 1406 942 1459; x_wconf 89' lang='lat' dir='ltr'>paulum</span> <span class='ocrx_word' id='word_1_122' title='bbox 976 1418 1128 1458; x_wconf 88' lang='lat' dir='ltr'>operae:</span> <span class='ocrx_word' id='word_1_123' title='bbox 1173 1418 1245 1444; x_wconf 87' lang='lat' dir='ltr'>nec</span> <span class='ocrx_word' id='word_1_124' title='bbox 1279 1405 1387 1443; x_wconf 86' lang='lat' dir='ltr'>enim</span> <span class='ocrx_word' id='word_1_125' title='bbox 1422 1404 1598 1443; x_wconf 88' lang='lat' dir='ltr'>multum</span> <span class='ocrx_word' id='word_1_126' title='bbox 1631 1417 1731 1457; x_wconf 89' lang='lat' dir='ltr'>opus</span> <span class='ocrx_word' id='word_1_127' title='bbox 1765 1403 1835 1443; x_wconf 86' lang='lat' dir='ltr'>est.</span> 
     </span>
     <span class='ocr_line' id='line_1_16' title="bbox 444 1470 1836 1524; baseline -0.003 -13"><span class='ocrx_word' id='word_1_128' title='bbox 444 1472 555 1512; x_wconf 88' lang='lat' dir='ltr'>Mihi</span> <span class='ocrx_word' id='word_1_129' title='bbox 587 1485 645 1510; x_wconf 86' lang='lat' dir='ltr'>res</span> <span class='ocrx_word' id='word_1_130' title='bbox 666 1471 713 1510; x_wconf 88' lang='lat' dir='ltr'>ad</span> <span class='ocrx_word' id='word_1_131' title='bbox 734 1471 895 1516; x_wconf 88' lang='lat' dir='ltr'>caedem,</span> <span class='ocrx_word' id='word_1_132' title='bbox 927 1479 963 1508; x_wconf 90' lang='lat' dir='ltr'>et</span> <span class='ocrx_word' id='word_1_133' title='bbox 985 1484 1070 1509; x_wconf 82' lang='lat' dir='ltr'>earn</span> <span class='ocrx_word' id='word_1_134' title='bbox 1091 1471 1252 1523; x_wconf 87' lang='lat' dir='ltr'>quidem</span> <span class='ocrx_word' id='word_1_135' title='bbox 1274 1471 1555 1524; x_wconf 88' lang='lat' dir='ltr'>propinquam,</span> <span class='ocrx_word' id='word_1_136' title='bbox 1587 1470 1754 1522; x_wconf 70' lang='lat' dir='ltr'>spestare</span> <span class='ocrx_word' id='word_1_137' title='bbox 1773 1470 1836 1508; x_wconf 89' lang='lat' dir='ltr'>vi-</span> 
     </span>
     <span class='ocr_line' id='line_1_17' title="bbox 442 1534 1838 1589; baseline -0.002 -12"><span class='ocrx_word' id='word_1_138' title='bbox 442 1539 570 1577; x_wconf 87' lang='lat' dir='ltr'>detur.</span> <span class='ocrx_word' id='word_1_139' title='bbox 614 1537 736 1576; x_wconf 89' lang='lat' dir='ltr'>Vides</span> <span class='ocrx_word' id='word_1_140' title='bbox 767 1537 978 1581; x_wconf 79' lang='lat' dir='ltr'>homines;</span> <span class='ocrx_word' id='word_1_141' title='bbox 1010 1537 1117 1574; x_wconf 88' lang='lat' dir='ltr'>vides</span> <span class='ocrx_word' id='word_1_142' title='bbox 1139 1549 1270 1574; x_wconf 86' lang='lat' dir='ltr'>arma:</span> <span class='ocrx_word' id='word_1_143' title='bbox 1303 1536 1458 1589; x_wconf 90' lang='lat' dir='ltr'>prorsus</span> <span class='ocrx_word' id='word_1_144' title='bbox 1480 1549 1559 1574; x_wconf 91' lang='lat' dir='ltr'>non</span> <span class='ocrx_word' id='word_1_145' title='bbox 1581 1534 1683 1573; x_wconf 86' lang='lat' dir='ltr'>mihi</span> <span class='ocrx_word' id='word_1_146' title='bbox 1703 1534 1838 1574; x_wconf 88' lang='lat' dir='ltr'>videor</span> 
     </span>
     <span class='ocr_line' id='line_1_18' title="bbox 440 1599 1838 1646; baseline -0.002 -4"><span class='ocrx_word' id='word_1_147' title='bbox 440 1603 513 1642; x_wconf 79' lang='lat' dir='ltr'>effe</span> <span class='ocrx_word' id='word_1_148' title='bbox 542 1612 666 1641; x_wconf 79' lang='lat' dir='ltr'>tutuS.</span> <span class='ocrx_word' id='word_1_149' title='bbox 713 1603 781 1640; x_wconf 88' lang='lat' dir='ltr'>Sin</span> <span class='ocrx_word' id='word_1_150' title='bbox 813 1611 857 1640; x_wconf 90' lang='lat' dir='ltr'>tu</span> <span class='ocrx_word' id='word_1_151' title='bbox 888 1601 1000 1639; x_wconf 83' lang='lat' dir='ltr'>aliter</span> <span class='ocrx_word' id='word_1_152' title='bbox 1031 1601 1164 1646; x_wconf 89' lang='lat' dir='ltr'>sentis,</span> <span class='ocrx_word' id='word_1_153' title='bbox 1196 1600 1317 1639; x_wconf 90' lang='lat' dir='ltr'>velim</span> <span class='ocrx_word' id='word_1_154' title='bbox 1348 1600 1396 1639; x_wconf 89' lang='lat' dir='ltr'>ad</span> <span class='ocrx_word' id='word_1_155' title='bbox 1428 1614 1492 1639; x_wconf 90' lang='lat' dir='ltr'>me</span> <span class='ocrx_word' id='word_1_156' title='bbox 1523 1600 1694 1641; x_wconf 78' lang='lat' dir='ltr'>scribas:</span> <span class='ocrx_word' id='word_1_157' title='bbox 1727 1599 1838 1639; x_wconf 87' lang='lat' dir='ltr'>domi</span> 
     </span>
     <span class='ocr_line' id='line_1_19' title="bbox 443 1666 1412 1721; baseline -0.003 -13"><span class='ocrx_word' id='word_1_158' title='bbox 443 1670 549 1708; x_wconf 77' lang='lat' dir='ltr'>enim</span> <span class='ocrx_word' id='word_1_159' title='bbox 571 1682 741 1715; x_wconf 85' lang='lat' dir='ltr'>manere,</span> <span class='ocrx_word' id='word_1_160' title='bbox 772 1668 799 1707; x_wconf 89' lang='lat' dir='ltr'>fi</span> <span class='ocrx_word' id='word_1_161' title='bbox 821 1668 922 1706; x_wconf 65' lang='lat' dir='ltr'>recte</span> <span class='ocrx_word' id='word_1_162' title='bbox 941 1666 1111 1721; x_wconf 80' lang='lat' dir='ltr'>possum,</span> <span class='ocrx_word' id='word_1_163' title='bbox 1142 1667 1272 1706; x_wconf 90' lang='lat' dir='ltr'>multo</span> <span class='ocrx_word' id='word_1_164' title='bbox 1293 1667 1412 1706; x_wconf 90' lang='lat' dir='ltr'>malo.</span> 
     </span>
    </p>
   </div>
   <div class='ocr_carea' id='block_1_5' title="bbox 780 1868 1497 1909">
    <p class='ocr_par' dir='ltr' id='par_1_6' title="bbox 780 1868 1497 1909">
     <span class='ocr_line' id='line_1_20' title="bbox 780 1868 1497 1909; baseline -0.003 0"><span class='ocrx_word' id='word_1_165' title='bbox 780 1871 1025 1909; x_wconf 70' lang='lat' dir='ltr'>Cxcnno</span> <span class='ocrx_word' id='word_1_166' title='bbox 1068 1869 1322 1908; x_wconf 71' lang='lat' dir='ltr'>A‘r‘rico</span> <span class='ocrx_word' id='word_1_167' title='bbox 1366 1868 1497 1907; x_wconf 74' lang='lat' dir='ltr'>SAL.</span> 
     </span>
    </p>
   </div>
   <div class='ocr_carea' id='block_1_6' title="bbox 442 1994 1838 2574">
    <p class='ocr_par' dir='ltr' id='par_1_7' title="bbox 445 1994 1833 2086">
     <span class='ocr_line' id='line_1_21' title="bbox 445 1994 1833 2086; baseline -0.006 -46"><span class='ocrx_word' id='word_1_168' title='bbox 445 2000 559 2040; x_wconf 81' lang='lat' dir='ltr'>XIX.</span> <span class='ocrx_word' id='word_1_169' title='bbox 586 1997 950 2086; x_wconf 82' lang='lat' dir='ltr'><strong>QUIDNAM</strong></span> <span class='ocrx_word' id='word_1_170' title='bbox 981 1997 1049 2042; x_wconf 90' lang='lat' dir='ltr'>est,</span> <span class='ocrx_word' id='word_1_171' title='bbox 1085 1995 1192 2048; x_wconf 90' lang='lat' dir='ltr'>quod</span> <span class='ocrx_word' id='word_1_172' title='bbox 1224 1996 1449 2034; x_wconf 86' lang='lat' dir='ltr'>audendum</span> <span class='ocrx_word' id='word_1_173' title='bbox 1479 1994 1649 2048; x_wconf 85' lang='lat' dir='ltr'>amplius</span> <span class='ocrx_word' id='word_1_174' title='bbox 1679 1995 1727 2033; x_wconf 86' lang='lat' dir='ltr'>de</span> <span class='ocrx_word' id='word_1_175' title='bbox 1753 1995 1833 2033; x_wconf 88' lang='lat' dir='ltr'>Bu-</span> 
     </span>
    </p>

    <p class='ocr_par' dir='ltr' id='par_1_8' title="bbox 442 2059 1838 2574">
     <span class='ocr_line' id='line_1_22' title="bbox 685 2059 1838 2111; baseline -0.003 -11"><span class='ocrx_word' id='word_1_176' title='bbox 685 2061 842 2101; x_wconf 86' lang='lat' dir='ltr'>throtiis</span> <span class='ocrx_word' id='word_1_177' title='bbox 860 2062 873 2098; x_wconf 92' lang='lat'>?</span> <span class='ocrx_word' id='word_1_178' title='bbox 895 2060 1033 2099; x_wconf 82' lang='lat' dir='ltr'>stetiffe</span> <span class='ocrx_word' id='word_1_179' title='bbox 1054 2061 1161 2098; x_wconf 89' lang='lat' dir='ltr'>enim</span> <span class='ocrx_word' id='word_1_180' title='bbox 1184 2069 1220 2098; x_wconf 88' lang='lat' dir='ltr'>te</span> <span class='ocrx_word' id='word_1_181' title='bbox 1241 2059 1379 2099; x_wconf 88' lang='lat' dir='ltr'>frustra</span> <span class='ocrx_word' id='word_1_182' title='bbox 1400 2059 1550 2098; x_wconf 80' lang='lat' dir='ltr'>scribis.</span> <span class='ocrx_word' id='word_1_183' title='bbox 1575 2059 1685 2111; x_wconf 83' lang='lat' dir='ltr'>Qid</span> <span class='ocrx_word' id='word_1_184' title='bbox 1705 2070 1838 2098; x_wconf 77' lang='lat' dir='ltr'>autem</span> 
     </span>
     <span class='ocr_line' id='line_1_23' title="bbox 443 2124 1835 2177; baseline -0.004 -9"><span class='ocrx_word' id='word_1_185' title='bbox 443 2130 478 2168; x_wconf 88' lang='lat' dir='ltr'>se</span> <span class='ocrx_word' id='word_1_186' title='bbox 499 2128 617 2168; x_wconf 82' lang='lat' dir='ltr'>refert</span> <span class='ocrx_word' id='word_1_187' title='bbox 640 2128 808 2167; x_wconf 87' lang='lat' dir='ltr'>Brutus?</span> <span class='ocrx_word' id='word_1_188' title='bbox 831 2126 946 2164; x_wconf 90' lang='lat' dir='ltr'>doleo</span> <span class='ocrx_word' id='word_1_189' title='bbox 966 2125 1191 2164; x_wconf 86' lang='lat' dir='ltr'>mehercule</span> <span class='ocrx_word' id='word_1_190' title='bbox 1213 2135 1249 2162; x_wconf 92' lang='lat' dir='ltr'>te</span> <span class='ocrx_word' id='word_1_191' title='bbox 1272 2135 1351 2163; x_wconf 88' lang='lat' dir='ltr'>tam</span> <span class='ocrx_word' id='word_1_192' title='bbox 1373 2124 1444 2162; x_wconf 81' lang='lat' dir='ltr'>esse</span> <span class='ocrx_word' id='word_1_193' title='bbox 1465 2125 1685 2163; x_wconf 83' lang='lat' dir='ltr'>detentum.</span> <span class='ocrx_word' id='word_1_194' title='bbox 1714 2125 1835 2177; x_wconf 86' lang='lat' dir='ltr'>Qod</span> 
     </span>
     <span class='ocr_line' id='line_1_24' title="bbox 443 2190 1836 2244; baseline -0.004 -9"><span class='ocrx_word' id='word_1_195' title='bbox 443 2197 578 2235; x_wconf 88' lang='lat' dir='ltr'>decem</span> <span class='ocrx_word' id='word_1_196' title='bbox 599 2193 832 2233; x_wconf 85' lang='lat' dir='ltr'>hominibus</span> <span class='ocrx_word' id='word_1_197' title='bbox 855 2191 1102 2230; x_wconf 90' lang='lat' dir='ltr'>referendum</span> <span class='ocrx_word' id='word_1_198' title='bbox 1123 2191 1176 2229; x_wconf 86' lang='lat' dir='ltr'>est</span> <span class='ocrx_word' id='word_1_199' title='bbox 1205 2201 1427 2244; x_wconf 84' lang='lat' dir='ltr'>acceptum,</span> <span class='ocrx_word' id='word_1_200' title='bbox 1459 2190 1511 2228; x_wconf 89' lang='lat' dir='ltr'>est</span> <span class='ocrx_word' id='word_1_201' title='bbox 1542 2190 1642 2229; x_wconf 87' lang='lat' dir='ltr'>illud</span> <span class='ocrx_word' id='word_1_202' title='bbox 1672 2191 1836 2243; x_wconf 86' lang='lat' dir='ltr'>quidem</span> 
     </span>
     <span class='ocr_line' id='line_1_25' title="bbox 442 2255 1836 2314; baseline -0.004 -15"><span class='ocrx_word' id='word_1_203' title='bbox 442 2255 589 2314; x_wconf 56' lang='grc' dir='ltr'>ὲξγῶθες,</span> <span class='ocrx_word' id='word_1_204' title='bbox 622 2260 684 2298; x_wconf 87' lang='lat' dir='ltr'>sed</span> <span class='ocrx_word' id='word_1_205' title='bbox 704 2257 849 2303; x_wconf 51' lang='grc' dir='ltr'>ἀνεκτὴ,</span> <span class='ocrx_word' id='word_1_206' title='bbox 881 2257 1063 2311; x_wconf 85' lang='lat' dir='ltr'>mihique</span> <span class='ocrx_word' id='word_1_207' title='bbox 1084 2257 1358 2310; x_wconf 81' lang='lat' dir='ltr'>gratiffimum.</span> <span class='ocrx_word' id='word_1_208' title='bbox 1393 2257 1455 2294; x_wconf 90' lang='lat' dir='ltr'>De</span> <span class='ocrx_word' id='word_1_209' title='bbox 1475 2257 1607 2299; x_wconf 79' lang='lat' dir='ltr'>armis,</span> <span class='ocrx_word' id='word_1_210' title='bbox 1633 2255 1733 2293; x_wconf 87' lang='lat' dir='ltr'>nihil</span> <span class='ocrx_word' id='word_1_211' title='bbox 1755 2256 1836 2294; x_wconf 81' lang='lat' dir='ltr'>vidi</span> 
     </span>
     <span class='ocr_line' id='line_1_26' title="bbox 443 2320 1836 2378; baseline -0.001 -15"><span class='ocrx_word' id='word_1_212' title='bbox 443 2326 628 2378; x_wconf 85' lang='lat' dir='ltr'>apertius.</span> <span class='ocrx_word' id='word_1_213' title='bbox 677 2323 893 2376; x_wconf 83' lang='lat' dir='ltr'>Fugiamus</span> <span class='ocrx_word' id='word_1_214' title='bbox 929 2324 1079 2376; x_wconf 85' lang='lat' dir='ltr'>igitur:</span> <span class='ocrx_word' id='word_1_215' title='bbox 1112 2332 1164 2367; x_wconf 87' lang='lat' dir='ltr'>at,</span> <span class='ocrx_word' id='word_1_216' title='bbox 1197 2332 1241 2360; x_wconf 91' lang='lat' dir='ltr'>ut</span> <span class='ocrx_word' id='word_1_217' title='bbox 1272 2323 1342 2367; x_wconf 82' lang='lat' dir='ltr'>ais,</span> <span class='ocrx_word' id='word_1_218' title='bbox 1374 2335 1520 2360; x_wconf 78' lang='lat' dir='ltr'>eoram.</span> <span class='ocrx_word' id='word_1_219' title='bbox 1568 2320 1836 2373; x_wconf 83' lang='lat' dir='ltr'>Theophanes</span> 
     </span>
     <span class='ocr_line' id='line_1_27' title="bbox 443 2386 1836 2445; baseline -0.004 -16"><span class='ocrx_word' id='word_1_220' title='bbox 443 2390 539 2445; x_wconf 89' lang='lat' dir='ltr'>quid</span> <span class='ocrx_word' id='word_1_221' title='bbox 561 2391 670 2434; x_wconf 85' lang='lat' dir='ltr'>velit,</span> <span class='ocrx_word' id='word_1_222' title='bbox 704 2389 846 2428; x_wconf 77' lang='lat' dir='ltr'>nescio.</span> <span class='ocrx_word' id='word_1_223' title='bbox 894 2389 1103 2441; x_wconf 83' lang='lat' dir='ltr'>Scripserat</span> <span class='ocrx_word' id='word_1_224' title='bbox 1135 2388 1242 2426; x_wconf 86' lang='lat' dir='ltr'>enim</span> <span class='ocrx_word' id='word_1_225' title='bbox 1274 2387 1320 2425; x_wconf 79' lang='lat' dir='ltr'>ad</span> <span class='ocrx_word' id='word_1_226' title='bbox 1353 2402 1442 2425; x_wconf 85' lang='lat' dir='ltr'>me:</span> <span class='ocrx_word' id='word_1_227' title='bbox 1477 2387 1539 2424; x_wconf 85' lang='lat' dir='ltr'>eui</span> <span class='ocrx_word' id='word_1_228' title='bbox 1574 2386 1759 2438; x_wconf 76' lang='lat' dir='ltr'>rescripsi,</span> <span class='ocrx_word' id='word_1_229' title='bbox 1792 2396 1836 2424; x_wconf 90' lang='lat' dir='ltr'>ut</span> 
     </span>
     <span class='ocr_line' id='line_1_28' title="bbox 444 2452 1835 2510; baseline -0.004 -15"><span class='ocrx_word' id='word_1_230' title='bbox 444 2457 570 2510; x_wconf 85' lang='lat' dir='ltr'>potui.</span> <span class='ocrx_word' id='word_1_231' title='bbox 617 2455 727 2494; x_wconf 84' lang='lat' dir='ltr'>Mihi</span> <span class='ocrx_word' id='word_1_232' title='bbox 758 2465 888 2493; x_wconf 79' lang='lat' dir='ltr'>autem</span> <span class='ocrx_word' id='word_1_233' title='bbox 919 2455 1069 2499; x_wconf 86' lang='lat' dir='ltr'>scribit,</span> <span class='ocrx_word' id='word_1_234' title='bbox 1102 2455 1233 2492; x_wconf 81' lang='lat' dir='ltr'>venire</span> <span class='ocrx_word' id='word_1_235' title='bbox 1262 2454 1308 2491; x_wconf 86' lang='lat' dir='ltr'>ad</span> <span class='ocrx_word' id='word_1_236' title='bbox 1340 2468 1402 2492; x_wconf 88' lang='lat' dir='ltr'>mc</span> <span class='ocrx_word' id='word_1_237' title='bbox 1434 2454 1468 2492; x_wconf 88' lang='lat' dir='ltr'>se</span> <span class='ocrx_word' id='word_1_238' title='bbox 1499 2453 1613 2498; x_wconf 78' lang='lat' dir='ltr'>velle,</span> <span class='ocrx_word' id='word_1_239' title='bbox 1646 2462 1690 2490; x_wconf 90' lang='lat' dir='ltr'>ut</span> <span class='ocrx_word' id='word_1_240' title='bbox 1719 2462 1757 2491; x_wconf 89' lang='lat' dir='ltr'>et</span> <span class='ocrx_word' id='word_1_241' title='bbox 1788 2452 1835 2491; x_wconf 93' lang='lat' dir='ltr'>de</span> 
     </span>
     <span class='ocr_line' id='line_1_29' title="bbox 444 2517 1833 2574; baseline -0.004 -12"><span class='ocrx_word' id='word_1_242' title='bbox 444 2524 517 2562; x_wconf 80' lang='lat' dir='ltr'>suis</span> <span class='ocrx_word' id='word_1_243' title='bbox 549 2521 678 2567; x_wconf 81' lang='lat' dir='ltr'>rebus,</span> <span class='ocrx_word' id='word_1_244' title='bbox 709 2531 747 2559; x_wconf 87' lang='lat' dir='ltr'>et</span> <span class='ocrx_word' id='word_1_245' title='bbox 782 2519 976 2574; x_wconf 64' lang='lat' dir='ltr'>qua-dam,</span> <span class='ocrx_word' id='word_1_246' title='bbox 1007 2534 1093 2573; x_wconf 60' lang='lat' dir='ltr'>qum</span> <span class='ocrx_word' id='word_1_247' title='bbox 1115 2519 1159 2557; x_wconf 73' lang='lat' dir='ltr'>ad</span> <span class='ocrx_word' id='word_1_248' title='bbox 1183 2534 1244 2558; x_wconf 81' lang='lat' dir='ltr'>me</span> <span class='ocrx_word' id='word_1_249' title='bbox 1266 2520 1521 2573; x_wconf 81' lang='lat' dir='ltr'>pertinerent.</span> <span class='ocrx_word' id='word_1_250' title='bbox 1568 2520 1676 2557; x_wconf 80' lang='lat' dir='ltr'>Tuas</span> <span class='ocrx_word' id='word_1_251' title='bbox 1705 2517 1833 2556; x_wconf 77' lang='lat' dir='ltr'>literas</span> 
     </span>
    </p>
   </div>
  </div>
 </body>
</html>
