2243 3008
563 221 640 273 376
912 216 1599 259 EPISTOLARUM

902 454 1144 492 CICERO
1184 453 1438 491 AT‘rico
1481 453 1610 492 SAL.

564 582 718 622 XXIV.
745 581 903 668 QUI
922 580 959 618 D
989 579 1057 624 est,
1088 578 1195 632 quod
1226 579 1499 630 Hermogenes
1523 579 1626 618 mihi
1647 579 1829 626 Clodius,
1860 582 1948 619 An-

843 645 1071 683 dromenem
1092 643 1164 681 fibi
1191 643 1340 688 dixisse,
1372 643 1408 681 se
1439 643 1672 682 Ciceronem
1693 645 1825 683 vidiffe
1846 646 1949 684 Cor-

562 726 662 764 cyrae
681 713 694 749 ?
725 725 797 763 ego
817 711 924 748 enim
944 708 1076 747 audita
1095 708 1170 746 tibi
1190 717 1383 761 putaram.
1426 707 1499 746 Nil
1520 708 1643 760 igitur
1663 721 1711 746 ne
1731 709 1767 747 ei
1787 709 1951 761 quidem

561 778 766 816 literarum
785 777 797 812 ?
828 789 875 814 an
897 787 977 813 non
997 773 1098 812 vidit
1116 775 1130 811 ?
1161 772 1280 811 facies
1300 787 1393 826 ergo
1413 781 1457 811 ut
1478 772 1611 812 sciam.
1651 772 1761 826 Qid
1783 774 1856 812 tibi
1877 788 1950 827 ego

563 843 610 881 de
631 843 805 880 Varrone
825 840 1034 879 rescribam
1052 841 1066 876 ?
1098 847 1266 891 quatuor
1284 832 1446 891 «hosteim
1467 838 1555 878 sunt
1586 839 1628 877 in
1650 848 1716 878 tua
1735 838 1920 892 potestate
1937 854 1950 878 2

562 907 670 960 quod
703 907 842 960 egeris,
884 905 925 944 id
958 904 1148 958 probabo.
1199 904 1288 943 Nec
1322 911 1453 942 tamen
1486 897 1638 952 αἰδέομαι
1672 900 1810 958 Teia-5:
1853 904 1952 957 quid

561 972 702 1010 enim?
734 971 796 1010 sed
819 971 888 1024 ipsi
909 983 1029 1024 quam
1050 983 1108 1008 res
1140 969 1209 1008 illa
1238 968 1484 1022 probaretur,
1515 967 1640 1021 magis
1661 968 1832 1008 verebar.
1877 968 1952 1008 Sed

561 1037 752 1090 quoniam
773 1047 816 1077 tu
837 1037 1014 1091 suscipis,
1044 1037 1087 1074 in
1107 1035 1268 1075 alteram
1288 1048 1435 1075 aurem.

897 1238 1140 1277 CICERO
1181 1237 1438 1275 ATTico
1479 1235 1611 1275 SAL.

561 1367 696 1406 XXV.
720 1366 799 1438 D
812 1367 846 1404 E
878 1365 1095 1403 retentione
1115 1363 1286 1417 rescripsi
1307 1363 1355 1402 ad
1375 1371 1459 1402 tuas
1480 1371 1657 1403 accurate
1678 1363 1836 1418 scriptas
1858 1365 1951 1403 lite-

829 1445 904 1471 ras.
948 1430 1146 1470 Conficies
1178 1430 1316 1482 igitur,
1346 1439 1385 1468 et
1409 1429 1571 1482 quidem
1591 1430 1670 1468 fine
1691 1431 1772 1468 ulla
1791 1431 1953 1469 dubita-

561 1498 684 1543 tione,
715 1506 782 1536 aut
802 1496 1087 1535 retrectatione.
1118 1495 1211 1533 Hoc
1232 1495 1316 1533 fieri
1336 1503 1375 1533 et
1395 1503 1565 1547 oportet,
1595 1503 1634 1533 et
1654 1508 1753 1547 opus
1774 1495 1842 1534 est.
1889 1497 1954 1534 De

561 1563 818 1602 Andromene
852 1571 898 1601 ut
930 1561 1082 1606 scribis,
1114 1561 1169 1599 ita
1199 1569 1405 1613 putaram:
1446 1560 1571 1599 sciffes
1603 1560 1710 1599 enim
1727 1580 1740 1606 ς
1771 1560 1957 1614 mihique

560 1629 732 1668 dixisses.
765 1631 831 1668 Tu
864 1638 995 1667 tamen
1027 1629 1080 1666 ita
1106 1626 1209 1665 mihi
1237 1627 1285 1665 de
1312 1627 1436 1666 Bruto
1457 1626 1610 1672 scribis,
1641 1637 1685 1665 ut
1705 1627 1752 1666 de
1773 1637 1811 1666 te
1830 1627 1951 1667 nihil.

561 1695 734 1747 Qando
764 1703 896 1734 autem
927 1695 1046 1733 illum
1077 1694 1223 1746 putas?
1255 1706 1347 1731 nam
1376 1706 1449 1746 ego
1481 1693 1653 1732 Romam
1684 1693 1810 1746 pridie
1837 1693 1950 1733 Idus.

561 1762 685 1800 Bruto
706 1761 759 1800 ita
778 1761 887 1800 volui
907 1760 1088 1805 scribere,
1122 1759 1204 1812 (sed
1224 1759 1413 1811 quoniam
1434 1767 1478 1797 tu
1500 1768 1537 1797 te
1557 1758 1689 1811 legifl‘e
1708 1758 1860 1803 scribis,
1891 1757 1952 1797 sui

559 1826 714 1865 fortaffe
733 1821 958 1878 ἀσαφές-ερας)
977 1839 1041 1863 me
1059 1838 1108 1864 ex
1129 1825 1207 1863 tuis
1227 1825 1352 1863 literis
1371 1823 1620 1869 intellexiffe,
1638 1823 1744 1862 nolle
1763 1837 1870 1868 eum,
1887 1837 1953 1862 me

559 1891 666 1944 quasi
687 1890 946 1944 prosequendi
967 1890 1023 1928 sui
1044 1890 1156 1929 causa
1170 1891 1343 1929 Romam
1364 1903 1470 1928 nunc
1491 1890 1635 1928 venire.
1669 1889 1742 1928 Sed
1761 1890 1953 1942 quoniam

555 1959 641 2011 jam
662 1957 763 1995 adest
784 1970 894 1994 meus
914 1956 1117 2001 adventus,
1149 1955 1210 1994 fac
1231 1955 1374 2008 quaeso,
1407 1969 1456 1993 ne
1475 1955 1572 2007 quid
1592 1969 1684 1994 eum
1707 1955 1798 1994 Idus
1819 1955 1950 2008 impe-

561 2023 687 2068 diant,
718 2035 799 2075 quo
831 2022 962 2060 minus
984 2021 1052 2059 suo
1072 2020 1285 2059 commodo
1306 2021 1346 2058 in
1368 2020 1597 2059 Tusculano
1617 2021 1677 2059 sit.
1724 2021 1812 2059 Nec
1843 2021 1953 2059 enim

561 2089 609 2128 ad
631 2088 805 2127 tabulam
825 2101 917 2126 eum
938 2087 1218 2126 desideraturus
1239 2100 1342 2125 eram
1361 2105 1372 2131 3
1407 2087 1445 2124 in
1477 2087 1543 2124 tali
1573 2087 1680 2125 enim
1703 2087 1862 2139 negotio
1882 2100 1954 2125 cur

561 2164 606 2194 tu
627 2168 728 2193 unus
750 2167 829 2192 nori
851 2153 938 2192 satis
959 2154 1029 2191 es?
1061 2152 1123 2191 sed
1143 2152 1189 2190 ad
1211 2152 1485 2191 testamentum
1507 2152 1686 2190 volebam
1704 2167 1712 2190 :
1745 2152 1851 2205 quod
1866 2153 1953 2204 jam

562 2221 668 2259 malo
701 2220 778 2258 alio
811 2219 901 2264 dic;
949 2232 996 2257 ne
1029 2219 1082 2257 ob
1115 2231 1200 2256 eam
1235 2218 1387 2256 causam
1424 2219 1594 2256 Romam
1628 2217 1769 2256 venisse
1804 2218 1948 2257 videar.

563 2287 701 2340 Scripsi
724 2286 845 2338 igitur
865 2285 911 2323 ad
935 2285 1211 2337 Brutum,jam
1234 2284 1348 2329 illud,
1367 2284 1473 2337 quod
1496 2284 1696 2336 putassem,
1721 2284 1823 2321 Idib.
1850 2283 1950 2322 nihil

561 2366 661 2406 opus
682 2351 768 2389 css‘c.
802 2351 934 2388 Velim
967 2365 1059 2403 crgo
1092 2360 1220 2389 totum
1243 2349 1318 2388 hoc
1340 2350 1393 2388 ita
1412 2350 1620 2402 gubernes,
1654 2359 1695 2387 ut
1718 2363 1764 2387 nc
1785 2349 1952 2387 minima

562 2418 723 2472 quidem
747 2431 784 2455 re
806 2416 885 2454 ulla
915 2417 1024 2455 Bruti
1055 2415 1313 2455 commodum
1345 2415 1621 2469 impediamus.
1668 2415 1739 2453 Sed
1770 2414 1865 2467 quid
1897 2413 1950 2452 cst

563 2484 736 2529 tandem,
767 2482 873 2537 quod
904 2482 1183 2537 perhorrescas,
1215 2483 1307 2535 quia
1334 2492 1402 2522 tuo
1435 2482 1612 2535 periculo
1638 2481 1799 2534 jubeam
1828 2480 1948 2518 libros
