2243 3008
485 268 593 307 AD
651 265 1082 307 ATTICUM
1149 268 1432 309 LIB.XV.
1573 285 1650 324 43,-

269 366 374 412 novi,
407 367 469 405 sed
499 381 554 412 ea,
586 380 671 419 quae
700 365 878 418 quotidie
907 377 1071 409 omnes;
1105 378 1174 402 nec
1209 374 1336 404 tamen
1370 368 1484 406 illum
1516 369 1647 408 locum

268 433 472 484 attingere,
504 443 743 482 quemquam
771 439 950 481 praeterea
977 429 1186 481 oportuisse
1208 431 1341 481 tangi;
1376 431 1436 468 scd
1465 434 1648 471 Senatum

267 498 410 541 vocari,
442 496 635 547 populum
667 495 865 532 ardentem
887 493 1013 531 studio
1034 493 1303 532 vehementius
1325 496 1493 541 incitari,
1526 507 1646 536 totam

267 561 457 613 suscipere
493 561 825 614 Rempublicam:
868 560 1060 598 exclamat
1095 569 1159 597 tua
1192 559 1410 606 familiaris,
1453 564 1532 600 Hoc
1563 577 1647 601 vero

265 626 432 664 neminem
451 639 606 678 unquam
625 624 764 663 audivi.
814 626 900 676 Ego
921 625 1086 677 repreffi.
1134 624 1207 662 Sed
1236 634 1273 662 et
1296 625 1442 663 Caffius
1464 626 1565 665 mihi
1587 628 1645 665 vi-

266 690 429 728 debatur
450 692 601 735 iturus;
637 691 801 743 (etenim
823 690 981 728 Servilia
1001 689 1262 742 pollicebatur
1282 691 1317 728 se
1337 701 1572 737 curaturam,
1606 703 1649 731 ut

265 755 333 793 illa
364 755 553 794 frumenti
586 756 735 793 curatio
767 755 813 792 de
845 755 1202 793 senatus-consulto
1235 756 1454 805 tolleretur)
1488 766 1526 796 et
1557 758 1647 796 nos-

267 829 326 858 ter
346 822 426 858 cito
448 821 617 873 dejectus
639 821 691 858 est
711 820 758 858 de
779 820 849 858 illo
871 820 976 858 inani
998 820 1199 865 sermone;
1232 821 1331 858 velle
1350 822 1457 859 enim
1478 822 1514 860 se
1534 823 1644 861 dixe-

267 895 338 924 rat.
387 886 603 924 Constituit
635 887 771 938 igitur,
804 895 847 924 ut
878 886 977 931 ludi,
1009 885 1163 924 absente
1187 886 1237 931 se,
1268 886 1405 924 fierent
1426 887 1493 925 suo
1514 889 1646 926 nomi·

265 965 314 989 ne
333 966 340 989 :
374 951 567 1004 proficisci
589 961 717 989 autem
740 950 841 989 mihi
871 951 911 988 in
933 950 1064 989 Aliam
1085 951 1289 989 videbatur
1309 952 1356 989 ab
1378 953 1503 991 Antio
1531 954 1645 993 velle.

265 1017 330 1055 Ne
351 1017 504 1061 multa;
537 1016 638 1054 nihil
660 1030 723 1054 me
752 1017 790 1054 in
812 1016 882 1054 illo
904 1016 1056 1061 itinere,
1087 1026 1225 1069 praeter
1251 1018 1545 1063 conscientiam,
1576 1019 1646 1058 de·-

263 1081 441 1120 lec‘tavit:
475 1095 553 1119 non
574 1082 681 1119 enim
702 1080 780 1119 fuit
800 1081 1148 1126 committendum,
1171 1091 1214 1119 ut
1234 1082 1302 1119 ille
1321 1096 1368 1120 ex
1390 1083 1501 1120 Italia
1520 1084 1644 1136 prius,

264 1160 384 1198 quam
404 1160 425 1184 a
444 1160 506 1184 me
527 1155 742 1184 conventus
763 1145 867 1191 effet,
899 1145 1123 1185 discederet.
1170 1147 1263 1184 Hoc
1294 1147 1455 1199 dempto
1487 1161 1647 1187 munere

263 1212 405 1250 amoris
426 1220 542 1264 atque
562 1212 699 1257 officii,
731 1211 975 1264 sequebatur,
1007 1220 1051 1249 ut
1071 1225 1228 1250 mecum
1250 1211 1330 1264 ipse
1348 1227 1357 1250 ε

397 1279 434 1329 {H
462 1276 538 1330 δεῦρ’
566 1275 635 1319 ὁδός
664 1295 710 1316 σοι
739 1279 774 1315 τί
799 1275 931 1316 δύναται
961 1279 1017 1323 νῦν,
1048 1278 1226 1331 θεοπρόπες

263 1340 422 1378 Prorsus
450 1341 679 1378 diffolutum
709 1341 856 1378 offendi
889 1341 1105 1392 navigium,
1137 1340 1198 1378 vel
1227 1341 1360 1393 potius
1393 1342 1642 1396 diffipatum:

261 1405 364 1444 nihil
385 1407 561 1452 consilio,
594 1406 695 1444 nihil
718 1407 880 1450 ratione,
913 1405 1014 1443 nihil
1036 1406 1186 1444 ordine.
1226 1408 1362 1458 Itaque
1381 1409 1448 1446 etsi
1470 1422 1517 1446 ne
1537 1418 1648 1447 antea

261 1472 424 1523 quidem
456 1472 648 1517 dubitavi,
680 1481 810 1509 tamen
837 1484 945 1509 nunc
971 1471 1185 1517 eominus,
1216 1472 1366 1510 evolare
1385 1472 1495 1519 hinc,
1527 1474 1646 1527 idque

261 1538 572 1590 quamprimum,
604 1537 675 1575 ubi

397 1603 478 1640 Nec
506 1601 758 1654 Pelopidarum
771 1602 901 1654 suffla,
931 1615 1040 1654 neque
1053 1601 1216 1654 famam,
1245 1602 1398 1641 audiam.

262 1666 335 1705 Sed
366 1666 462 1704 heus
496 1676 554 1711 tu,
586 1680 634 1704 ne
664 1665 766 1704 forte
797 1667 843 1705 sis
877 1667 1043 1712 nescius,
1075 1667 1282 1705 Dolabella
1310 1681 1375 1706 me
1401 1668 1471 1706 fibi
1501 1668 1645 1721 legavit

261 1746 294 1770 a.
318 1732 357 1770 d.
383 1745 427 1770 iv
450 1732 587 1770 Nonas
608 1732 739 1784 April.
761 1732 801 1769 id
822 1731 923 1770 mihi
943 1731 1028 1770 heri
1048 1732 1194 1784 vesperi
1215 1733 1441 1771 nuntiatum
1461 1733 1528 1772 est.
1558 1735 1643 1772 Vo-

259 1797 339 1834 tiva
360 1809 407 1834 ne
429 1796 502 1834 tibi
523 1796 683 1848 quidem
706 1796 896 1849 placebat.
943 1797 1106 1834 Etenim
1127 1806 1207 1835 erat
1227 1797 1452 1843 absurdum,
1484 1812 1584 1851 quae,
1617 1799 1643 1836 si

261 1860 418 1899 stetisset
450 1861 703 1914 Respublica,
735 1861 946 1906 voviffem;
987 1875 1029 1900 ea
1060 1875 1138 1907 me,
1170 1862 1295 1900 eversa
1329 1863 1410 1907 illa,
1442 1873 1530 1901 vota
1563 1863 1642 1901 dis-

261 1926 432 1965 solvere:
464 1936 503 1964 et
530 1926 692 1972 habent,
724 1927 879 1980 opinor,
910 1927 1041 1965 liberae
1075 1927 1288 1980 legationes
1309 1927 1517 1966 definitum
1539 1937 1641 1967 tem-

261 2005 334 2044 pus
366 1992 452 2045 lege
471 1993 605 2044 Julia5
637 2006 709 2031 nec
740 1992 857 2031 facile
888 1992 977 2030 addi
1007 1992 1133 2044 potest
1160 1992 1207 2030 ad
1236 1992 1313 2031 hoc
1333 2007 1456 2045 genus
1477 1994 1643 2046 legatio-

260 2057 337 2102 nis,
369 2067 427 2102 ut,
459 2071 552 2096 cum
585 2058 696 2104 velis,
727 2058 905 2103 introire,
936 2057 1055 2102 exire,
1087 2057 1229 2096 liceat:
1262 2058 1368 2109 quod
1403 2072 1508 2097 nunc
1542 2059 1644 2097 mihi

259 2121 439 2159 additum
458 2121 525 2160 est.
572 2122 680 2160 Bella
706 2122 759 2160 est
789 2132 922 2161 autem
951 2121 1071 2174 hujus
1093 2122 1195 2174 juris
1222 2123 1487 2175 quinquennii
1516 2124 1642 2161 licen-

261 2187 328 2225 tia.
370 2189 609 2240 Qanquam
629 2188 726 2240 quid
746 2188 794 2226 de
813 2188 1086 2240 quinquennio
1107 2187 1278 2239 cogitem
1298 2189 1312 2226 ?
1343 2187 1521 2227 contrahi
1543 2189 1643 2226 mihi

261 2252 468 2302 negotium
487 2252 656 2292 videtur.
688 2253 761 2293 Sed
779 2249 986 2301 βλάσφημα
1005 2253 1226 2292 mittamus-

1184 2511 1339 2551 1ii2
