2243 3008
432 322 506 376 358
776 312 1465 356 EPISTOLARUM

770 551 1011 589 CICERO
1051 547 1308 584 ATTico
1347 544 1480 581 SAL.

431 682 526 722 LII.
550 678 660 752 LU
674 679 737 718 CI
751 679 788 716 U
801 676 850 715 M
881 674 1068 714 Tullium
1089 673 1338 711 Montanum
1358 668 1472 714 nosti,
1494 668 1564 721 qui
1584 681 1676 707 cum
1697 670 1823 709 Cice:

649 756 742 782 rone
762 739 960 794 profectus
981 738 1048 777 est.
1092 737 1158 775 Ab
1187 737 1271 789 ejus
1292 735 1430 773 sororis
1451 733 1536 773 viro
1555 733 1684 772 literas
1705 747 1817 772 acce-

430 814 488 868 pi,
519 812 762 851 Montanum
795 806 942 844 Planco
971 803 1126 848 debere,
1156 801 1263 854 quod
1294 813 1392 854 praes
1422 813 1494 853 pro
1526 799 1726 838 Flaminio
1757 800 1818 844 fit,

433 880 526 919 H-S
550 890 636 915 xxv
657 890 668 914 ι
700 874 748 912 de
767 885 810 911 ea
830 885 869 910 re
890 870 1020 909 nescio
1039 868 1136 922 quid
1156 877 1195 906 te
1214 881 1236 906 a
1255 867 1452 906 Montano
1481 874 1677 918 rogatum.
1724 866 1820 904 Sane

432 944 567 987 velim,
599 941 674 979 five
705 938 874 976 Plancus
906 935 960 973 est
992 933 1203 987 rogandus,
1234 933 1309 971 five
1329 944 1406 984 qua
1426 944 1466 969 re
1487 940 1597 983 potes
1617 931 1735 969 illum
1749 932 1820 983 ju-

431 1022 533 1053 vare,
559 1008 701 1059 juves:
733 1003 905 1056 pertinet
935 1000 982 1038 ad
1013 999 1190 1038 nostrum
1220 996 1414 1036 officium.
1461 996 1500 1034 Si
1529 1009 1587 1034 res
1615 996 1690 1034 tibi
1718 994 1821 1034 forte

433 1074 565 1114 notior
583 1071 653 1116 est,
673 1082 793 1122 quam
814 1065 930 1111 mihi,
961 1074 1028 1103 aut
1048 1066 1075 1103 fi
1096 1065 1290 1103 Plancum
1311 1061 1529 1115 rogandum
1549 1071 1662 1115 putas
1679 1080 1691 1107 ;
1724 1061 1820 1099 scri-

432 1140 500 1178 bas
521 1138 568 1176 ad
588 1149 652 1175 me
671 1134 807 1178 velim,
838 1140 898 1177 ut,
929 1130 1027 1183 quid
1058 1130 1112 1168 rei
1143 1129 1204 1174 fit,
1234 1137 1273 1167 et
1301 1127 1399 1180 quid
1419 1126 1653 1179 rogandum,
1685 1126 1819 1165 sciam.

433 1206 498 1244 De
516 1201 678 1256 epistola
695 1199 742 1238 ad
764 1197 954 1237 Caesarem
973 1195 1071 1248 quid
1091 1195 1230 1248 egeris,
1258 1194 1436 1246 expecto.
1468 1193 1531 1230 De
1551 1192 1648 1230 Sino
1669 1205 1747 1230 non
1769 1192 1824 1230 ita

434 1271 522 1309 sane
541 1268 691 1307 laboro.
723 1265 790 1303 Tu
812 1262 868 1301 mi
888 1271 955 1300 aut
975 1260 1227 1313 Scapulanos,
1248 1268 1315 1298 aut
1335 1257 1565 1302 Clodianos,
1585 1257 1729 1295 efficias
1750 1255 1829 1294 ne-7

435 1333 533 1374 cesse
563 1332 630 1370 est.
677 1329 751 1368 Sed
782 1327 912 1366 nescio
939 1325 1038 1378 quid
1058 1325 1199 1364 videris
1220 1324 1399 1362 dubitare
1418 1322 1466 1360 de
1486 1321 1654 1366 Clodia;
1687 1331 1823 1359 utrum

435 1397 594 1452 quando
613 1395 758 1439 veniat,
788 1405 836 1430 an
866 1391 991 1429 fintne
1010 1390 1196 1429 venales?
1228 1388 1302 1427 Sed
1331 1387 1428 1440 quid
1459 1386 1527 1432 est,
1557 1385 1666 1439 quod
1690 1386 1823 1431 audio,

438 1461 689 1516 Spintherem
708 1457 838 1497 feciffe
859 1455 1074 1494 divortium
1090 1457 1104 1493 ?
1135 1455 1199 1493 De
1218 1454 1355 1506 lingua
1374 1452 1516 1490 Latina
1534 1451 1658 1489 securi
1677 1464 1717 1488 es
1737 1451 1825 1488 ani-

436 1529 511 1573 mi,
536 1527 657 1570 dices,
679 1523 748 1576 qui
769 1522 860 1560 talia
878 1519 1108 1559 conscribis.
1140 1514 1352 1566 ’Λπόγραφα
1372 1516 1462 1555 sunt
1479 1531 1490 1556 ι
1520 1516 1674 1556 minore
1693 1515 1827 1554 labore

438 1593 542 1632 fiunt
559 1607 569 1631 ε
600 1590 719 1630 verba
736 1595 893 1627 tantum
911 1585 1045 1631 affero,
1076 1582 1223 1638 quibus
1243 1580 1417 1622 abundo.

773 1793 1017 1832 emeno
1059 1790 1317 1828 Armco
1359 1789 1491 1827 SAL.

442 1925 558 1966 LIII.
592 1921 781 1995 EGO,
811 1920 878 1958 etsi
910 1917 1011 1957 nihil
1043 1917 1183 1963 habe0‚
1214 1916 1321 1969 quod
1347 1916 1394 1953 ad
1420 1923 1459 1954 te
1488 1914 1668 1958 scribam,
1700 1913 1827 1953 scribo

689 1995 834 2029 tamen,
877 1983 970 2035 quia
1003 1991 1135 2020 tecum
1170 1981 1282 2033 loqui
1312 1980 1459 2018 videor.
1506 1978 1588 2017 Hic
1620 1979 1828 2018 nobiscum

443 2056 533 2095 sunt
554 2052 692 2092 Nicias
712 2061 751 2089 et
771 2049 965 2088 Valerius.
1012 2045 1146 2084 Hodie
1167 2056 1252 2084 tuas
1272 2045 1402 2084 literas
1422 2044 1719 2098 expe-{labamus
1741 2058 1828 2083 ma-

443 2120 590 2159 tutinas
609 2132 619 2156 z
650 2124 766 2155 erunt
785 2112 938 2153 fortaffe
957 2111 1085 2150 alterae
1105 2110 1427 2164 postmeridianae,
1461 2110 1528 2148 nisi
1552 2119 1587 2147 te
1616 2110 1829 2163 Epiroticae

444 2186 565 2224 literae
587 2181 827 2235 impedient,
849 2192 943 2233 quas
963 2191 1038 2230 ego
1057 2189 1135 2215 non
1157 2175 1379 2229 interpello.
1413 2175 1505 2214 Mist
1526 2175 1571 2213 ad
1594 2184 1630 2213 te
1650 2175 1828 2227 epistolas

445 2250 494 2288 ad
521 2249 787 2292 Marcianum,
818 2255 858 2284 et
883 2244 931 2283 ad
962 2243 1231 2282 Montanum:
1263 2255 1324 2281 eas
1345 2242 1387 2281 in
1407 2241 1575 2281 eundem
1595 2239 1829 2279 fasciculum

445 2315 567 2355 velim
584 2313 715 2362 addas,
746 2312 817 2354 nisa
836 2310 938 2352 forte
952 2312 1038 2365 jam
1056 2307 1210 2349 dedisti.
