2243 3008
466 289 513 330 32
808 271 1494 312 EPISTOLARUM

462 377 510 415 iis
532 375 642 416 novis
663 373 848 413 amicitiis
869 372 1063 425 implicati
1094 371 1240 415 sumus,
1272 380 1316 408 ut
1342 371 1478 408 crebro
1510 368 1611 408 mihi
1642 369 1747 408 vafer
1776 368 1843 407 ille

462 442 619 480 Siculus
640 439 849 479 insusurret
870 437 1131 490 Epicharmus
1151 435 1387 474 cantilenam
1408 435 1517 473 illam
1537 435 1644 473 suam
1662 450 1672 473 ε

600 505 690 556 xii-'pe
718 523 771 553 »(91
798 501 1097 555 μέμνητ’σὶπιςεῖν·
1133 501 1231 556 &pega
1260 501 1356 538 ἀὖα
1383 499 1441 538 τῶν
1469 500 1594 552 φρενῶν.

464 571 525 608 Ac
557 568 691 607 nostrae
720 567 881 619 quidem
913 565 1072 603 rationis
1104 577 1146 602 ac
1179 564 1266 601 vitae
1298 563 1402 615 quasi
1434 563 1631 616 quandam
1658 561 1842 606 formam,

463 643 508 672 ut
539 634 694 686 opinor,
725 631 846 669 vides.
893 631 955 668 De
989 638 1058 667 tuo
1088 639 1220 667 autem
1253 628 1412 680 negotio
1446 627 1543 680 saepe
1573 627 1619 664 ad
1654 640 1717 665 me
1748 626 1844 664 scri-

465 698 554 742 bis;
586 697 651 736 cui
671 695 817 734 mederi
838 708 943 732 nunc
965 707 1042 732 non
1065 693 1262 745 possumus
1282 707 1290 730 ε
1322 692 1375 730 est
1406 693 1514 730 enim
1541 691 1641 729 illud
1670 691 1844 729 senatus-

463 763 690 802 consultum
710 761 860 799 summa
880 759 1126 812 pedariorum
1146 758 1362 802 voluntate,
1384 757 1533 795 nullius
1555 756 1729 794 nostrum
1749 768 1844 794 auc-

465 830 635 873 toritate,
671 827 834 865 factum.
880 825 1001 869 Nam,
1037 823 1143 876 quod
1172 837 1236 861 me
1265 823 1336 861 effe
1362 823 1409 860 ad
1439 821 1690 860 scribendum
1721 821 1844 865 vides,

464 908 511 932 ex
533 893 616 946 ipso
636 891 992 930 senatus-consulto
1011 889 1231 940 intelligere
1252 897 1377 940 potes,
1408 888 1524 925 aliam
1554 901 1636 925 rem
1668 895 1755 924 tum
1783 899 1845 923 re-

464 960 610 1002 latam;
653 956 729 994 hoc
763 964 894 993 autem
922 953 963 992 de
983 953 1123 1005 populis
1151 952 1283 996 liberis,
1315 952 1393 989 fine
1422 951 1533 988 causa
1560 951 1767 995 additum;
1808 959 1847 988 et

464 1024 518 1061 ita
538 1022 684 1060 factum
704 1019 757 1057 est
777 1033 797 1056 a
818 1020 862 1056 P.
887 1017 1049 1055 Servilio
1076 1016 1174 1060 filio,
1205 1016 1275 1068 qui
1306 1015 1348 1053 in
1380 1015 1583 1068 postremis
1615 1015 1847 1053 sententiam

463 1088 565 1126 dixit
582 1105 594 1131 ς
626 1085 688 1123 sed
709 1083 909 1122 immutari
930 1081 1007 1120 hoc
1029 1090 1204 1134 tempore
1224 1094 1303 1119 non
1324 1081 1463 1133 potest.
1509 1082 1647 1133 Itaque
1673 1094 1848 1119 conven-

464 1162 544 1198 tus,
575 1151 643 1202 qui
674 1150 789 1188 initio
818 1147 1128 1192 celebrabantur,
1153 1149 1238 1199 jam
1267 1146 1335 1184 diu
1357 1146 1441 1184 fieri
1472 1145 1678 1185 desierunt.
1725 1148 1791 1184 Tu
1822 1146 1849 1184 fi

464 1218 543 1256 tuis
565 1215 766 1254 blanditiis
787 1223 916 1251 tamen
936 1226 958 1250 a
977 1212 1169 1263 Sicyoniis
1190 1211 1491 1250 nummulorum
1511 1210 1662 1263 aliquid
1691 1209 1847 1262 expres-

463 1283 581 1327 seris;
613 1281 747 1325 velim,
769 1293 832 1317 me
851 1278 968 1316 facias
989 1278 1212 1316 certiorem.
1245 1277 1588 1316 Commentarium
1610 1276 1847 1315 Consulatus

464 1348 544 1386 mei
565 1348 701 1385 Graece
722 1344 983 1397 compofitum
1003 1343 1089 1381 mifi
1119 1343 1165 1381 ad
1196 1351 1233 1380 te
1251 1357 1260 1381 :
1292 1342 1334 1380 in
1355 1356 1436 1395 quo
1455 1343 1481 1381 fi
1503 1343 1600 1395 quid
1620 1343 1708 1387 erit,
1740 1341 1847 1394 quod

463 1411 620 1451 homini
640 1411 779 1448 Attico
799 1410 930 1447 minus
953 1409 1140 1446 Graecum
1160 1406 1439 1460 eruditumque
1459 1407 1634 1445 videatur
1648 1426 1660 1452 ς
1685 1419 1763 1445 non
1784 1406 1848 1444 di-

464 1491 568 1522 cam,
599 1475 705 1529 quod
727 1475 815 1520 tibi,
838 1483 882 1512 ut
901 1474 1055 1526 opinor,
1088 1472 1274 1511 Panormi
1293 1473 1489 1511 Lucullus
1511 1472 1558 1510 de
1578 1472 1655 1510 suis
1677 1471 1847 1510 historiis

464 1542 641 1586 dixerat3
674 1540 725 1585 se,
756 1553 836 1592 quo
865 1537 1022 1585 facilius
1051 1538 1137 1577 illas
1169 1538 1350 1591 probaret
1370 1538 1541 1576 Romani
1562 1536 1738 1575 hominis
1758 1535 1848 1581 effe,

465 1608 614 1646 idcirco
635 1607 792 1644 barbara
812 1604 989 1657 quaedam
1009 1613 1048 1642 et
1067 1601 1206 1639 σόλοικα.
1224 1603 1431 1657 dispersisse
1449 1618 1459 1642 :
1491 1603 1594 1656 apud
1621 1617 1684 1641 me
1705 1603 1729 1641 fi
1752 1602 1850 1655 quid

463 1673 538 1711 erit
558 1671 763 1724 ejusmodi,
795 1684 858 1708 me
878 1669 1127 1722 imprudente
1146 1669 1220 1707 erit
1240 1679 1278 1708 et
1299 1669 1439 1708 invito.
1486 1669 1676 1708 Latinum
1703 1668 1729 1706 s1
1759 1681 1849 1720 per-

467 1738 609 1783 fecero,
654 1738 700 1776 ad
733 1747 770 1775 te
801 1737 985 1775 mittam:
1033 1736 1193 1773 tertium
1228 1749 1367 1788 poema
1399 1736 1617 1787 expectato,
1662 1747 1708 1772 ne
1742 1733 1849 1786 quod

466 1817 588 1857 genus
609 1817 630 1841 a
649 1817 711 1842 me
731 1802 814 1855 ipso
835 1801 959 1840 laudis
981 1814 1075 1838 meae
1097 1801 1430 1852 praetermittatur.
1463 1800 1544 1837 Hic
1568 1809 1626 1844 tu,
1657 1812 1763 1843 cave,
1785 1798 1848 1836 di-

465 1883 545 1914 cas,
587 1867 633 1906 τὶς
665 1864 774 1919 πατέρ’
802 1863 931 1909 αἱνὴσᾶς
976 1865 1000 1903 sl
1035 1864 1089 1903 est
1122 1865 1229 1903 enim
1263 1865 1366 1918 apud
1399 1863 1580 1903 homines
1615 1864 1848 1918 quidquam,

465 1933 573 1987 quod
595 1932 724 1985 potius
756 1931 816 1976 sit,
848 1931 1053 1975 laudetur;
1089 1943 1157 1968 nos
1190 1931 1473 1984 vituperemur,
1505 1930 1573 1982 qui
1607 1943 1684 1968 non
1719 1930 1849 1982 potius

466 2000 541 2038 alia
562 1998 791 2037 laudemus:
823 2010 1046 2048 quanquam
1068 2010 1146 2034 non
1175 1993 1407 2045 ἐγκωμιαςικέι
1436 1996 1523 2034 sunt
1556 1995 1653 2041 hacc,
1686 1996 1747 2034 sed
1779 1997 1848 2033 ιςο-

465 2062 568 2110 (μὲι,
599 2077 684 2116 quae
706 2062 925 2101 scribimus.
962 2062 1137 2113 Qintus
1160 2060 1276 2099 frater
1297 2071 1435 2113 purgat
1458 2061 1492 2099 se
1513 2061 1688 2100 multum
1710 2075 1777 2114 per
1798 2062 1848 2099 li·-

468 2139 582 2173 teras,
613 2138 651 2166 et
683 2127 862 2172 affirmat,
895 2125 994 2164 nihil
1020 2139 1040 2163 a
1061 2126 1096 2163 se
1117 2126 1302 2178 cuiquam
1324 2125 1370 2163 de
1394 2135 1429 2164 te
1450 2125 1556 2164 secus
1577 2126 1648 2164 ell'e
1669 2127 1819 2164 dictum
1838 2141 1847 2164 ε

468 2207 602 2232 verum
624 2193 706 2231 hacc
728 2192 841 2230 nobis
861 2205 993 2230 coram
1014 2190 1165 2229 summa
1181 2204 1271 2229 cura
1286 2201 1323 2229 et
1345 2191 1549 2243 diligentia
1570 2191 1658 2229 sunt
1679 2192 1846 2243 agend-n

469 2270 510 2298 tu
534 2259 650 2297 modo
673 2271 741 2296 nos
764 2257 880 2295 revise
901 2257 1124 2310 aliquando.
1173 2257 1366 2295 Coliinius
1397 2256 1462 2295 hic
1490 2257 1552 2295 cui
1587 2256 1676 2294 dedi
1706 2257 1848 2300 literas,

470 2325 578 2363 valde
600 2324 699 2362 mihi
728 2324 852 2362 bonus
875 2321 1011 2367 homo,
1041 2333 1079 2361 et
1101 2336 1179 2361 non
1202 2323 1310 2367 levis,
1342 2332 1379 2361 et
1401 2336 1531 2361 amans
1555 2323 1626 2366 tui,
1658 2322 1759 2360 visus
1780 2323 1848 2366 cst,

466 2401 505 2428 ct
539 2390 640 2433 talis.
672 2389 829 2441 qualem
861 2388 932 2427 effe
964 2402 1055 2427 cum
1089 2398 1162 2427 tuae
1197 2387 1296 2426 mihi
1329 2389 1447 2426 liter-,t
1479 2388 1717 2426 nuntiarant.
1767 2388 1848 2426 ldi-

470 2457 541 2496 bus
572 2456 693 2495 Mart.
