2243 3008
459 236 529 263 112
799 219 1482 261 EPISTOLARUM

453 325 593 365 deinde
614 337 705 362 cum
728 323 804 376 ipse
832 337 990 376 qnoque
1018 321 1328 360 commodiffime
1357 321 1512 359 locutus
1540 319 1643 365 esset,
1675 318 1720 356 ad
1750 331 1831 357 rem

454 392 627 430 divinam
648 389 745 428 dicit
766 389 800 427 se
820 389 918 426 velle
939 387 1155 431 discedere;
1189 400 1314 438 neque
1334 386 1462 439 postea
1482 385 1698 424 revertitur.
1733 385 1831 422 Cre-

454 458 505 496 do
528 457 731 495 Platonem
752 455 817 492 vix
838 453 983 507 putaffe
1009 453 1097 490 satis
1126 452 1343 489 consonum
1373 451 1469 497 fore,
1501 452 1527 490 s1
1557 450 1763 489 hominem
1792 449 1832 486 id

454 523 576 562 aetatis
597 522 637 559 in
660 531 737 559 tam
757 520 878 572 longo
899 519 1071 557 sermone
1092 517 1240 555 diutius
1262 517 1490 555 retinuisset.
1523 517 1660 554 Multo
1680 529 1753 568 ego
1775 514 1830 552 sa-

454 590 534 628 tius
555 587 630 626 hoc
652 585 753 625 mihi
773 584 988 624 cavendum
1010 583 1143 636 putavi
1164 583 1202 619 in
1227 583 1413 627 Scaevola;
1437 583 1505 635 qui
1525 592 1563 620 et
1583 591 1692 620 aetate
1712 591 1751 618 et
1766 593 1833 618 va-

455 653 631 692 letudine
649 660 729 690 erat
749 664 806 695 ea,
836 663 912 702 qua
931 649 1002 687 effe
1024 647 1264 692 meministi,
1296 656 1335 685 et
1365 647 1411 685 iis
1432 647 1665 690 honoribus,
1697 655 1741 683 ut
1769 646 1835 683 vix

456 719 544 758 satis
565 718 750 756 decorum
772 715 980 759 videretur,
1010 727 1101 751 eum
1131 712 1261 765 plures
1294 713 1374 750 dies
1404 712 1476 750 effe
1507 713 1546 749 in
1576 711 1694 749 Craffi
1727 709 1834 748 Tus-

455 785 623 824 culano:
655 792 694 820 et
712 790 792 819 erat
812 781 931 833 primi
951 779 1043 818 libri
1064 779 1189 817 sermo
1208 791 1288 815 non
1317 778 1465 816 alienus
1495 791 1516 815 a
1547 776 1724 815 Scaevolae
1754 775 1834 812 stu-

457 851 547 889 diis.
595 847 754 899 Reliqui
776 846 868 884 libri
895 842 1103 890 τεχνολογίαν
1122 842 1284 886 habent,
1317 852 1359 881 ut
1380 843 1480 881 scis:
1512 842 1607 880 huic
1631 840 1833 893 joculato-

457 930 540 954 rem
562 914 689 952 senem
711 912 842 956 illum,
873 919 917 948 ut
949 921 1075 952 noraS,
1106 907 1280 946 intereffe
1309 907 1393 946 sane
1415 908 1539 946 nolui.
1585 907 1648 945 De
1680 920 1718 944 re
1748 905 1838 943 filiae

456 980 564 1034 quod
585 978 734 1022 scribis,
765 977 838 1014 erit
858 973 959 1012 mihi
980 986 1107 1011 curae:
1139 973 1287 1010 etenim
1308 972 1361 1010 est
1380 972 1581 1010 luculenta
1600 985 1675 1016 res,
1707 973 1836 1009 Aure-

456 1046 566 1089 liani,
589 1053 631 1082 ut
653 1042 802 1085 scribis,
833 1039 990 1077 indiciis
1006 1056 1020 1082 5
1051 1047 1089 1075 et
1110 1037 1150 1075 in
1171 1051 1218 1076 eo
1238 1050 1301 1075 me
1320 1038 1439 1076 etiam
1459 1037 1606 1076 Tulliae
1626 1050 1721 1075 meae
1742 1049 1838 1074 ven-

456 1111 604 1150 ditabo.
645 1106 822 1145 Vestorio
842 1119 921 1144 non
941 1103 1075 1141 desum
1094 1118 1103 1141 :
1135 1113 1291 1155 gratum
1311 1104 1418 1141 enim
1439 1103 1513 1141 tibi
1533 1103 1574 1141 id
1594 1102 1666 1141 effe
1686 1102 1838 1140 intelli-

456 1191 535 1230 go;
557 1184 596 1213 et
617 1183 660 1213 ut
680 1173 748 1211 ille
767 1171 978 1222 intelligat,
999 1182 1109 1207 curo.
1141 1168 1214 1206 Sed
1235 1168 1323 1213 scis,
1353 1168 1424 1221 qui
1442 1169 1455 1206 ?
1487 1182 1578 1207 cum
1600 1167 1741 1206 habeat
1760 1167 1840 1206 duo

457 1241 607 1285 faciles,
638 1237 739 1277 nihil
760 1236 976 1274 difficilius.
1009 1234 1132 1272 Nunc
1153 1233 1199 1271 ad
1219 1247 1275 1279 ea,
1306 1247 1393 1286 quae
1414 1234 1553 1287 quaeris
1574 1233 1622 1272 de
1643 1235 1691 1272 C.
1716 1234 1839 1272 Cato-

459 1322 522 1347 ne.
555 1307 661 1358 Lege
677 1303 795 1355 Junia
815 1312 853 1340 et
874 1300 1029 1340 Licinia
1048 1299 1121 1337 scis
1141 1299 1387 1338 absolutum:
1412 1299 1525 1338 Fufia
1543 1313 1616 1352 ego
1638 1299 1711 1337 tibi
1733 1312 1837 1336 nun-

460 1374 517 1413 tio
547 1370 772 1410 absolutum
800 1367 876 1412 iri;
910 1379 1036 1418 neque
1064 1365 1238 1418 patronis
1259 1365 1336 1404 suis
1359 1374 1438 1404 tam
1458 1365 1690 1410 libentibus,
1721 1377 1842 1417 quam

460 1436 762 1479 accusatoribus.
809 1435 846 1473 Is
879 1442 1007 1471 tamen
1040 1441 1079 1469 et
1110 1445 1284 1477 mecum,
1315 1441 1354 1469 et
1374 1445 1466 1470 cum
1488 1431 1660 1476 Milone,
1692 1431 1731 1468 in
1752 1444 1841 1483 gra-

462 1507 557 1545 tiam
579 1502 706 1542 rediit.
754 1500 903 1540 Drusus
925 1511 1011 1537 reus
1031 1497 1085 1536 est
1111 1497 1233 1536 faetus
1254 1511 1275 1535 a
1295 1498 1495 1543 Lucretio,
1522 1497 1725 1549 judicibus
1747 1497 1840 1549 reji-

462 1571 611 1610 ciendis
632 1583 665 1607 a.
689 1568 727 1606 d.
753 1581 792 1605 v.
816 1567 926 1605 Non.
950 1565 1094 1616 Qint.
1128 1565 1189 1602 De
1211 1563 1383 1602 Procilio
1404 1576 1577 1602 rumores
1607 1576 1686 1601 non
1717 1562 1810 1600 boni
1830 1577 1840 1600 :

462 1636 523 1676 sed
539 1635 689 1688 judicia
709 1632 820 1671 nosti.
859 1632 1004 1669 Hirrus
1025 1643 1118 1667 cum
1140 1629 1323 1667 Domitio
1344 1629 1383 1666 in
1405 1629 1528 1681 gratia
1545 1627 1613 1667 est.
1657 1629 1842 1666 Senatus-

462 1702 702 1745 consultum,
727 1698 834 1752 quod
854 1697 919 1735 hic
942 1695 1132 1735 Consules
1153 1695 1200 1733 de
1220 1695 1434 1748 provinciis
1454 1694 1647 1739 fecerunt,
1678 1694 1842 1746 Qicun-

462 1782 527 1822 que
540 1766 696 1821 pcsshac,
733 1778 811 1802 non
834 1762 935 1802 mihi
956 1764 979 1788 ⁴*
1002 1771 1046 1800 ut
1065 1761 1134 1814 qui
1156 1762 1239 1813 jam
1260 1760 1579 1812 intelligebamus
1599 1760 1841 1798 enuntiatio-

463 1847 554 1873 nem
575 1833 684 1871 illam
706 1829 893 1869 Memmii
914 1828 1024 1867 valde
1041 1827 1180 1866 Caesari
1201 1825 1417 1879 displicere.
1451 1825 1628 1863 Meis-alla
1648 1824 1787 1869 noster,
1805 1835 1844 1864 et

462 1901 546 1951 ejus
564 1897 767 1936 Domitius
789 1895 1041 1947 competitor,
1059 1892 1230 1930 liberalis
1247 1892 1286 1929 in
1305 1890 1453 1944 populo
1470 1890 1578 1928 valde
1599 1889 1691 1928 fuit.
1725 1889 1843 1928 Nihil

465 1965 627 2018 gratius.
653 1962 761 2000 Certi
782 1969 889 1999 erant
911 1958 1115 1998 Consules.
1148 1958 1207 1996 Ac
1230 1958 1390 1996 Senatus
1411 1956 1596 2001 decrevit,
1615 1965 1657 1994 ut
1679 1956 1844 1994 tacitum
1899 1956 1907 1968 ‘

459 2029 659 2083 judicium
681 2036 768 2065 ante
789 2025 951 2064 comitia
981 2024 1101 2062 fieret.
1148 2023 1213 2061 Ab
1234 2024 1280 2061 iis
1301 2022 1487 2067 consiliis,
1519 2036 1604 2074 quae
1625 2031 1732 2060 erant
1753 2035 1842 2059 om-

466 2095 582 2134 nibus
605 2093 736 2132 sortita
757 2093 796 2130 in
819 2091 988 2144 singulos
1010 2089 1250 2134 candidatos,
1282 2102 1445 2141 magnus
1472 2088 1590 2126 timor
1617 2087 1844 2125 candidato-

466 2175 581 2199 rum:
615 2159 676 2197 sed
697 2158 856 2210 quidam
884 2156 1053 2209 judices,
1086 2155 1124 2193 in
1158 2154 1219 2193 his
1253 2154 1440 2207 Opimius
1463 2154 1601 2191 Vcien.
1625 2154 1723 2191 Tro.
1758 2154 1843 2190 An-

465 2227 558 2271 tius,
574 2225 777 2264 Tribunos
799 2223 924 2277 plebis
945 2222 1203 2275 appellarunt,
1224 2234 1268 2258 ne
1292 2220 1430 2272 injussu
1453 2219 1588 2272 populi
1605 2219 1842 2271 judicarent.

465 2294 542 2330 Res
575 2290 692 2329 cedit.
740 2289 915 2327 Comitia
948 2288 1067 2326 dilata
1093 2301 1139 2325 ex
1174 2285 1544 2329 leuatus-consulto,
1575 2284 1670 2322 dum
1702 2284 1763 2322 lex
1797 2284 1845 2322 dc

467 2358 585 2396 tacito
601 2355 753 2408 judicio
776 2354 952 2393 ferretur.
1002 2354 1119 2392 Venit
1149 2353 1225 2405 legi
1247 2352 1326 2389 dics
1346 2367 1354 2389 :
1389 2351 1598 2389 Terentius
1622 2350 1843 2388 intercedit.

466 2421 672 2467 Consules,
715 2421 782 2473 qni
818 2420 916 2458 illud
953 2420 1027 2458 levi
1061 2418 1222 2457 brachio
1255 2417 1430 2469 cgiss'cnt,
1470 2431 1549 2454 rem
1584 2415 1629 2453 ad
1663 2417 1847 2453 Senatum

463 2488 705 2529 detulerunt.
753 2487 832 2527 liic
857 2487 1026 2532 Abdera,
1059 2499 1136 2525 non
1160 2494 1309 2524 tacente
1331 2498 1406 2523 inc.
1456 2483 1589 2527 Diem,
1622 2483 1774 2521 Tamen
1806 2491 1848 2520 tu
