2243 3008
556 286 664 326 AD
723 280 1153 332 ATTICUM
1221 282 1362 321 LIB.
1414 284 1490 323 111.
1667 285 1711 325 Si

327 386 454 439 culpae
485 384 635 424 socium
666 396 824 436 quaerO:
856 394 899 419 ac
927 381 954 419 fi
975 379 1169 425 restituor,
1200 381 1319 418 etiam
1339 381 1470 420 minus
1492 382 1713 420 videbimur

325 450 556 502 deliquisse,
587 450 655 487 abs
678 458 793 501 teque
813 455 931 490 certe,
962 446 1152 499 quoniam
1184 446 1296 484 nullo
1325 446 1468 491 nostro,
1502 457 1569 484 tuo
1595 447 1711 499 iphus

326 515 519 554 beneficio
540 514 767 566 diligemur.
814 511 934 563 Qod
961 521 999 548 te
1026 524 1119 548 cum
1146 510 1324 549 Culeone
1355 511 1490 553 scribis
1521 513 1566 548 de
1587 513 1710 575 privi—

326 580 430 632 legio
450 581 660 627 locutum;
693 578 746 616 est
765 576 944 630 aliquid,
976 575 1040 613 sed
1060 575 1190 613 multo
1210 575 1263 613 est
1284 576 1425 613 melius
1447 576 1567 628 abrog
1555 577 1638 614 Uari
1673 577 1710 614 Si

325 645 433 683 enim
455 657 572 692 nemo
591 643 797 696 impediet,
828 641 925 695 quid
945 640 999 678 est
1017 639 1170 678 firmius
1191 641 1203 678 ?
1236 640 1289 678 fin
1311 641 1398 686 erit,
1430 642 1500 693 qui
1519 639 1611 678 ferri
1634 654 1711 678 non

326 710 449 756 finat3
479 710 587 757 idem
607 707 965 747 senatus—consulto
986 705 1214 744 intercedet.
1263 707 1350 744 Nec
1371 707 1585 759 quicquam
1606 706 1712 744 aliud

325 787 424 826 opus
456 774 510 812 est
539 787 659 826 quam
690 772 895 824 abrogari:
926 783 1019 808 nam
1051 770 1158 822 prior
1189 771 1252 808 lex
1283 783 1352 809 nos
1386 770 1487 809 nihil
1518 770 1710 815 laedebat;

324 853 444 892 quam
465 839 506 887 fi,
537 848 582 877 ut
610 838 663 876 est
688 837 951 890 promulgata,
982 835 1138 883 laudare
1158 835 1425 881 voluissemus,
1457 846 1538 881 aut,
1570 845 1613 874 ut
1633 845 1712 874 erat

326 904 575 956 negligenda,
620 903 833 956 negligere,
875 914 1015 948 nocere
1050 900 1214 939 omnino
1248 901 1362 939 nobis
1398 915 1476 939 non
1511 901 1709 954 potuisset.

326 970 408 1017 Hic
429 969 531 1017 mihi
551 969 727 1022 primum
748 982 826 1017 non
849 967 968 1006 modo
989 966 1197 1004 consilium
1223 965 1366 1012 defuit,
1397 967 1460 1005 sed
1491 968 1610 1004 etiarn
1637 967 1710 1004 ob-

324 1033 418 1081 fuit.
452 1035 572 1084 Caeci,
595 1035 703 1083 caeci,
734 1035 913 1085 inquam,
945 1031 1096 1070 fuimus
1117 1033 1158 1070 in
1180 1032 1318 1070 vestitu
1339 1032 1544 1078 mutando,
1575 1034 1615 1070 in
1636 1046 1710 1085 po-

324 1099 421 1151 pulo
441 1099 641 1151 rogando:
675 1099 797 1150 qnod,
829 1098 899 1135 nisi
919 1097 1157 1135 nominatim
1177 1110 1335 1135 mecum
1356 1098 1418 1149 agi
1447 1108 1623 1149 coeptum
1652 1098 1710 1136 es-

325 1164 394 1211 set,
426 1164 510 1202 fieri
535 1163 804 1216 perniciosum
835 1162 927 1200 fuit.
975 1162 1046 1199 Sed
1067 1176 1187 1214 pergo
1206 1164 1426 1214 praeterita:
1459 1173 1712 1201 veruntamen

324 1229 375 1277 ob
407 1229 509 1278 ¹hanc
540 1229 709 1277 causam,
741 1237 799 1273 ut,
829 1228 858 1266 fi
892 1227 989 1280 quid
1020 1237 1211 1280 ageretur,
1242 1227 1371 1279 legem
1404 1228 1529 1273 illam,
1562 1229 1601 1265 in
1635 1242 1714 1280 qua

323 1295 527 1348 popularia
545 1294 673 1342 multa
694 1293 797 1344 sunt,
820 1307 867 1338 ne
888 1293 1070 1345 tangatis.
1098 1293 1248 1330 Verum
1269 1292 1322 1330 est
1342 1292 1506 1330 stultum
1528 1306 1590 1330 me
1611 1307 1710 1345 prae-

323 1360 571 1413 ciperequid
590 1361 726 1412 agatis,
759 1368 825 1397 aut
845 1373 926 1412 quo
945 1358 1080 1397 modo.
1127 1359 1294 1396 Utinam
1326 1358 1445 1397 modo
1477 1368 1611 1410 agatur
1638 1358 1710 1396 ali-

323 1426 523 1478 quid:f1n
543 1439 623 1478 quo
640 1425 727 1478 ipso
747 1425 875 1464 multa
893 1423 1097 1474 occultant
1118 1432 1192 1477 tuae
1213 1423 1349 1469 literae‚
1381 1424 1496 1462 credo
1523 1438 1572 1462 ne
1593 1424 1711 1462 vehe-

324 1491 497 1539 mentius
524 1490 788 1544 desperatione
815 1489 1034 1542 perturber.
1081 1489 1192 1545 Qid
1223 1489 1331 1528 enim
1362 1489 1469 1528 vides
1498 1490 1562 1542 agi
1592 1489 1710 1547 pofl‘e,

323 1565 390 1593 aut
409 1570 517 1608 quo
508 1557 656 1606 modo?
679 1570 746 1609 per
761 1557 1024 1605 Senatumne?
1048 1554 1101 1593 ast
1122 1564 1205 1593 tute
1226 1555 1404 1608 scripfisti
1425 1555 1471 1594 ad
1487 1569 1564 1600 me,
1582 1555 1710 1609 quod-

324 1622 414 1659 dam
446 1631 564 1673 caput
596 1621 693 1673 legis
727 1621 918 1665 Clodium
951 1622 994 1659 in
1028 1620 1144 1658 curiae
1174 1620 1280 1673 poste
1310 1621 1446 1665 fixiffe,
1478 1635 1526 1659 ne
1560 1620 1709 1666 referri,

323 1699 419 1724 neve
440 1686 534 1731 dici,
565 1686 715 1724 liceret.
762 1686 855 1737 Qo
884 1684 1003 1723 modo
1032 1685 1154 1737 igitur
1184 1685 1389 1723 Domitius
1418 1686 1455 1723 se
1480 1685 1581 1723 dixit
1611 1685 1710 1724 rela-

322 1760 459 1789 turum
478 1752 490 1788 ?
523 1765 603 1804 quo
624 1751 744 1789 modo
764 1760 895 1799 autem
916 1751 979 1796 iis,
1010 1764 1109 1803 quos
1132 1759 1174 1788 tu
1196 1750 1347 1795 scribis,
1378 1759 1417 1788 et
1438 1751 1484 1788 de
1514 1765 1552 1788 re
1572 1750 1710 1789 dicen-

323 1817 444 1862 tibus,
475 1825 515 1854 et
546 1826 590 1854 ut
622 1815 830 1854 referretur
859 1815 1162 1868 postulantibus,
1196 1815 1360 1854 Clodius
1390 1816 1543 1854 tacuit?
1576 1817 1651 1861 Ac,
1683 1817 1710 1855 fi

321 1896 391 1935 per
410 1882 620 1935 populum,
649 1883 876 1935 poterintne
896 1881 968 1920 nisi
990 1881 1036 1920 de
1065 1881 1247 1920 omnium
1277 1882 1554 1920 Tribunorum
1583 1882 1710 1934 plebis

320 1947 540 1997 sententia?
572 1948 684 2000 Qid
717 1948 765 1986 de
799 1948 946 1986 bonis?
977 1947 1074 2000 quid
1108 1946 1155 1985 de
1186 1947 1340 1989 domo?
1371 1947 1567 2000 poteritne
1599 1948 1709 1986 resti-

322 2014 381 2061 tui
401 2015 413 2051 ?
445 2022 526 2059 aut,
560 2013 585 2063 fi
616 2027 695 2052 non
717 2014 876 2066 poterit,
907 2022 1065 2066 egomet
1091 2013 1293 2065 quomodo
1311 2013 1489 2067 potero?
1512 2012 1618 2051 -Haec
1640 2012 1711 2051 nifi

320 2078 428 2119 vides
448 2079 638 2132 expediri,
671 2093 790 2132 quam
811 2080 852 2117 in
873 2079 982 2132 spem
1002 2092 1067 2117 me
1087 2092 1199 2117 vocas
1219 2079 1233 2116 ?
1264 2078 1319 2117 fin
1349 2086 1480 2116 autem
1508 2077 1586 2130 spei
1608 2077 1711 2116 nihil

319 2144 388 2190 est,
420 2159 506 2198 quae
526 2145 581 2183 est
601 2144 703 2195 mihi
723 2145 801 2184 vita
820 2146 832 2184 ?
865 2146 1003 2199 Itaque
1022 2146 1184 2198 expecto
1205 2143 1489 2184 Theffalonicae
1516 2145 1596 2185 aeta
1628 2144 1709 2181 Ka-

321 2209 427 2249 lend.
452 2211 558 2259 Sext.
581 2225 629 2261 ex
649 2211 796 2264 quibus
817 2211 996 2265 statuam,
1028 2211 1068 2250 in
1100 2210 1236 2261 tuosne
1257 2223 1367 2264 agros
1389 2208 1634 2261 confugiam,
1666 2218 1711 2246 ut

322 2288 448 2328 neque
483 2276 635 2315 videam
669 2276 867 2328 homines,
909 2290 1008 2331 quos
1044 2277 1185 2328 nolim,
1228 2285 1267 2314 et
1302 2285 1354 2321 te,
1386 2284 1430 2313 ut
1464 2273 1615 2320 scribis,
1647 2267 1709 2312 vi-

322 2339 450 2386 deam,
466 2351 505 2379 et
524 2343 686 2395 propius
708 2344 794 2388 sun,
817 2343 843 2381 si
863 2342 961 2396 quid
981 2352 1129 2395 agatur,
1163 2340 1482 2398 idque—intellexi
1503 2354 1596 2399 curn
1618 2339 1708 2384 tibi,

323 2413 410 2441 tum
432 2406 586 2456 Qinto
607 2407 732 2453 fratri,
754 2408 931 2460 placere;
954 2421 1002 2445 an
1023 2407 1159 2445 abeam
1179 2406 1390 2458 Cyzicum.
1424 2406 1562 2450 Nunc,
1585 2404 1707 2461 Porn-

324 2470 433 2521 poni,
479 2472 668 2522 quoniam
706 2473 808 2511 nihil
842 2473 1051 2526 impertisti
1091 2482 1165 2510 tuae
1204 2472 1421 2524 prudentiae
1460 2471 1506 2508 ad
1546 2470 1709 2507 salutem

326 2548 469 2579 meam,
501 2535 608 2587 quod
639 2545 705 2574 aut
737 2539 778 2575 in
807 2551 870 2576 me
891 2538 974 2590 ipso
995 2538 1083 2577 satis
1104 2537 1176 2576 effe
1196 2537 1348 2576 confilii
1369 2536 1555 2580 decreras,
1586 2544 1652 2573 aut
1673 2543 1710 2572 te

409 2601 540 2639 ToM.
574 2601 690 2655 vin.
1375 2601 1409 2638 L
1597 2597 1600 2599 “
