2243 3008
500 267 579 308 300
845 251 1530 291 EPISTOLARUM

498 349 722 395 crudelitas,
742 357 846 387 tanta
865 362 958 387 cum
979 349 1150 387 barbaris
1171 349 1354 401 gentibus
1377 349 1619 402 conjunffio,
1642 358 1686 389 ut
1707 363 1785 388 non
1807 362 1881 387 no-

500 414 698 459 minatim,
730 413 793 452 sed
813 414 1043 466 generatim,
1075 413 1308 465 proscriptio
1338 414 1428 452 effet
1458 413 1696 459 informata-15
1730 424 1774 452 ut
1800 415 1883 465 jam

499 479 681 517 omnium
697 479 852 531 judicio
871 479 1131 517 constitutum
1151 477 1256 523 esset,
1273 479 1455 516 omnium
1472 479 1638 518 vestrum
1662 480 1763 517 bona
1784 492 1882 531 prae·

500 543 589 581 dam
610 544 682 582 effe
702 545 809 582 illius
830 544 1024 587 vidtoriae5
1057 541 1240 587 vestrum,
1271 542 1385 594 plane
1405 542 1520 588 dico,
1553 558 1756 597 nunquam
1775 545 1883 582 enim

499 608 546 646 de
567 619 604 646 te
624 609 707 662 ipso
728 609 796 647 nisi
818 607 1077 646 crudeliffime
1097 607 1315 658 cogitatum
1335 605 1402 644 est.
1435 608 1566 658 Qare
1585 609 1798 646 voluntatis
1820 622 1883 646 me

499 687 594 712 meae
616 687 818 726 nunquam
839 672 1076 725 poenitebit;
1109 671 1262 709 confilii
1282 672 1463 724 poenitet.
1509 673 1555 710 In
1583 673 1730 725 oppido
1750 673 1883 725 aliquo

498 739 658 777 mallem
679 738 864 782 resedisse,
895 737 1023 790 quoad
1044 736 1256 775 arcefferer.
1288 737 1429 775 Minus
1450 737 1638 776 sermonis
1659 737 1880 776 subiissem:

498 805 630 842 minus
652 803 878 856 accepiffem
899 803 1044 841 doloris
1064 817 1073 840 :
1106 802 1235 855 ipsum
1255 801 1332 840 hoc
1353 815 1416 840 me
1437 816 1516 841 non
1537 812 1708 855 angeret.
1751 803 1882 841 Brun-

498 869 595 906 dulii
611 870 738 920 jacere
759 869 800 906 in
827 881 962 906 omnes
994 877 1118 920 partes
1147 867 1201 905 est
1229 867 1453 906 molestum.
1501 868 1666 920 Propius
1687 867 1882 913 accedere,

499 943 541 971 ut
563 933 708 978 suades,
739 947 820 986 quo
840 933 959 971 modo
980 932 1055 970 fine
1076 932 1295 977 lietoribus,
1327 945 1425 985 quos
1446 933 1617 985 populus
1638 933 1760 978 dedit,
1792 934 1881 986 pos-

496 999 579 1037 sum
602 1000 614 1036 ?
646 999 716 1051 qui
737 998 839 1036 mihi
860 999 1053 1037 incolumi
1073 997 1195 1036 adimi
1215 1011 1294 1036 non
1316 998 1486 1050 possunt.
1530 1000 1643 1051 Qos
1670 1013 1743 1051 ego
1763 998 1882 1037 modo

494 1064 688 1117 paulisper
707 1077 799 1102 cum
817 1063 970 1102 bacillis
992 1064 1033 1101 in
1055 1064 1211 1102 turbam
1231 1064 1384 1116 conjeci
1404 1063 1451 1101 ad
1471 1063 1664 1116 oppidum
1679 1064 1881 1110 accedens,

494 1142 544 1166 ne
573 1130 661 1182 quis
691 1130 862 1181 impetus
892 1129 1070 1167 militum
1100 1128 1224 1167 fieret.
1270 1128 1445 1181 Reliquo
1465 1138 1640 1181 tempore
1661 1143 1724 1167 me
1744 1129 1879 1168 domo.

494 1196 556 1232 Te
585 1208 692 1233 nunc
721 1195 769 1232 ad
798 1195 968 1234 Balbum
997 1204 1036 1232 et
1067 1195 1275 1247 Oppium:
1307 1194 1355 1232 iis
1383 1194 1552 1246 placeret
1579 1194 1698 1232 modo
1719 1194 1880 1247 propius

494 1260 689 1306 accedere,
721 1269 765 1298 ut
785 1258 858 1298 hac
879 1260 926 1298 de
947 1273 986 1298 re
1006 1259 1285 1298 considerarem
1304 1274 1314 1298 ;
1346 1259 1462 1297 credo
1482 1258 1566 1297 fore
1594 1261 1767 1298 auctores
1786 1275 1795 1298 :
1829 1259 1881 1298 fic

493 1325 600 1363 enim
622 1325 833 1378 recipiunt,
866 1325 1005 1364 Caesari
1035 1339 1114 1364 non
1143 1324 1264 1363 modo
1292 1324 1340 1362 de
1366 1323 1639 1369 conservanda,
1670 1324 1733 1362 sed
1759 1325 1880 1363 etiam

491 1389 540 1428 de
569 1390 758 1443 augenda,
794 1403 880 1428 mea
910 1389 1102 1442 dignitate
1134 1403 1235 1428 curae
1265 1388 1375 1427 fore:
1408 1403 1550 1442 meque
1578 1389 1801 1435 hortantur,
1835 1399 1880 1428 ut

491 1468 636 1507 magno
670 1455 803 1493 animo
834 1455 932 1500 fim;
966 1465 1010 1493 ut
1040 1455 1174 1494 omnia
1204 1454 1357 1492 summa
1387 1455 1564 1507 sperem:
1595 1468 1639 1492 ea
1670 1454 1876 1506 spondent,

490 1521 741 1566 confirmant,
773 1535 858 1573 quae
879 1520 1041 1573 quidem
1061 1519 1163 1558 mihi
1183 1519 1444 1572 exploratiora
1463 1519 1596 1564 ess‘ent,
1628 1519 1655 1557 si
1676 1520 1877 1558 remansis-

490 1585 585 1624 sem.
618 1585 691 1624 Sed
711 1585 847 1638 ingero
867 1585 1074 1638 praeterita.
1098 1584 1213 1630 Vide,
1231 1583 1375 1637 quaeso,
1393 1584 1515 1636 igitur
1534 1597 1592 1629 ea,
1614 1598 1701 1637 quae
1721 1584 1877 1630 restant,

488 1660 528 1688 et
548 1651 707 1704 explora
727 1664 820 1688 cum
840 1650 944 1696 istis;
967 1660 1006 1688 et
1027 1650 1052 1688 s1
1074 1649 1231 1703 putabis
1252 1662 1351 1702 opus
1371 1649 1458 1694 effe,
1480 1658 1519 1687 et
1540 1649 1565 1687 s1
1586 1649 1667 1687 istis
1689 1649 1876 1702 placebit,

488 1730 570 1769 quo
604 1716 728 1768 magis
763 1715 911 1755 factum
945 1715 1119 1755 nostrum
1152 1715 1278 1754 Caesar
1311 1715 1466 1768 probet,
1497 1715 1602 1766 quasi
1636 1715 1683 1753 de
1718 1715 1878 1754 suorum

490 1783 680 1820 sententia
699 1781 860 1821 facturn.
903 1781 1181 1820 Adhibeantur
1201 1780 1443 1825 Trebonius,
1476 1779 1610 1824 Pansa,
1641 1780 1666 1818 fi
1688 1781 1757 1832 qui
1778 1780 1844 1818 alii
1862 1800 1873 1826 ς

488 1847 738 1899 scribantque
756 1847 803 1885 ad
825 1847 1029 1892 Caesarem,
1051 1861 1129 1892 me,
1151 1846 1347 1899 quidquid
1367 1844 1544 1890 fecerim,
1567 1845 1614 1883 de
1635 1845 1699 1883 sua
1719 1845 1875 1884 senten-

488 1913 543 1950 tia
562 1911 704 1950 feciffe.
750 1912 897 1950 Tulliae
929 1926 1024 1950 meae
1055 1911 1215 1950 morbus
1247 1920 1286 1949 et
1318 1911 1570 1949 imbecillitas
1602 1911 1776 1964 corporis
1810 1925 1874 1950 me

487 1977 707 2020 exanimat;
731 1991 849 2029 quarn
871 1978 945 2015 tibi
967 1977 1148 2028 intelligo
1168 1989 1318 2028 magnae
1338 1989 1440 2014 curae
1455 1975 1550 2020 esse;
1572 1975 1679 2028 quod
1698 1975 1751 2014 est
1773 1976 1874 2015 mihi

488 2041 761 2094 gratissimum.
809 2043 870 2080 De
902 2041 1080 2094 Pompeii
1107 2041 1216 2079 exitu
1241 2039 1342 2078 mihi
1364 2040 1531 2078 dubium
1554 2054 1755 2093 nunquam
1777 2041 1871 2081 fuit.

486 2108 617 2146 Tanta
635 2107 742 2145 enim
762 2107 975 2160 desperatio
996 2119 1125 2144 rerum
1155 2107 1238 2158 ejus
1267 2106 1449 2143 omnium
1480 2119 1616 2158 regum
1640 2115 1678 2144 et
1699 2107 1871 2159 populo-

486 2187 575 2212 rum
597 2174 747 2211 animos
767 2182 990 2225 occuparat,
1021 2182 1080 2216 ut,
1112 2185 1349 2224 quocunque
1381 2171 1553 2215 veniffet,
1586 2171 1661 2209 hoc
1695 2182 1872 2223 putarem

487 2238 682 2276 futurum.
716 2239 810 2276 Non
833 2238 983 2291 poss'um
1003 2238 1086 2289 ejus
1107 2237 1238 2275 casum
1260 2250 1337 2275 non
1359 2236 1488 2274 dolere
1507 2251 1516 2275 ι
1540 2235 1745 2275 hominem
1765 2238 1873 2275 enim

487 2304 702 2355 integrum,
733 2313 771 2341 et
792 2303 955 2347 castum,
986 2312 1023 2341 et
1044 2316 1215 2355 gravem,
1246 2302 1429 2354 cognovi.
1477 2303 1537 2340 Dc
1560 2302 1712 2340 Fannio
1731 2303 1872 2340 conso-

486 2370 543 2407 ler
565 2378 600 2406 te
620 2370 632 2406 ?
666 2369 879 2421 perniciosa
899 2369 1132 2421 loquebatur
1153 2368 1200 2406 de
1219 2367 1415 2406 mansione
1444 2376 1522 2405 tua.
1570 2367 1618 2405 L.
1642 2380 1732 2405 vcro
1763 2368 1871 2406 Len-

487 2434 593 2473 tulus
616 2434 816 2472 Hortensii
837 2433 1001 2472 domum
1031 2433 1115 2478 fibi,
1146 2443 1184 2471 ct
1217 2432 1375 2472 Caesaris
1409 2431 1559 2476 hortos,
1589 2442 1627 2470 ct
1661 2432 1769 2471 Baias
1800 2432 1869 2471 de·

484 2500 703 2553 sponderat.
749 2500 928 2539 Omnino
949 2498 1031 2539 haec
1052 2498 1190 2538 codem
1212 2498 1330 2538 modo
1351 2512 1396 2537 cx
1419 2497 1490 2537 hac
1511 2507 1618 2552 parte
1641 2497 1768 2544 fiunt,
1799 2498 1869 2537 nifi
