2243 3008
1090 310 1323 367 [204]

753 564 1664 614 EPISTOLARUM

653 784 845 843 AD
973 780 1782 842 ATTICUM

969 1003 1252 1043 LIBER
1323 1004 1462 1043 VIIl'.

862 1204 1103 1244 CICERO
1141 1205 1398 1243 AT’rxco
1439 1203 1572 1242 SAL.

523 1335 556 1372 I.
694 1333 732 1370 U
746 1331 797 1371 M
829 1332 877 1371 ad
898 1342 936 1372 te
955 1333 1086 1371 literas
1107 1331 1307 1378 dediffem,
1337 1331 1497 1371 redditae
1517 1330 1620 1370 mihi
1639 1330 1761 1371 literae
1782 1330 1871 1370 sunt
1890 1343 1913 1369 a

709 1398 914 1451 Pompeio.
961 1399 1110 1437 Caetera
1139 1398 1186 1436 de
1213 1399 1328 1436 rebus
1356 1399 1398 1436 in
1428 1397 1576 1436 Piceno
1595 1397 1726 1450 gestis,
1757 1411 1843 1450 quae
1863 1396 1912 1434 ad

524 1464 559 1502 se
582 1464 784 1502 Vibullius
817 1463 1045 1517 scripsiffet;
1078 1464 1124 1502 de
1155 1463 1308 1502 delectu
1341 1464 1530 1509 Domitii,
1561 1477 1647 1517 quae
1680 1463 1769 1502 sunt
1799 1463 1913 1501 vobis

523 1539 642 1576 nota3
674 1543 746 1568 nec
779 1538 909 1568 tamen
939 1538 1020 1567 tam
1049 1530 1136 1568 laeta
1165 1539 1273 1567 erant
1303 1529 1344 1566 in
1371 1528 1434 1567 his
1466 1529 1606 1573 literis,
1637 1541 1756 1581 quam
1781 1529 1914 1567 adme

522 1594 764 1633 Philotimus
786 1593 999 1647 scripserat.
1047 1594 1174 1647 Ipsam
1199 1594 1275 1632 tibi
1294 1592 1497 1646 epistolam
1519 1592 1700 1632 mififfem
1718 1612 1730 1639 ς
1763 1593 1827 1632 sed
1847 1593 1913 1632 su-

519 1659 606 1698 bito
626 1658 755 1698 fratris
777 1673 873 1711 puer
892 1659 1236 1712 proficiscebatur:
1260 1671 1343 1697 cras
1363 1659 1486 1712 igitur
1506 1659 1664 1697 mittam
1683 1673 1695 1698 1
1726 1658 1789 1697 sed
1810 1659 1851 1697 in
1871 1672 1916 1697 ea

522 1725 702 1778 Pompeii
722 1725 883 1779 epistola
902 1734 983 1763 erat
1003 1725 1043 1764 in
1061 1734 1254 1771 extremo,
1271 1724 1389 1778 ipsius
1410 1738 1529 1764 manu
1548 1740 1557 1763 ε
1581 1722 1638 1764 ‘Tu
1656 1726 1770 1777 cctgseo
1789 1726 1912 1764 Luce-

520 1792 612 1830 riam
630 1791 782 1829 venias:
804 1791 974 1844 nusquam
994 1791 1063 1829 eris
1083 1791 1213 1830 tutius.
1247 1792 1264 1829 1
1269 1791 1293 1828 d
1313 1803 1387 1843 ego
1408 1790 1448 1828 in
1469 1804 1555 1829 eam
1576 1799 1727 1843 partem
1747 1792 1878 1843 accepi
1899 1806 1909 1829 ε

521 1857 604 1895 haec
625 1856 784 1910 oppida,
815 1865 931 1908 atque
958 1870 1066 1895 oram
1094 1856 1349 1901 maritimam,
1380 1855 1497 1894 illum
1526 1869 1598 1909 pro
1625 1855 1809 1894 derelicto
1838 1855 1910 1894 ha·

523 1923 613 1960 bere
631 1937 640 1960 ι
673 1935 743 1962 nec
765 1921 850 1959 sum
871 1921 1050 1968 miratus,
1081 1935 1189 1967 eum,
1219 1922 1289 1975 qui
1308 1930 1427 1974 caput
1448 1921 1577 1974 ipsum
1598 1920 1826 1974 reliquiss‘et‚
1849 1935 1911 1960 re-

523 1987 644 2039 liquis
665 1986 854 2024 membris
875 1999 953 2024 non
975 2000 1144 2039 parcere.
1186 1987 1236 2024 Ei
1258 1986 1386 2024 statim
1408 1985 1594 2039 rescripfi,
1626 1985 1912 2040 hominemque

524 2061 677 2090 certum
697 2051 783 2089 rnifi
804 2050 851 2088 de
871 2051 1087 2090 comitibus
1109 2052 1223 2096 meis,
1244 2065 1323 2090 non
1345 2065 1408 2089 me
1429 2065 1613 2104 quaerere,
1632 2052 1701 2090 ubi
1722 2051 1913 2091 tutissimo

523 2116 638 2155 cffem
657 2132 666 2155 ι
700 2115 724 2154 fi
747 2129 810 2154 me
830 2115 947 2154 vellet
969 2115 1046 2162 sua,
1068 2126 1134 2155 aut
1156 2116 1418 2170 Reipublicae‚
1440 2117 1551 2155 causa
1571 2118 1778 2155 Luceriam
1800 2118 1910 2155 veni-

524 2197 577 2227 re,
609 2181 737 2220 statim
768 2181 840 2220 effe
871 2190 1109 2221 venturum:
1142 2181 1396 2236 hortatusque
1428 2181 1527 2227 sum,
1560 2192 1603 2221 ut
1627 2196 1734 2221 oram
1756 2183 1910 2221 mariti-

525 2261 630 2285 mam
652 2247 849 2290 retineret,
881 2247 906 2284 sl
929 2261 1010 2286 rem
1031 2246 1328 2286 frumentariam
1351 2247 1420 2286 fibi
1449 2261 1496 2286 ex
1526 2248 1738 2301 provinciis
1767 2248 1909 2301 suppe-

525 2313 639 2351 ditari
662 2313 793 2350 vellet.
827 2313 926 2351 Haec
947 2327 1010 2351 me
1030 2312 1169 2352 frustra
1189 2313 1354 2352 scribere
1374 2312 1574 2352 videbam:
1600 2313 1661 2351 scd
1679 2314 1736 2352 uti
1759 2315 1797 2352 in
1815 2315 1910 2353 urbe

526 2377 725 2417 retinenda
747 2387 856 2422 tunc,
889 2378 937 2416 sic
959 2392 1064 2416 nunc
1087 2379 1127 2417 in
1150 2378 1260 2418 Italia
1282 2393 1358 2417 non
1382 2379 1649 2431 relinquenda,
1682 2379 1912 2418 testificabar

528 2444 755 2483 sententiam
779 2457 918 2482 meam.
966 2445 1028 2482 Sic
1050 2445 1155 2483 enim
1180 2446 1299 2498 parari
1322 2445 1448 2490 video,
1482 2456 1524 2483 ut
1547 2445 1755 2484 Luceriam
1774 2459 1912 2485 omnes

525 2511 647 2563 copia:
668 2509 948 2548 contrahantur
968 2530 976 2552 ;
1008 2520 1045 2549 ct
1069 2525 1115 2549 nc
1137 2511 1167 2549 is
1189 2512 1349 2565 quidem
1378 2512 1486 2550 locus
1508 2511 1682 2558 stabilis3
1714 2511 1777 2551 sed
1797 2525 1844 2551 ex
1864 2525 1910 2550 eo

528 2576 622 2627 ipso,
656 2577 679 2615 fi
703 2588 921 2628 urgeamur,
950 2587 1102 2628 paretur
1123 2576 1242 2630 fuga:
1276 2577 1508 2630 quominus
1530 2577 1685 2623 mirere,
1716 2577 1740 2616 si
1763 2577 1908 2616 invitus
