2243 3008
436 283 510 321 114
775 263 1460 308 EPISTOLARUM

432 385 518 423 quae
539 370 718 414 delectet,
749 369 790 408 in
810 381 888 421 qua
906 365 1163 420 acquiescam.
1197 364 1316 403 Id-ne
1337 363 1474 416 igitur,
1504 362 1674 415 inquies,
1699 359 1817 400 facile

433 435 508 474 fers
527 437 540 474 ?
573 436 618 474 ld
638 434 782 487 ipsum.
822 431 1024 471 Recordor
1042 431 1165 476 enim,
1195 443 1315 482 quam
1337 428 1439 467 bella
1459 427 1666 481 paulisper,
1698 426 1813 465 nobis

433 499 760 553 gubernantibus,
791 498 927 536 civitas
947 495 1094 534 fuerit:
1126 509 1211 547 quae
1232 493 1334 532 mihi
1355 494 1477 546 gratia
1496 492 1614 530 relata
1633 492 1693 537 fit,
1725 490 1818 529 nul·

435 567 497 604 lus
517 565 629 604 dolor
648 578 711 602 me
731 563 863 615 angit;
886 575 1012 600 unum
1031 561 1166 599 omnia
1185 559 1288 613 posse
1307 559 1590 611 dirumpuntur
1609 557 1653 603 ii,
1670 557 1739 609 qui
1755 568 1820 594 me

436 630 586 684 aliquid
608 629 710 682 posse
730 629 967 667 doluerunt:
1001 627 1127 665 multa
1152 625 1254 664 mihi
1283 624 1377 663 dant
1404 624 1563 662 solatia:
1596 635 1668 661 nec
1689 631 1820 660 tamen

437 710 510 749 ego
531 697 577 734 de
598 709 686 734 meo
707 695 804 733 statu
824 694 1030 745 demigr03
1062 705 1228 745 quaeque
1254 691 1333 728 vita
1362 690 1534 728 maxime
1559 688 1613 726 est
1636 687 1683 726 ad
1704 696 1821 726 natu-

439 775 535 807 ram,
565 761 612 799 ad
632 774 717 798 eam
738 773 801 798 me
821 758 961 803 refero,
981 767 1020 796 et
1040 757 1088 796 ad
1107 757 1252 800 literas,
1280 765 1319 794 et
1339 755 1462 793 studia
1482 753 1633 792 nostra:
1665 751 1822 791 dicendi

440 828 614 866 laborem
652 825 907 864 delectatione
939 823 1105 861 oratoria
1137 820 1330 860 consolor.
1377 821 1533 858 Domus
1567 831 1631 857 me
1663 826 1703 856 et
1737 830 1825 856 rura

440 892 566 931 nostra
585 891 792 929 deleEtant.
835 889 931 928 Non
951 888 1132 926 recordor
1152 886 1254 925 unde
1275 885 1500 929 ceciderim,
1531 883 1595 922 sed
1615 882 1719 921 unde
1739 881 1825 921 sur-

443 957 637 996 rexerim:
668 954 828 993 fratrem
848 966 1007 991 mecum
1033 961 1072 990 et
1100 961 1137 989 te
1168 951 1195 989 fi
1222 949 1391 994 habebo,
1422 962 1490 1001 per
1520 961 1583 986 me
1614 947 1684 986 ista
1710 947 1826 1000 pedi-

443 1023 516 1060 bus
544 1020 772 1059 trahantur:
806 1018 916 1057 vobis
945 1010 1194 1064 ὲμφιλοπφῖιπᾳ
1226 1013 1394 1068 possum.
1441 1014 1573 1052 Locus
1605 1012 1674 1052 ille
1703 1012 1828 1051 animi

442 1086 576 1131 nostri,
621 1083 842 1123 stomachus
881 1082 952 1121 ubi
988 1079 1191 1119 habitabat
1228 1080 1343 1125 olim,
1386 1078 1630 1118 concalluit:
1680 1077 1830 1130 privata

443 1152 563 1192 modo
582 1161 622 1190 et
641 1149 852 1189 domestica
870 1161 940 1187 nos
961 1147 1169 1185 delectant.
1210 1146 1361 1185 Miram
1381 1144 1628 1184 securitatem
1647 1143 1798 1182 videbis
1814 1161 1827 1188 3

385 1251 389 1255 .
443 1219 556 1270 cujus
591 1216 772 1270 plurimae
803 1212 1029 1253 mehercule
1059 1220 1186 1264 partes
1221 1210 1310 1250 sunt
1343 1210 1385 1249 in
1420 1219 1489 1248 tuo
1523 1209 1679 1248 reditu:
1711 1221 1831 1248 nemo

445 1284 552 1322 enim
574 1283 614 1321 in
637 1281 747 1321 terris
767 1279 821 1318 est
841 1279 943 1317 mihi
963 1288 1044 1316 tam
1064 1276 1400 1315 consentientibus
1428 1274 1614 1313 senfibus.
1659 1273 1733 1312 Sed
1763 1286 1830 1312 ac-

446 1349 534 1401 cipe
563 1348 652 1386 alia.
697 1347 776 1384 Res
808 1344 897 1384 fluit
925 1343 974 1382 ad
1002 1343 1272 1394 interregnum
1288 1360 1300 1387 ς
1333 1350 1372 1379 et
1400 1340 1454 1379 est
1488 1339 1705 1378 nonnullus
1735 1339 1832 1377 odor

448 1413 662 1452 Dictaturae
681 1426 690 1449 :
722 1410 846 1448 sermo
866 1407 1028 1462 quidem
1047 1407 1198 1449 multus
1217 1425 1227 1452 ;
1259 1406 1329 1458 qui
1348 1405 1468 1444 etiam
1488 1404 1709 1444 Gabinium
1729 1402 1833 1457 apud

447 1477 609 1516 timidos
630 1475 785 1529 judices
813 1474 978 1526 adjuvit.
1025 1471 1235 1511 Candidati
1262 1470 1494 1510 Consulares
1514 1482 1651 1509 omnes
1673 1470 1728 1507 rei
1747 1481 1834 1507 am-

450 1544 556 1582 bitus
575 1557 584 1582 :
616 1541 765 1581 accedit
784 1541 903 1579 etiam
925 1538 1121 1584 Gabinius
1138 1556 1151 1583 3
1182 1551 1302 1590 quem
1323 1537 1369 1575 P.
1393 1536 1512 1587 Sylla,
1542 1548 1622 1573 non
1647 1533 1833 1572 dubitans

449 1609 547 1661 quin
575 1607 670 1646 foris
697 1605 801 1651 ess‘et,
832 1604 1056 1658 postularat,
1085 1611 1222 1641 contra
1247 1602 1402 1640 dicente
1427 1610 1467 1639 et
1498 1599 1600 1638 nihil
1631 1599 1836 1638 obtinente

450 1676 670 1726 Torquato.
721 1672 793 1710 Sed
826 1683 963 1709 omnes
998 1668 1273 1713 absolventur;
1320 1679 1391 1705 nec
1430 1665 1590 1719 posthac
1629 1664 1838 1718 quisquam

451 1739 714 1782 damnabitur,
747 1737 816 1775 nisi
846 1736 916 1789 qui
946 1734 1154 1773 hominem
1173 1732 1378 1771 occiderit.
1425 1732 1519 1770 Hoc
1545 1740 1677 1769 tamen
1708 1731 1838 1782 agitur

452 1805 644 1843 severius:
677 1804 808 1855 itaque
842 1800 989 1839 indicia
1021 1799 1164 1837 calent.
1215 1798 1280 1836 M.
1315 1797 1480 1836 Fulvius
1516 1795 1705 1835 Nobilior
1738 1808 1836 1833 con-

453 1870 658 1908 demnatus
679 1867 730 1906 est
750 1882 758 1905 :
792 1866 909 1904 multi
931 1865 997 1903 alii
1019 1863 1157 1901 urbani
1182 1876 1229 1901 ne
1249 1861 1483 1915 respondent
1502 1860 1680 1914 quidem.
1727 1859 1838 1911 Qid

454 1935 560 1972 aliud
594 1934 714 1972 novi?
746 1942 784 1970 et
820 1941 964 1969 tamen.
1015 1927 1209 1967 Absoluto
1244 1927 1420 1966 Gabinio
1453 1924 1737 1964 stomachantes
1771 1925 1838 1963 alii

450 1999 619 2051 judices,
651 1997 745 2036 hora
765 1995 862 2049 post,
895 1992 1142 2033 Antiochum
1163 1992 1399 2037 Gabinium,
1430 1990 1560 2029 nescio
1583 2004 1704 2044 quem
1724 2004 1744 2028 e
1765 1990 1837 2028 So-

456 2063 599 2117 polidis
627 2062 858 2116 pistoribus,
890 2060 1077 2098 libertum
1098 2072 1140 2096 ac
1161 2057 1367 2096 accensum
1397 2057 1576 2102 Gabinii,
1608 2057 1692 2109 lege
1723 2056 1841 2109 Papia

455 2129 781 2168 condemnarunt.
829 2127 964 2178 ltaque
991 2124 1092 2163 dixit
1119 2123 1246 2162 statim
1268 2137 1369 2168 reus,
1401 2123 1486 2176 lege
1507 2121 1738 2174 Majestatis‚
1767 2119 1790 2156 ai
1809 2118 1842 2156 τ’

456 2189 512 2230 οἶδ’
531 2192 623 2246 ‘Ag-15
651 2191 731 2240 ἅμα.
751 2191 894 2242 namq?
928 2190 1135 2229 Pontinius
1163 2189 1247 2228 vult
1277 2203 1311 2227 a.
1343 2188 1382 2227 d.
1418 2202 1460 2227 iv
1494 2189 1604 2227 Non.
1635 2186 1837 2226 Novemb.

458 2257 713 2310 triumphare.
760 2257 869 2296 Huic
899 2257 1055 2295 obviam
1088 2257 1188 2294 Cato
1217 2265 1255 2293 ct
1281 2254 1465 2293 Servilius
1490 2255 1674 2292 Praetores
1694 2263 1838 2305 aperte,

457 2336 494 2364 ct
516 2325 757 2376 QMucius
779 2323 1012 2362 Tribunus:
1046 2331 1188 2374 negant
1219 2323 1325 2360 enim
1357 2321 1480 2360 latum
1501 2320 1548 2358 de
1576 2320 1770 2372 imperio;
1803 2328 1842 2357 et

457 2391 508 2429 est
531 2391 654 2429 latum
677 2389 834 2429 hercule
856 2389 1009 2428 insulse.
1043 2388 1115 2426 Sed
1135 2388 1208 2426 erit
1228 2401 1320 2426 curn
1344 2387 1530 2425 Pontinio
1552 2386 1707 2439 Appius
1729 2386 1841 2423 Con-

460 2457 531 2495 sul.
578 2458 679 2494 cato
707 2465 834 2494 tamen
863 2455 1044 2499 affirmat,
1078 2453 1112 2492 se
1133 2454 1221 2492 vivo
1242 2453 1358 2492 illum
1381 2467 1458 2491 non
1492 2450 1750 2505 triumphare.
1797 2449 1843 2489 Id

458 2537 529 2573 ego
553 2532 662 2574 pute.
696 2532 736 2560 ut
759 2522 884 2561 multa
905 2520 1092 2573 ejusdem,
1123 2520 1169 2558 ad
1190 2519 1292 2559 nihil
1315 2519 1547 2558 recasurum.
1593 2517 1745 2571 Appius
1767 2516 1844 2555 fine
