2243 3008
459 301 565 339 AD
624 297 1053 338 ATTICUM
1121 299 1262 337 LIB.
1313 299 1408 339 XII.
1555 315 1624 354 341

250 398 276 436 fi
299 397 395 450 quid
416 397 623 442 inveneris,
655 395 812 435 scribes.
859 397 913 434 Et
943 409 1016 448 ego
1035 409 1083 434 ex
1109 396 1185 434 tuis
1206 397 1471 436 animadverto
1491 398 1630 444 literis,

251 472 288 500 et
309 461 484 514 profec‘m
505 472 548 499 tu
568 475 615 499 ex
635 461 749 506 meis,
779 460 879 499 nihil
901 460 1043 498 habere
1063 474 1149 506 nos,
1172 461 1278 513 quod
1299 461 1536 501 scribamus:
1567 477 1631 501 ea-

251 527 342 564 dem
373 527 566 578 quotidie,
596 540 683 579 quae
698 527 781 578 jam
797 528 959 578 jamque
978 526 1058 579 ipsa
1077 527 1247 564 contrita
1265 526 1382 564 sunt:
1416 536 1544 564 tamen
1572 528 1631 566 fa-

252 606 338 631 cere
359 606 438 630 non
464 592 631 646 poffum,
663 594 760 645 quin
789 592 966 644 quotidie
995 591 1043 629 ad
1072 601 1110 629 te
1138 592 1310 637 mittam,
1342 601 1387 630 ut
1416 602 1498 631 tuas
1527 594 1633 631 acci-

250 658 372 710 piam.
405 658 468 695 De
489 659 611 696 Bruto
633 666 777 702 tamen,
800 657 826 695 fi
847 657 944 709 quid
964 656 1126 694 habebis
1146 672 1154 695 :
1179 657 1273 694 scire
1293 658 1399 695 enim
1414 659 1497 709 jam
1520 668 1631 710 puto,

252 723 323 760 ubi
344 723 505 761 Pansam
526 724 716 776 expestet.
756 723 809 767 Si,
842 731 885 760 ut
905 722 1146 760 consuetudo
1165 721 1233 767 est,
1264 723 1304 760 in
1326 723 1452 775 prima
1472 724 1634 775 provin-

251 789 324 834 cia,
342 789 498 826 circiter
519 789 608 827 Kal.
627 788 818 826 affuturus
839 788 1006 827 videtur.
1030 788 1186 826 Vellem
1207 788 1375 826 tardius:
1399 788 1508 826 valde
1528 790 1636 827 enim

251 855 392 893 urbem
412 853 524 906 fugio
545 855 688 892 multas
709 854 760 892 ob
781 853 924 892 causas.
957 855 1093 906 Itaque
1113 854 1154 891 id
1175 854 1302 907 ipsum
1323 854 1477 899 dubito,
1495 867 1540 891 an
1563 869 1633 893 ex-

250 918 493 958 'cusationem
514 921 685 973 aliquam
705 919 751 957 ad
772 920 886 958 illum
909 933 1061 972 parem,
1083 920 1190 972 quod
1210 920 1371 972 quidem
1387 921 1499 958 video
1519 919 1635 958 facile

251 985 337 1023 effe.
385 986 457 1024 Sed
488 985 678 1024 habemus
699 985 786 1024 satis
809 985 996 1038 temporis
1017 985 1063 1023 ad
1083 985 1352 1037 cogitandum.
1400 985 1523 1030 Piliae,
1556 987 1635 1023 At,

253 1050 355 1096 ticae‚
388 1050 568 1091 salutem.

587 1252 828 1290 Cxci-:Ro
869 1252 1124 1290 ATT1co
1165 1252 1297 1291 SAL.

254 1378 453 1418 XXVIII.
477 1378 605 1451 DE
637 1379 733 1417 Silio
764 1378 894 1417 nihilo
925 1380 1038 1432 plura
1065 1379 1234 1431 cognovi
1264 1393 1310 1418 ex
1332 1379 1515 1432 praesente
1536 1379 1636 1425 Sica,

578 1458 696 1497 quarn
717 1459 765 1483 ex
785 1445 908 1483 literis
929 1447 1033 1497 ejus3
1057 1445 1255 1497 scripserat
1274 1446 1380 1483 enim
1403 1445 1634 1497 diligenter:

256 1511 282 1548 fi
304 1511 426 1562 igitur
446 1520 488 1548 tu
509 1510 626 1548 illum
647 1511 888 1555 conveneris,
921 1511 1062 1548 scribes
1083 1511 1130 1548 ad
1151 1524 1228 1556 me,
1260 1511 1286 1549 fi
1307 1511 1403 1563 quid
1423 1511 1635 1550 videbitur.

257 1576 319 1614 De
349 1589 428 1626 quo
457 1584 569 1627 putas
599 1575 646 1612 ad
675 1588 739 1612 me
768 1573 926 1612 miffum
954 1575 1040 1620 effe,
1072 1575 1117 1612 s1t
1149 1575 1306 1613 miffum
1336 1589 1458 1613 necne
1478 1576 1636 1620 nescio;

256 1640 406 1678 dietum
428 1639 589 1692 quidem
611 1638 712 1677 mihi
733 1649 835 1678 certe
857 1639 958 1677 nihil
978 1639 1045 1678 est.
1078 1641 1144 1678 Tu
1165 1640 1300 1692 igitur,
1324 1649 1367 1677 ut
1387 1640 1560 1692 coepisti:
1583 1650 1637 1684 et,

256 1705 282 1743 fi
303 1705 399 1758 quid
421 1705 474 1742 ita
493 1704 693 1750 conficies,
718 1705 842 1757 (quod
862 1704 1045 1757 equidem
1067 1719 1144 1742 non
1166 1705 1331 1742 arbitror
1352 1704 1434 1742 fieri
1455 1705 1575 1757 poffe)
1595 1714 1640 1742 ut

255 1769 316 1807 illi
337 1769 538 1822 probetur,
571 1770 820 1814 Ciceronem,
852 1770 878 1807 fi
899 1769 973 1807 tibi
993 1770 1178 1822 placebit,
1210 1769 1436 1807 adhibebis:
1460 1771 1542 1821 ejus
1564 1770 1637 1807 ali-

255 1835 352 1887 quid
372 1833 543 1878 interest‚
574 1834 697 1872 videri
726 1835 834 1872 illius
861 1834 972 1872 causa
990 1835 1177 1872 voluisse:
1210 1848 1297 1872 mea
1325 1833 1485 1886 quidem
1519 1833 1636 1878 nihil,

256 1900 326 1938 nisi
360 1900 414 1945 id,
446 1898 552 1952 quod
575 1908 617 1937 tu
638 1900 738 1944 scis3
771 1900 878 1952 quod
898 1913 970 1952 ego
991 1900 1125 1952 magni
1145 1899 1306 1938 aestimo.
1348 1899 1467 1950 Qod
1500 1913 1562 1937 me
1592 1900 1639 1937 ad

255 1965 580 2004 consuetudinem
601 1979 781 2011 revocas,
804 1965 882 2004 fuit
902 1979 1036 2004 meum
1057 1965 1219 2018 quidem
1235 1966 1319 2016 jam
1338 1965 1490 2016 pridem
1513 1965 1638 2003 Rem-

257 2031 459 2085 publicam
479 2032 639 2084 lugere;
672 2031 777 2085 quod
798 2031 1005 2076 faciebam,
1036 2031 1098 2069 sed
1129 2031 1294 2069 mitius:
1326 2040 1406 2068 erat
1434 2032 1540 2068 enim
1572 2031 1641 2068 ubi

257 2098 556 2150 acquiescerem.
602 2098 725 2136 Nunc
757 2099 871 2151 plane
903 2111 974 2136 nec
993 2111 1066 2151 ego
1085 2098 1249 2142 victum,
1281 2110 1352 2134 nec
1371 2097 1491 2134 vitam
1513 2096 1638 2140 illam,

258 2164 384 2201 colere
405 2163 555 2216 poffum
574 2182 585 2208 ;
618 2177 688 2201 nec
710 2164 750 2202 in
771 2177 814 2202 ea
834 2178 873 2202 re
894 2164 990 2216 quid
1010 2164 1096 2201 aliis
1116 2163 1306 2206 videatur,
1327 2161 1426 2199 mihi
1449 2171 1545 2212 puto
1565 2174 1637 2198 cu-

259 2229 422 2268 randum
441 2244 450 2267 :
483 2243 568 2267 mea
587 2229 686 2268 mihi
708 2230 946 2268 conscientia
965 2230 1089 2282 pluris
1109 2229 1178 2273 est,
1208 2241 1325 2279 quam
1351 2228 1531 2264 omnium
1562 2227 1639 2264 ser-

260 2307 340 2331 mo.
414 2293 490 2331 uod
511 2307 573 2331 me
594 2294 672 2347 ipse
693 2308 761 2347 per
780 2295 909 2333 literas
930 2294 1149 2333 consolatus
1172 2293 1270 2337 sum,
1289 2305 1366 2329 non
1388 2292 1555 2344 poenitet
1576 2305 1640 2330 me

261 2367 454 2410 quantum
474 2359 734 2410 profecerim:
767 2374 976 2399 moerorem
1011 2360 1138 2397 minui
1157 2377 1171 2403 ς
1200 2357 1375 2395 dolorem
1408 2371 1478 2394 nec
1511 2359 1638 2409 potui,

262 2437 346 2468 nec,
379 2423 404 2461 fi
427 2423 585 2475 possem,
608 2425 764 2464 vellem.
796 2427 859 2464 De
879 2426 1034 2464 Triario
1056 2426 1153 2463 bene
1173 2423 1436 2476 interpretaris
1458 2423 1639 2460 volunta-

263 2498 342 2526 tem
365 2501 490 2526 meam
510 2503 518 2525 :
542 2497 585 2525 tu
606 2502 694 2526 vero
715 2489 831 2534 nihil,
853 2491 922 2527 nisi
944 2500 988 2528 ut
1008 2490 1068 2527 illi
1089 2489 1236 2527 volent.
1269 2489 1374 2525 Amo
1395 2487 1510 2524 illum
1531 2501 1639 2524 mor-
1660 2510 1663 2512 -

262 2562 395 2591 tuum:
421 2562 526 2590 tutor
543 2552 627 2591 sum
649 2553 802 2591 liberis:
828 2563 950 2592 totam
971 2554 1134 2592 domum
1156 2553 1294 2603 diligo,
1324 2550 1643 2589 Dercastriciano
