2243 3008
574 264 682 302 AD
740 261 1170 300 ATTICUM
1239 263 1380 303 LIB.
1430 265 1526 305 VII.
1674 269 1746 320 187

356 362 538 417 postulat.
571 362 697 401 'Nam
731 359 829 413 quid
863 359 1167 412 impudentius?
1210 360 1366 399 tenuisti
1403 364 1649 413 provinciam
1678 377 1745 416 per

356 429 493 467 decem
520 439 656 471 annos,
689 439 769 464 non
798 425 875 463 tibi
904 439 925 463 a
956 426 1113 470 Senatu,
1145 424 1249 463 sed‘a
1269 434 1307 464 te
1326 426 1410 478 ipso
1431 441 1498 478 per
1518 429 1596 465 vim
1619 439 1656 465 et
1678 442 1745 480 per

355 493 583 538 factionem,
614 492 752 530 datos:
785 491 972 544 praeteriit
1005 500 1177 544 tempus,
1210 505 1289 529 non
1323 492 1438 544 legis,
1470 492 1533 530 sed
1568 493 1745 533 libidinis

355 568 460 598 tuae:
492 558 554 597 fac
576 566 723 602 tamen,
754 557 868 609 legis.
915 557 974 595 Ut
1006 556 1233 595 succedatur
1263 555 1514 595 decernitur:
1547 558 1744 610 impedis;

354 634 395 663 et
414 625 485 670 ais,
517 623 634 662 Habe
654 623 734 661 mei
755 623 961 661 rationem.
994 622 1111 660 Habe
1132 631 1175 660 tu
1195 621 1385 661 nostrum.
1419 623 1653 661 Exercitum
1672 623 1743 661 ha-

355 690 445 728 beas
466 689 632 734 diutius,
663 702 783 742 quam
812 688 983 741 populus
1010 687 1134 740 justit,
1166 688 1293 726 invito
1325 689 1498 726 Senatu?
1532 689 1747 741 Depugnes

353 764 526 809 oportet,
558 755 628 793 nisi
659 753 859 794 concedis.
906 755 1013 792 Cum
1043 755 1145 792 bona
1175 754 1337 804 quidem
1368 754 1446 806 spe,
1478 764 1522 792 ut
1541 755 1595 793 ait
1624 755 1745 800 idem,

355 821 417 859 vel
438 820 636 866 vincendi,
653 820 714 859 vel
735 820 776 858 in
798 819 978 858 libertate
998 819 1207 859 moriendi.
1238 820 1327 871 Jarn
1344 819 1370 858 fi
1391 818 1650 872 pugnandum
1670 820 1745 864 est·;

356 901 438 939 quo
459 896 650 939 tempore,
682 887 723 925 in
744 885 860 931 casu;
892 899 972 939 quo
992 886 1170 931 consilio,
1193 886 1233 924 in
1256 885 1517 938 temporibus,
1540 885 1656 923 fitum
1677 886 1743 925 est.

359 953 497 1005 Itaque
527 961 564 990 te
585 953 626 990 in
646 965 689 990 ea
708 951 918 1004 quaestione
939 965 1017 989 non
1038 964 1214 990 exerceo.
1247 951 1312 989 Ad
1331 965 1388 996 ea,
1419 965 1504 1003 quae
1525 951 1622 995 dixi,
1654 951 1747 990 affer

358 1018 386 1056 fi
407 1017 503 1071 quid
524 1017 658 1056 habes.
691 1016 892 1070 Equidem
913 1016 994 1056 dies
1015 1017 1224 1070 noetesque
1244 1026 1442 1070 torqueor.

698 1218 942 1256 CicERo
985 1218 1242 1256 Armeo
1285 1217 1415 1255 SAL.

357 1347 412 1386 X.
437 1346 484 1420 S
501 1348 539 1385 U
554 1348 584 1386 B
602 1348 673 1387 IT
688 1348 726 1385 Ο
757 1346 966 1385 confilium
996 1345 1099 1398 cepi,
1131 1353 1189 1389 ut,
1220 1354 1309 1384 ante
1329 1358 1450 1397 quam
1469 1346 1631 1392 luceret,
1663 1349 1747 1386 exi-

524 1426 635 1458 rem5
667 1426 716 1451 ne
750 1413 821 1465 qui
855 1410 1084 1464 conspectus
1119 1409 1242 1455 fieret,
1274 1419 1341 1449 aut
1372 1411 1511 1456 sermo,
1544 1412 1747 1451 lictoribus

359 1478 572 1532 praesertim
592 1479 787 1517 laureatis.
820 1479 882 1516 De
903 1477 1071 1529 reliquO,
1089 1489 1216 1529 neque
1235 1474 1395 1515 hercule
1415 1477 1512 1530 quid
1533 1491 1659 1530 agam,
1678 1492 1749 1516 nec

359 1544 458 1597 quid
477 1546 631 1583 aeturus
652 1545 738 1589 firn,
769 1544 876 1588 scio3
909 1543 964 1581 ita
992 1542 1078 1580 sum
1108 1542 1606 1594 perturbatusltemeritate
1632 1544 1750 1582 nostri

359 1610 612 1648 amentissimi
632 1609 799 1648 confilii.
846 1608 945 1647 Tibi
964 1621 1055 1646 vero
1076 1608 1172 1660 quid
1193 1607 1386 1654 suadeam,
1417 1610 1530 1661 cujus
1551 1609 1631 1661 ipse
1651 1623 1749 1647 con-

361 1675 492 1713 silium
512 1676 706 1727 expecto?
739 1676 881 1713 Cnaeus
909 1673 1036 1712 noster
1063 1673 1159 1725 quid
1186 1673 1339 1711 consilii
1367 1674 1528 1725 ceperit,
1561 1675 1747 1726 capiatve,

360 1739 506 1784 nescio,
537 1739 665 1777 adhuc
686 1740 727 1777 in
748 1739 905 1792 oppidis
927 1740 1140 1777 coarctatus
1168 1747 1206 1775 et
1236 1737 1407 1790 stupens.
1454 1739 1622 1782 Omnes,
1654 1739 1680 1775 fi
1711 1739 1752 1777 in

361 1805 476 1845 Italia
495 1804 688 1849 consistat,
719 1805 864 1843 erimus
886 1817 963 1842 una
981 1819 990 1842 ε
1022 1804 1078 1841 fin
1098 1803 1225 1847 cedet,
1247 1803 1400 1841 consilii
1421 1815 1478 1841 res
1500 1803 1567 1842 est.
1604 1802 1751 1841 Adhuc

359 1880 481 1916 certe,
511 1871 582 1910 nisi
603 1883 676 1922 ego
702 1870 867 1915 insanio,
899 1869 1015 1908 stulte
1040 1869 1177 1908 omnia
1206 1876 1246 1906 et
1275 1869 1455 1908 incaute..
1492 1871 1575 1916 Tu,
1607 1869 1750 1922 quaeso,

361 1937 500 1976 crebro
520 1937 567 1976 ad
587 1949 650 1974 me
670 1936 809 1982 scribe,
839 1935 901 1975 vel
922 1935 1030 1989 quod
1049 1935 1091 1973 in
1112 1935 1281 1974 buccam
1299 1935 1463 1974 venerit.

699 2141 943 2179 CICERO
984 2138 1241 2176 ATT1co
1283 2137 1413 2175 SAL.

366 2268 441 2308 XI.
557 2269 655 2308 UAE
674 2269 696 2307 S
713 2269 766 2314 O,
798 2268 895 2321 quid
916 2267 993 2306 hoc
1012 2266 1099 2306 est?
1130 2274 1196 2304 aut
1216 2264 1313 2318 quid
1334 2264 1493 2316 agitur?
1525 2263 1626 2302 mihi
1647 2265 1755 2304 enim

565 2335 733 2373 tenebrae
754 2333 857 2372 sunt.
891 2333 1097 2385 Cingulum,
1119 2331 1268 2382 inquis,
1289 2343 1350 2367 nos
1370 2337 1539 2368 tenemus.
1574 2331 1756 2369 Anconem

367 2398 554 2447 amffimus.
586 2400 770 2438 Labienus
788 2397 930 2451 disceſjit
949 2397 994 2436 ab
1012 2396 1168 2448 Caestzrc.
1191 2397 1340 2434 Utrum
1361 2395 1408 2433 de
1428 2395 1661 2448 imperatore
1682 2410 1755 2448 po-

365 2464 457 2516 puli
478 2464 665 2508 Romani,
687 2477 734 2502 an
755 2465 802 2502 de
822 2464 1036 2508 Annibale,
1066 2462 1302 2514 loquimur?
1336 2461 1372 2498 O
1394 2459 1598 2498 hominem
1621 2474 1755 2498 amen-

365 2540 465 2569 tem.
483 2539 522 2569 et
552 2528 761 2575 miserum„
783 2530 852 2582 qui
884 2543 932 2568 ne
965 2529 1149 2568 umbram
1178 2527 1342 2581 quidem
1376 2539 1550 2577 unquam
1584 2521 1626 2560 τὲ
1652 2523 1759 2561 καλοῦ

1329 2592 1365 2628 A
1386 2603 1405 2627 a
1435 2603 1456 2630 2
