2243 3008
493 229 600 269 AD
658 226 1089 266 ATTICUM
1156 229 1467 273 LIB.X111.
1599 251 1675 290 373

291 343 410 382 quarn
431 330 553 367 Bruto
571 330 585 366 ?
616 327 696 372 cui,
729 335 766 364 te
785 327 954 370 auctore,
985 324 1181 374 πτερω-φωνῶ.
1224 330 1381 382 Scripfit
1401 335 1508 372 enim
1530 336 1674 376 Balbus

290 395 337 432 ad
358 408 436 439 me,
467 394 504 431 se
523 407 543 430 a
564 402 601 431 te
622 393 810 445 quintum
830 391 876 429 de
897 391 1042 429 finibus
1064 391 1212 430 librum
1233 394 1491 448 descripfiffe3
1524 401 1565 438 in
1595 416 1674 454 quo

289 474 370 498 non
390 460 476 497 sane
497 459 631 496 multa
643 458 792 495 mutavi
811 473 819 495 :
852 457 915 494 scd
937 467 1065 495 tamen
1087 458 1278 509 quaedam.
1323 462 1388 499 Tu
1410 474 1538 502 autem
1560 481 1673 506 com-

288 525 405 563 mode
436 523 590 568 feceris,
621 523 647 560 s1
682 523 853 575 reliquos
886 523 1142 568 continueris,
1175 538 1223 561 ne
1255 534 1292 562 et
1325 520 1505 580 ἀὲὶόςθῶα,
1534 530 1673 571 habeat

287 590 449 634 Balbus,
479 598 518 626 et
537 585 628 623 ἕωλοι
649 589 808 626 Brutus.
841 587 913 625 Sed
934 587 1018 625 haec
1037 587 1239 634 hactenus,
1268 603 1316 627 ne
1336 591 1466 630 videar
1485 594 1550 646 mg}
1568 594 1674 646 μικρὰ

285 649 472 704 masagam
517 653 598 691 Etsi
629 667 735 691 nunc
756 652 917 706 quidem
939 653 1111 690 maxima
1130 653 1232 691 mihi
1253 655 1341 693 sunt
1361 655 1444 695 haec
1463 673 1472 696 z
1505 660 1601 711 quid
1621 662 1674 700 est

284 720 392 758 enim
413 719 551 758 aliud?
585 719 752 757 Varroni
780 718 941 770 quidem
973 732 1060 771 quae
1089 719 1218 772 scripsi
1250 730 1287 758 te
1307 724 1474 769 auctore,
1506 727 1558 763 ita
1578 741 1672 779 pro-

285 799 379 838 pero
399 785 570 830 mittere,
602 794 647 822 ut
670 786 754 836 jam
779 785 950 822 Romam
971 784 1144 822 miserim
1165 785 1428 827 describenda.
1476 792 1533 828 Ea
1554 793 1578 830 fi
1600 807 1671 831 vo-

284 851 355 896 les,
388 850 517 888 statim
537 849 722 888 habebis:
755 850 884 902 scripfi
905 850 1013 887 enim
1032 850 1078 887 ad
1099 850 1292 896 librarios,
1325 863 1368 890 ut
1390 854 1497 894 fieret
1519 858 1612 903 tuis,
1644 859 1670 897 fi

283 925 327 953 tu
362 915 496 960 velles,
539 914 783 953 describendi
816 914 995 967 potestas.
1045 916 1103 953 Ea
1135 929 1225 954 vero
1259 919 1497 965 continebis,
1543 924 1672 975 quoad

283 981 365 1033 ipse
398 990 435 1018 te
461 979 642 1026 videam3
675 980 781 1033 quod
813 980 1106 1032 diligentiffime
1137 979 1261 1020 facere
1291 983 1403 1028 soles,
1435 999 1527 1024 cum
1557 1001 1578 1025 a
1607 1003 1671 1028 me

284 1045 360 1083 tibi
392 1045 543 1083 dietum
569 1045 637 1083 est.
685 1046 789 1083 Cum
822 1055 953 1083 autem
982 1045 1088 1098 fugit
1117 1059 1181 1084 me
1211 1047 1285 1085 tibi
1315 1048 1470 1095 dicere;
1503 1053 1672 1092 mirifice

284 1111 477 1156 Caerellia,
522 1111 649 1149 studio
682 1111 866 1149 videlicet
904 1110 1164 1164 philosophiae
1203 1112 1383 1166 flagrans,
1428 1116 1612 1158 describit
1649 1134 1672 1158 a

280 1177 387 1215 tuis:
420 1176 510 1214 istos
545 1176 646 1229 ipsos
676 1176 717 1214 de
730 1176 870 1227 finibus
898 1176 1031 1216 habet.
1078 1178 1166 1229 Ego
1192 1188 1323 1218 autem
1355 1181 1430 1219 tibi
1460 1183 1671 1231 confirmo,

285 1241 455 1294 (possum
476 1240 576 1286 falli,
600 1251 644 1279 ut
664 1240 879 1292 humanus)
903 1255 924 1279 a
943 1242 1041 1280 meis
1061 1255 1147 1280 eam
1168 1256 1246 1282 non
1268 1243 1432 1285 habere:
1465 1261 1672 1302 nunquam

282 1308 391 1346 enim
419 1308 467 1344 ab
488 1307 614 1345 oculis
636 1307 734 1345 meis
755 1306 967 1345 abfuerunt
985 1322 994 1346 :
1027 1317 1183 1347 tantum
1203 1323 1320 1362 porro
1339 1311 1469 1351 aberat
1490 1323 1533 1352 ut
1554 1316 1670 1355 binos

281 1373 492 1411 scriberent
505 1391 517 1417 3
540 1372 607 1411 vix
627 1372 799 1425 fingulos
820 1371 1092 1412 confecerunt.
1125 1375 1309 1414 Tuorum
1331 1385 1460 1416 tamen
1481 1392 1554 1431 ego
1574 1381 1670 1419 nul-

281 1439 367 1476 lum
401 1437 590 1475 delictum
624 1438 818 1483 arbitror,
857 1438 1043 1491 idemque
1077 1448 1115 1477 te
1148 1440 1239 1478 volo
1273 1442 1518 1483 existimare:
1551 1459 1570 1483 a
1604 1460 1671 1485 me

281 1505 388 1542 enim
422 1502 719 1555 praetermissum
750 1503 818 1548 est,
851 1512 895 1540 ut
929 1504 1115 1549 dicerem,
1158 1518 1221 1542 me
1252 1519 1317 1544 eos
1349 1509 1454 1546 exire
1489 1512 1669 1552 nondum

280 1569 394 1607 velle.
428 1567 515 1605 Hui
535 1580 653 1620 quam
675 1567 742 1605 diu
763 1568 810 1605 de
830 1568 946 1619 nugis
966 1569 979 1605 ?
1011 1568 1058 1606 de
1077 1582 1118 1606 re
1137 1571 1243 1607 enim
1265 1570 1367 1609 nihil
1387 1571 1528 1620 habeo,
1559 1578 1668 1629 quod

280 1635 431 1686 loquar.
471 1632 533 1669 De
554 1632 764 1670 Dolabella
782 1631 858 1670 tibi
878 1632 1071 1671 assentior.
1110 1634 1346 1681 Coheredes‚
1378 1647 1421 1675 ut
1441 1639 1593 1686 scribis,
1624 1643 1668 1680 in

280 1698 524 1738 Tusculano.
570 1698 635 1736 De
664 1697 823 1736 Caesaris
855 1697 1025 1736 adventu
1057 1698 1206 1752 scripfit
1236 1701 1282 1738 ad
1309 1715 1373 1740 me
1394 1704 1554 1750 Balbus,
1586 1720 1666 1746 non

279 1774 367 1802 ante
387 1763 478 1802 Kal.
503 1763 608 1801 Sext.
655 1764 718 1801 De
745 1764 880 1801 Attica
909 1764 1074 1816 optime,
1106 1766 1213 1818 quod
1245 1767 1368 1806 levius
1389 1782 1431 1807 ac
1453 1770 1595 1816 lenius,
1626 1782 1667 1811 et

279 1830 385 1882 quod
405 1829 482 1868 fert
501 1827 654 1867 εὐκόλως.
699 1830 820 1881 Qod
844 1839 976 1868 autem
1007 1830 1054 1869 de
1075 1831 1144 1869 illa
1163 1832 1288 1870 nostra
1307 1835 1547 1886 cogitatione
1567 1837 1666 1876 scri-

279 1896 355 1941 bis,
385 1896 427 1933 in
448 1908 526 1948 qua
547 1893 647 1932 nihil
673 1895 748 1933 tibi
778 1894 901 1940 cedo;
933 1909 990 1940 ea,
1022 1909 1108 1948 quae
1139 1898 1245 1942 novi,
1276 1899 1387 1937 valde
1416 1901 1554 1952 probo,
1587 1902 1665 1941 ho-

280 1963 444 2005 minem,
466 1961 645 2007 domurn,
668 1960 898 1999 facultates:
931 1961 1039 2013 quod
1057 1972 1175 2014 caput
1195 1963 1262 2008 est,
1293 1964 1421 2016 ipsum
1443 1980 1522 2004 non
1544 1969 1635 2006 novi
1649 1988 1662 2014 ;

280 2027 342 2065 sed
362 2027 478 2065 audio
498 2027 708 2065 laudabilia
727 2027 773 2065 de
795 2026 942 2065 Scrofa.
974 2027 1108 2066 Etiam
1129 2029 1308 2080 proxime
1327 2031 1492 2077 accedit,
1519 2033 1544 2071 fi
1566 2034 1664 2086 quid

278 2092 354 2131 hoc
375 2093 423 2130 ad
443 2106 551 2130 rem:
584 2089 763 2146 εὐμνέςεςος
791 2093 844 2131 est
872 2094 1007 2139 etiam,
1038 2107 1157 2147 quam
1189 2105 1311 2147 pater.
1359 2097 1501 2135 Coram
1523 2099 1661 2150 igitur,

277 2168 315 2197 et
335 2159 496 2211 quidem
517 2158 708 2211 propenso
728 2159 861 2197 animo
879 2159 927 2197 ad
947 2160 1217 2212 probandum:
1241 2162 1390 2199 accedit
1410 2163 1531 2207 enim,
1553 2165 1662 2215 quod

278 2234 441 2276 patrem,
473 2234 516 2262 ut
537 2225 632 2263 scire
652 2233 690 2263 te
710 2234 822 2277 puto,
853 2225 942 2279 plus
962 2226 1096 2271 etiam,
1128 2240 1247 2279 quam
1267 2241 1345 2265 non
1367 2228 1486 2267 modo
1507 2238 1565 2274 tu,
1596 2229 1664 2268 sed

277 2303 394 2341 quam
415 2290 494 2342 ipse
515 2290 600 2336 scit,
631 2303 734 2338 amo,
766 2291 884 2344 idque
904 2302 943 2331 et
962 2292 1105 2331 merito
1125 2302 1162 2330 et
1178 2294 1260 2344 jam
1282 2292 1365 2331 diu.
