2243 3008
564 213 645 265 418
894 209 1586 251 EPISTOLARUM

567 311 760 352 assentior.
807 311 952 351 Saufeii
977 311 1110 364 legisse
1129 311 1287 351 vellem.
1333 311 1423 364 Ego
1451 325 1499 351 ex
1530 311 1772 366 Pompeiano
1793 325 1838 354 vl
1861 312 1957 354 Idus

568 378 670 417 Mai.
693 377 931 431 cogitabam.

909 577 1152 616 CICERO
1193 576 1449 614 ATrxco
1485 575 1617 617 SAL.

569 706 687 746 XIX.
710 704 844 776 ΝΟ
858 705 915 743 Ν.
939 704 1040 742 Mai.
1063 717 1157 742 cum
1177 702 1293 741 essem
1313 703 1354 742 in
1376 704 1633 757 Pompeiano,
1654 706 1787 758 accepi
1806 707 1917 746 binas
1937 718 1960 746 a

818 780 856 809 te
877 770 1022 815 literas,
1052 770 1189 808 alteras
1210 770 1318 808 sexto
1338 770 1415 815 die,
1445 771 1582 809 alteras
1603 780 1757 824 quarto.
1800 772 1866 810 Ad
1892 771 1958 811 su-

567 837 738 892 periores
759 837 882 889 igitur
901 837 1024 889 prius.
1068 837 1202 887 Qam
1231 834 1334 873 mihi
1358 836 1602 888 jucundum,
1631 846 1855 890 opportune
1883 836 1962 877 tibi

569 905 776 942 Barnaeum
805 902 934 940 literas
965 901 1195 939 reddidiffe!
1229 902 1298 939 Tu
1317 914 1408 939 vero
1437 915 1530 940 cum
1562 901 1703 947 Caffio,
1736 912 1781 941 ut
1806 912 1959 942 caetera.

569 969 704 1021 Qam
724 967 934 1006 commode
954 976 1102 1011 autem,
1133 965 1242 1019 quod
1261 965 1302 1004 id
1322 966 1452 1019 ipsum
1473 967 1580 1020 quod
1601 981 1666 1006 me
1684 981 1837 1013 mones,
1858 981 1961 1020 qua-

568 1035 702 1072 triduo
722 1042 811 1071 ante
831 1033 878 1070 ad
897 1046 990 1071 eum
1011 1031 1250 1085 scripseram,
1281 1032 1589 1085 exemplumque
1618 1046 1797 1072 mearum
1824 1033 1962 1072 litera-

569 1113 659 1138 rum
679 1099 726 1137 ad
747 1109 785 1138 te
805 1098 986 1137 miseram
1005 1098 1013 1136 !
1042 1098 1115 1136 Sed
1135 1112 1228 1136 cum
1250 1097 1472 1141 Dolabella:
1488 1095 1609 1148 αἰτισ-ίςι
1631 1099 1700 1152 (fic
1720 1099 1828 1138 enim
1849 1108 1892 1137 tu
1913 1098 1962 1137 ad

567 1179 632 1204 me
653 1164 873 1219 scripseras)
897 1178 1039 1217 magna
1058 1164 1323 1218 desperatione
1343 1163 1503 1203 affeetus
1523 1164 1639 1203 effem
1655 1184 1668 1211 ς
1700 1178 1791 1204 ecce
1817 1165 1893 1204 tibi
1922 1173 1963 1204 et

569 1232 698 1278 Bruti,
729 1241 769 1270 et
789 1241 864 1270 tuae
885 1231 1022 1270 literae.
1066 1230 1141 1268 Ille
1160 1230 1328 1269 exilium
1348 1230 1544 1269 meditari.
1575 1229 1664 1269 Nos
1684 1240 1816 1270 autem
1835 1231 1961 1269 alium

569 1309 731 1351 portum
765 1297 991 1350 propiorem
1026 1295 1121 1335 huic
1156 1297 1260 1335 aetati
1288 1296 1517 1335 videbamus
1534 1315 1546 1342 ;
1578 1297 1620 1334 in
1649 1310 1769 1348 quem
1798 1296 1962 1335 mallem

568 1363 755 1416 equidem
775 1360 936 1415 pervehi
956 1361 1119 1399 florente
1139 1362 1264 1399 Bruto
1284 1360 1428 1406 nostro,
1451 1361 1739 1414 constitutaque
1759 1361 1962 1414 Republi-

569 1443 641 1468 ca:
685 1428 749 1467 sed
783 1441 890 1466 nunc
923 1427 1102 1480 quidem,
1134 1435 1178 1465 ut
1212 1426 1364 1472 scribis,
1396 1440 1475 1464 non
1511 1428 1734 1465 utrumvis:
1771 1427 1960 1466 assentiris

569 1496 678 1534 enim
699 1493 816 1539 mihi,
848 1493 1016 1531 nostram
1037 1501 1191 1530 aetatem
1210 1505 1231 1529 a
1250 1492 1396 1536 castris,
1428 1492 1642 1544 pracsertim
1661 1492 1864 1538 civilibus,
1888 1492 1961 1531 ab·

567 1560 740 1600 horrere.
786 1559 988 1596 Antonius
1017 1557 1065 1595 ad
1095 1571 1158 1594 me
1184 1566 1339 1595 tanturn
1360 1557 1407 1594 de
1429 1557 1573 1595 Clodio
1595 1557 1800 1610 rescripsit,
1832 1571 1963 1596 meam

566 1627 772 1665 lenitatem
793 1633 832 1662 et
851 1624 1104 1662 clementiam
1124 1631 1164 1661 et
1185 1623 1255 1661 fibi
1276 1622 1347 1661 effe
1372 1632 1537 1675 gratam,
1568 1632 1607 1661 et
1637 1622 1739 1661 mihi
1765 1622 1962 1675 voluptati

565 1705 718 1745 magnae
748 1689 846 1729 fore.
893 1689 967 1728 Sed
995 1689 1115 1728 Pansa
1134 1687 1263 1727 furere
1282 1687 1438 1726 videtur
1457 1688 1504 1726 de
1526 1688 1686 1733 Clodio,
1717 1689 1894 1740 itemque
1914 1688 1963 1727 de

567 1758 786 1810 Dejotar0;
812 1765 851 1793 et
871 1755 1052 1808 loquitur
1072 1754 1211 1800 severe,
1234 1754 1260 1792 s1
1281 1753 1376 1791 velis
1398 1753 1566 1791 credere.
1600 1752 1706 1791 Illud
1728 1761 1857 1791 tamen
1879 1766 1960 1791 non

569 1824 688 1869 belle,
719 1832 764 1861 ut
793 1821 896 1860 mihi
920 1821 1082 1875 quidem
1103 1820 1272 1865 videtur,
1303 1819 1410 1872 quod
1430 1819 1580 1858 factum
1601 1819 1819 1858 Dolabellae
1838 1818 1959 1857 vehe-

570 1898 723 1928 menter
743 1888 956 1940 improbat.
989 1888 1052 1925 De
1072 1887 1283 1931 coronatis,
1313 1899 1408 1924 cum
1429 1885 1568 1924 sororis
1590 1895 1665 1924 tuae
1686 1885 1792 1923 filius
1812 1898 1833 1922 a
1852 1894 1962 1937 patre

570 1955 770 1993 accusatus
791 1953 897 1998 esset,
929 1952 1120 2004 rescripsit
1150 1952 1186 1990 se
1215 1965 1400 1989 coronam
1422 1951 1595 1989 habuisse
1616 1951 1777 1989 honoris
1800 1951 1961 1990 Caesaris

570 2021 709 2066 causa;
742 2018 905 2072 posuisse
932 2018 1061 2057 ludius
1091 2017 1240 2070 gratia:
1273 2017 1483 2070 postremO,
1515 2017 1550 2055 se
1571 2017 1740 2055 libenter
1758 2018 1961 2070 vitupera-

570 2087 722 2125 tionem
757 2085 899 2129 subire‚
935 2083 1042 2137 quod
1076 2093 1221 2122 amaret
1253 2084 1372 2121 etiam
1408 2093 1611 2121 mortuum
1645 2083 1850 2122 Caesarcm.
1895 2083 1963 2121 Ad

570 2151 838 2196 Dolabellam,
864 2149 1200 2203 quemadmodum
1223 2150 1296 2187 tibi
1318 2149 1417 2188 dicis
1439 2149 1604 2202 placere,
1636 2149 1765 2201 scripsi
1785 2149 1960 2201 diligen-

570 2228 656 2258 ter:
689 2232 762 2270 ego
781 2217 901 2256 etiam
928 2216 975 2255 ad
1006 2217 1133 2255 Sicam
1152 2231 1161 2255 z
1196 2217 1269 2254 tibi
1294 2215 1371 2254 hoc
1391 2216 1519 2254 oneris
1542 2229 1620 2253 non
1642 2215 1833 2267 impono:
1867 2215 1963 2253 nolo

572 2294 610 2323 te
635 2284 751 2322 illum
781 2284 924 2321 iratum
954 2281 1110 2321 habere.
1157 2282 1279 2320 Servii
1308 2282 1525 2320 orationem
1556 2280 1779 2332 cognosco;
1812 2281 1852 2318 in
1883 2293 1961 2332 qua

570 2350 661 2405 plus
683 2350 835 2388 timoris
857 2349 985 2393 videm
1007 2363 1126 2401 quam
1148 2348 1299 2387 consilii
1319 2363 1327 2386 :
1362 2347 1422 2386 scd
1443 2348 1630 2400 quoniam
1653 2347 1848 2399 perterriti
1868 2360 1960 2385 om-

573 2430 639 2455 nes
662 2416 809 2460 sumus,
840 2414 999 2452 assentio
1020 2415 1166 2453 Servio.
1210 2414 1407 2452 Publilius
1430 2424 1561 2451 tecum
1584 2413 1745 2451 tricatus
1765 2411 1846 2450 est:
1879 2411 1958 2449 huc

570 2483 680 2522 enim
715 2481 894 2521 Caercllia
928 2480 1037 2521 missa
1071 2481 1119 2519 ab
1153 2480 1234 2520 istis
1269 2481 1321 2519 est
1362 2481 1486 2533 legata
1519 2479 1566 2518 ad
1604 2492 1697 2525 me;
1742 2478 1807 2517 cui
1846 2476 1961 2516 facile
