2243 3008
525 240 634 279 AD
691 237 1122 278 ATTICUM
1189 239 1496 281 LIB.XIV.
1628 255 1707 298 417

320 336 563 390 propediem,
593 345 639 375 ut
665 336 788 389 spero.
827 336 910 380 Tu,
942 335 1130 387 quoniam
1153 335 1297 389 Remp.
1322 339 1468 390 nosque
1489 338 1702 386 conservas,

321 401 396 448 fac,
428 410 472 442 ut
491 400 783 454 diligentiffime
804 408 842 438 te
862 399 1006 452 ipsum,
1038 400 1095 438 mi
1117 401 1339 447 Dolabella,
1371 402 1576 443 custodias.

659 604 901 642 CICERO
944 603 1198 642 ATT1co
1243 604 1372 642 SAL.

316 730 474 770 XVIII.
502 730 612 804 SAE
628 732 658 770 P
673 732 691 770 I
706 732 744 770 U
759 733 782 770 S
813 746 876 771 me
897 734 980 786 jam
1009 732 1146 785 agitas,
1177 731 1284 783 quod
1308 745 1390 770 rem
1411 730 1553 784 gestam
1575 732 1702 771 Dola-

580 797 693 836 bellae
722 798 841 836 nimis
872 798 912 836 in
943 797 1084 835 caelum
1113 796 1243 835 videar
1269 796 1431 836 efferre:
1463 810 1535 849 ego
1556 806 1701 842 autem,

315 875 540 915 quanquam
573 862 659 901 sane
689 863 814 916 probo
844 862 1008 908 factum,
1039 872 1170 900 tamen
1192 871 1236 899 ut
1263 871 1464 915 tantopere
1490 862 1701 908 laudarem,

317 927 504 967 adductus
526 928 611 966 sum
632 929 710 966 tuis
732 929 820 967 unis
841 938 879 967 et
898 929 1027 967 alteris
1049 928 1186 966 literis.
1233 928 1305 966 Sed
1326 937 1455 967 totum
1478 928 1513 966 se
1533 942 1553 966 a
1573 937 1610 966 te
1630 928 1700 966 ab·

315 992 498 1032 alienavit
520 993 742 1039 Dolabella,
773 1007 816 1032 ea
836 994 883 1032 de
902 994 1026 1039 causa,
1059 1006 1135 1046 qua
1155 1006 1218 1031 me
1239 1006 1396 1046 quoque
1417 993 1487 1031 fibi
1508 992 1703 1031 inimicis-

315 1057 458 1096 fimum
479 1059 662 1098 reddidit.
697 1060 733 1097 O
755 1059 961 1098 hominem
981 1059 1218 1112 pudentem!
1248 1059 1410 1097 Kalend.
1430 1060 1518 1109 Jan.
1542 1058 1699 1103 debuit;

314 1122 443 1162 adhuc
463 1137 543 1162 non
564 1123 693 1169 solvit,
710 1124 922 1176 praesertim
944 1137 1036 1162 cum
1057 1123 1094 1161 se
1113 1125 1288 1161 maximo
1309 1137 1380 1162 aere
1399 1123 1527 1162 alieno
1548 1123 1704 1162 Faberii

315 1202 435 1227 manu
455 1189 645 1234 liberarit,
677 1198 715 1227 et
735 1202 851 1241 opem
872 1189 920 1226 ab
940 1202 986 1227 eo
1006 1189 1178 1241 petierit.
1225 1189 1340 1227 Licet
1360 1189 1467 1227 enim
1483 1189 1622 1241 jocari,
1655 1201 1703 1226 ne

314 1268 379 1293 me
399 1254 509 1293 valde
529 1254 810 1293 conturbatum
831 1264 960 1308 putes.
998 1256 1131 1307 Atque
1151 1268 1224 1307 ego
1244 1254 1290 1291 ad
1310 1268 1402 1292 eum
1424 1268 1510 1292 vm
1535 1255 1628 1292 Idus
1649 1255 1700 1292 li·-

313 1328 412 1358 teras
433 1319 614 1358 dederam
636 1320 734 1358 bene
753 1333 887 1357 mane:
910 1319 1049 1357 eodem
1069 1329 1200 1357 autem
1221 1319 1284 1357 die
1305 1328 1388 1357 tuas
1410 1319 1538 1357 literas
1556 1319 1702 1372 vesperi

313 1399 538 1439 acceperam
559 1385 600 1423 in
622 1385 876 1438 Pompeiano,
899 1384 985 1422 sane
1005 1384 1196 1429 celeriter,
1220 1384 1335 1421 tertio
1355 1384 1422 1422 abs
1445 1393 1481 1421 te
1502 1384 1578 1422 die.
1613 1384 1701 1429 Sed,

313 1460 358 1490 ut
387 1451 434 1489 ad
463 1460 502 1489 te
530 1464 576 1489 eo
595 1450 679 1503 ipso
700 1450 762 1488 die
783 1450 1021 1503 scripseram,
1053 1449 1141 1487 satis
1163 1450 1352 1487 aculeatas
1373 1449 1419 1487 ad
1451 1449 1702 1488 Dolabellam

313 1517 444 1554 literas
476 1515 594 1560 dedi3
627 1529 712 1567 quae
733 1516 760 1553 fi
793 1514 896 1552 nihil
918 1514 1171 1567 profecerint,
1202 1524 1301 1566 puto
1321 1513 1419 1559 fore,
1452 1524 1495 1552 ut
1516 1528 1579 1552 me
1599 1529 1700 1567 prae-

313 1581 461 1619 sentem
482 1593 561 1618 non
582 1579 777 1618 sustineat.
807 1579 1025 1617 Albianum
1046 1588 1084 1617 te
1104 1578 1311 1617 confecisse
1331 1579 1511 1616 arbitror.
1542 1579 1604 1617 De
1625 1581 1702 1617 Pe-

311 1646 488 1684 tulciano
509 1645 684 1689 nomine,
716 1644 823 1697 quod
845 1643 946 1682 mihi
973 1644 1240 1696 suppeditatus
1266 1657 1320 1688 es,
1351 1643 1610 1696 gratiflimum
1630 1644 1698 1689 est,

311 1721 351 1750 et
371 1711 494 1749 simile
516 1719 675 1748 tuorum
696 1710 893 1748 omnium.
926 1709 999 1747 Sed
1019 1723 1092 1762 ego
1115 1710 1278 1747 Erotem
1299 1709 1345 1746 ad
1373 1709 1441 1746 ista
1460 1708 1701 1761 expedienda

311 1776 461 1814 factum
492 1774 595 1813 mihi
625 1774 783 1812 videbar
814 1774 1036 1826 reliquisse;
1068 1775 1182 1826 cujus
1215 1787 1293 1811 non
1324 1773 1401 1811 fine
1422 1787 1564 1825 magna
1583 1774 1701 1826 culpa

311 1841 544 1879 vacillarunt
563 1854 571 1878 :
604 1839 667 1877 sed
687 1853 781 1878 cum
802 1839 886 1891 ipso
906 1839 1053 1877 videro.
1085 1839 1148 1877 De
1169 1838 1380 1883 Montano,
1413 1847 1456 1876 ut
1477 1838 1572 1890 saepe
1592 1839 1637 1875 ad
1660 1849 1698 1877 te

311 1906 456 1959 scripsi,
487 1905 563 1943 erit
591 1905 666 1942 tibi
697 1913 778 1942 tota
798 1917 855 1942 res
877 1917 992 1942 curae.
1041 1904 1194 1941 Servius
1218 1903 1466 1955 proficiscens
1493 1903 1600 1954 quod
1627 1903 1696 1941 de-

311 1973 504 2025 speranter
535 1979 667 2008 tecum
696 1970 858 2008 locutus
888 1969 956 2015 est,
987 1969 1154 2007 minime
1184 1969 1333 2014 mir0r;
1366 1982 1492 2020 neque
1511 1969 1546 2006 ei
1577 1969 1697 2020 quid-

309 2050 429 2090 quam
450 2036 490 2074 in
511 2035 775 2088 desperatione
795 2035 984 2073 concedo.
1017 2035 1162 2072 Brutus
1182 2034 1322 2079 noster,
1352 2033 1554 2086 singularis
1575 2035 1647 2079 vir,
1671 2034 1697 2072 fi

308 2103 350 2140 in
373 2103 559 2140 Senatum
579 2114 657 2138 non
679 2100 733 2138 est
753 2101 843 2139 Kal.
866 2100 998 2151 Juniis
1019 2109 1221 2144 venturus,
1253 2098 1350 2150 quid
1379 2098 1551 2136 facturus
1579 2098 1624 2135 fit
1654 2099 1694 2136 in

309 2167 411 2212 foro,
443 2166 596 2204 nescio:
629 2165 692 2204 sed
712 2164 788 2204 hoc
809 2165 889 2218 ipse
909 2166 1066 2204 melius.
1099 2167 1187 2217 Ego
1207 2178 1254 2202 ex
1274 2163 1351 2208 his,
1383 2177 1469 2215 quae
1490 2163 1612 2215 parari
1633 2164 1694 2201 vi-

308 2233 396 2277 deo,
429 2245 507 2270 non
529 2231 704 2269 multum
725 2231 863 2269 Idibus
884 2231 1043 2269 Martiis
1066 2229 1284 2283 profectum
1300 2228 1453 2280 judico.
1491 2229 1627 2279 Itaque
1648 2228 1695 2267 de

309 2297 463 2336 Graecia
483 2297 660 2348 quotidie
681 2297 805 2350 magis
826 2306 865 2335 et
884 2297 1009 2349 magis
1031 2296 1164 2347 cogito
1183 2309 1191 2332 :
1226 2307 1295 2331 nec
1316 2294 1423 2331 enim
1446 2294 1568 2331 Bruto
1589 2307 1692 2340 meo,

309 2362 491 2405 exilium,
521 2371 567 2398 ut
596 2361 732 2400 scribis
762 2361 856 2414 ipse,
889 2361 1109 2404 meditanti,
1142 2359 1254 2397 video
1283 2358 1380 2411 quid
1411 2357 1581 2410 prodesse
1603 2359 1694 2410 pos-

308 2428 395 2466 sim.
428 2425 613 2464 Leonidae
635 2439 697 2464 me
718 2427 838 2466 literae
859 2441 936 2466 non
959 2427 1047 2465 satis
1069 2425 1323 2465 delectarunt.
1356 2425 1418 2462 De
1440 2423 1598 2462 Herode
1620 2424 1692 2462 tibi

392 2494 530 2531 ΤοΜ.
563 2492 679 2531 VIII.
1244 2492 1282 2529 G
1313 2504 1339 2543 g
1367 2504 1393 2541 g
