<?xml version="1.0" encoding="UTF-8"?>
<!DOCTYPE html PUBLIC "-//W3C//DTD XHTML 1.0 Transitional//EN"
    "http://www.w3.org/TR/xhtml1/DTD/xhtml1-transitional.dtd">
<html xmlns="http://www.w3.org/1999/xhtml" xml:lang="en" lang="en">
 <head>
  <title>
</title>
<meta http-equiv="Content-Type" content="text/html;charset=utf-8" />
  <meta name='ocr-system' content='tesseract 3.04.00' />
  <meta name='ocr-capabilities' content='ocr_page ocr_carea ocr_par ocr_line ocrx_word'/>
</head>
<body>
  <div class='ocr_page' id='page_1' title='image "./operacumindicibu08ciceuoft_0252.png"; bbox 0 0 2243 3008; ppageno 0'>
   <div class='ocr_carea' id='block_1_1' title="bbox 511 292 1541 342">
    <p class='ocr_par' dir='ltr' id='par_1_1' title="bbox 511 292 1541 342">
     <span class='ocr_line' id='line_1_1' title="bbox 511 292 1541 342; baseline 0.001 -11"><span class='ocrx_word' id='word_1_1' title='bbox 511 305 591 342; x_wconf 88' lang='lat'><em>244</em></span> <span class='ocrx_word' id='word_1_2' title='bbox 855 292 1541 333; x_wconf 83' lang='lat' dir='ltr'><strong>EPISTOLARUM</strong></span> 
     </span>
    </p>
   </div>
   <div class='ocr_carea' id='block_1_2' title="bbox 510 390 1895 626">
    <p class='ocr_par' dir='ltr' id='par_1_2' title="bbox 510 390 1895 626">
     <span class='ocr_line' id='line_1_2' title="bbox 511 390 1895 444; baseline 0.001 -15"><span class='ocrx_word' id='word_1_3' title='bbox 511 399 705 444; x_wconf 81' lang='lat' dir='ltr'><em>quantum</em></span> <span class='ocrx_word' id='word_1_4' title='bbox 725 399 851 444; x_wconf 90' lang='lat' dir='ltr'><em>potes.</em></span> <span class='ocrx_word' id='word_1_5' title='bbox 897 392 944 430; x_wconf 89' lang='lat' dir='ltr'><em>In</em></span> <span class='ocrx_word' id='word_1_6' title='bbox 973 390 1142 444; x_wconf 86' lang='lat' dir='ltr'>Epirum</span> <span class='ocrx_word' id='word_1_7' title='bbox 1173 391 1281 444; x_wconf 90' lang='lat' dir='ltr'><em>quod</em></span> <span class='ocrx_word' id='word_1_8' title='bbox 1307 405 1372 431; x_wconf 86' lang='lat' dir='ltr'><em>me</em></span> <span class='ocrx_word' id='word_1_9' title='bbox 1401 404 1480 430; x_wconf 88' lang='lat' dir='ltr'><em>non</em></span> <span class='ocrx_word' id='word_1_10' title='bbox 1511 391 1669 438; x_wconf 85' lang='lat' dir='ltr'><em>invitas,</em></span> <span class='ocrx_word' id='word_1_11' title='bbox 1704 391 1895 432; x_wconf 85' lang='lat' dir='ltr'><em>comitem</em></span> 
     </span>
     <span class='ocr_line' id='line_1_3' title="bbox 510 456 1893 503; baseline 0.001 -9"><span class='ocrx_word' id='word_1_12' title='bbox 510 469 590 494; x_wconf 89' lang='lat' dir='ltr'><em>non</em></span> <span class='ocrx_word' id='word_1_13' title='bbox 611 456 834 502; x_wconf 85' lang='lat' dir='ltr'><em>molestum,</em></span> <span class='ocrx_word' id='word_1_14' title='bbox 865 456 1105 495; x_wconf 85' lang='lat' dir='ltr'><em>subirascor:</em></span> <span class='ocrx_word' id='word_1_15' title='bbox 1138 456 1201 494; x_wconf 90' lang='lat' dir='ltr'><em>sed</em></span> <span class='ocrx_word' id='word_1_16' title='bbox 1222 457 1332 495; x_wconf 86' lang='lat' dir='ltr'><em>vale:</em></span> <span class='ocrx_word' id='word_1_17' title='bbox 1364 469 1470 503; x_wconf 84' lang='lat' dir='ltr'><em>nam,</em></span> <span class='ocrx_word' id='word_1_18' title='bbox 1502 466 1547 496; x_wconf 89' lang='lat' dir='ltr'><em>ut</em></span> <span class='ocrx_word' id='word_1_19' title='bbox 1578 458 1654 496; x_wconf 88' lang='lat' dir='ltr'><em>tibi</em></span> <span class='ocrx_word' id='word_1_20' title='bbox 1684 457 1893 496; x_wconf 88' lang='lat' dir='ltr'><em>ambulan-</em></span> 
     </span>
     <span class='ocr_line' id='line_1_4' title="bbox 511 519 1895 574; baseline 0.003 -16"><span class='ocrx_word' id='word_1_21' title='bbox 511 521 622 567; x_wconf 89' lang='lat' dir='ltr'><em>dum,</em></span> <span class='ocrx_word' id='word_1_22' title='bbox 653 523 899 574; x_wconf 86' lang='lat' dir='ltr'><em>ungendum,</em></span> <span class='ocrx_word' id='word_1_23' title='bbox 930 521 981 559; x_wconf 87' lang='lat' dir='ltr'><em>fic</em></span> <span class='ocrx_word' id='word_1_24' title='bbox 1011 519 1113 558; x_wconf 90' lang='lat' dir='ltr'><em>mihi</em></span> <span class='ocrx_word' id='word_1_25' title='bbox 1142 521 1433 560; x_wconf 86' lang='lat' dir='ltr'><em>dormiendum.</em></span> <span class='ocrx_word' id='word_1_26' title='bbox 1480 522 1644 562; x_wconf 89' lang='lat' dir='ltr'>Etenim</span> <span class='ocrx_word' id='word_1_27' title='bbox 1669 523 1791 562; x_wconf 89' lang='lat' dir='ltr'><em>literae</em></span> <span class='ocrx_word' id='word_1_28' title='bbox 1819 531 1895 562; x_wconf 81' lang='lat' dir='ltr'><em>tuae</em></span> 
     </span>
     <span class='ocr_line' id='line_1_5' title="bbox 511 586 1067 626; baseline -0.002 -1"><span class='ocrx_word' id='word_1_29' title='bbox 511 586 613 625; x_wconf 83' lang='lat' dir='ltr'><em>mihi</em></span> <span class='ocrx_word' id='word_1_30' title='bbox 634 587 816 626; x_wconf 88' lang='lat' dir='ltr'><em>somnum</em></span> <span class='ocrx_word' id='word_1_31' title='bbox 836 586 1067 625; x_wconf 88' lang='lat' dir='ltr'><em>attulerunt.</em></span> 
     </span>
    </p>
   </div>
   <div class='ocr_carea' id='block_1_3' title="bbox 581 786 1827 840">
    <p class='ocr_par' dir='ltr' id='par_1_3' title="bbox 581 786 1827 840">
     <span class='ocr_line' id='line_1_6' title="bbox 581 786 1827 840; baseline 0.001 -15"><span class='ocrx_word' id='word_1_32' title='bbox 581 787 817 840; x_wconf 52' lang='lat' dir='ltr'><em>BAiBus</em></span> <span class='ocrx_word' id='word_1_33' title='bbox 862 799 933 826; x_wconf 76' lang='grc' dir='ltr'><em>ετ</em></span> <span class='ocrx_word' id='word_1_34' title='bbox 978 787 1204 825; x_wconf 76' lang='grc' dir='ltr'>ΟΡΡιυε</span> <span class='ocrx_word' id='word_1_35' title='bbox 1248 786 1287 825; x_wconf 89' lang='lat' dir='ltr'><em>S.</em></span> <span class='ocrx_word' id='word_1_36' title='bbox 1319 787 1374 826; x_wconf 93' lang='lat' dir='ltr'><em>D.</em></span> <span class='ocrx_word' id='word_1_37' title='bbox 1406 787 1470 826; x_wconf 91' lang='lat' dir='ltr'><em>M.</em></span> <span class='ocrx_word' id='word_1_38' title='bbox 1504 787 1827 827; x_wconf 69' lang='lat' dir='ltr'><em>Cxcnnour.</em></span> 
     </span>
    </p>
   </div>
   <div class='ocr_carea' id='block_1_4' title="bbox 492 912 1899 2548">
    <p class='ocr_par' dir='ltr' id='par_1_4' title="bbox 512 912 1894 989">
     <span class='ocr_line' id='line_1_7' title="bbox 512 912 1894 989; baseline 0 -35"><span class='ocrx_word' id='word_1_39' title='bbox 512 912 651 989; x_wconf 88' lang='lat' dir='ltr'><em>NE</em></span> <span class='ocrx_word' id='word_1_40' title='bbox 664 915 708 953; x_wconf 90' lang='lat' dir='ltr'><em>D</em></span> <span class='ocrx_word' id='word_1_41' title='bbox 724 915 824 954; x_wconf 94' lang='lat' dir='ltr'><em>UM</em></span> <span class='ocrx_word' id='word_1_42' title='bbox 845 916 1019 955; x_wconf 83' lang='lat' dir='ltr'><em>bominum</em></span> <span class='ocrx_word' id='word_1_43' title='bbox 1039 913 1236 959; x_wconf 84' lang='lat' dir='ltr'><em>humilium,</em></span> <span class='ocrx_word' id='word_1_44' title='bbox 1267 924 1309 953; x_wconf 88' lang='lat' dir='ltr'><em>ut</em></span> <span class='ocrx_word' id='word_1_45' title='bbox 1326 928 1388 954; x_wconf 88' lang='lat' dir='ltr'><em>nos</em></span> <span class='ocrx_word' id='word_1_46' title='bbox 1392 915 1534 968; x_wconf 66' lang='lat' dir='ltr'><em>stemus,</em></span> <span class='ocrx_word' id='word_1_47' title='bbox 1541 914 1614 969; x_wconf 76' lang='lat' dir='ltr'><em>fid</em></span> <span class='ocrx_word' id='word_1_48' title='bbox 1626 915 1734 954; x_wconf 85' lang='lat' dir='ltr'><em>etiam</em></span> <span class='ocrx_word' id='word_1_49' title='bbox 1751 915 1894 968; x_wconf 73' lang='lat' dir='ltr'><em>amplis·</em></span> 
     </span>
    </p>

    <p class='ocr_par' dir='ltr' id='par_1_5' title="bbox 492 980 1899 2548">
     <span class='ocr_line' id='line_1_8' title="bbox 606 980 1893 1034; baseline 0.001 -17"><span class='ocrx_word' id='word_1_50' title='bbox 606 981 782 1030; x_wconf 88' lang='lat' dir='ltr'><em>fimorum</em></span> <span class='ocrx_word' id='word_1_51' title='bbox 800 982 977 1025; x_wconf 86' lang='lat' dir='ltr'><em>virorum,</em></span> <span class='ocrx_word' id='word_1_52' title='bbox 1008 980 1147 1031; x_wconf 73' lang='lat' dir='ltr'><em>confilia</em></span> <span class='ocrx_word' id='word_1_53' title='bbox 1164 993 1208 1018; x_wconf 89' lang='lat' dir='ltr'><em>ex</em></span> <span class='ocrx_word' id='word_1_54' title='bbox 1225 989 1371 1025; x_wconf 84' lang='lat' dir='ltr'><em>eventu,</em></span> <span class='ocrx_word' id='word_1_55' title='bbox 1401 994 1469 1019; x_wconf 89' lang='lat' dir='ltr'><em>non</em></span> <span class='ocrx_word' id='word_1_56' title='bbox 1488 994 1532 1019; x_wconf 88' lang='lat' dir='ltr'><em>ex</em></span> <span class='ocrx_word' id='word_1_57' title='bbox 1548 980 1750 1025; x_wconf 86' lang='lat' dir='ltr'><em>voluntate,</em></span> <span class='ocrx_word' id='word_1_58' title='bbox 1778 995 1802 1018; x_wconf 88' lang='lat' dir='ltr'><em>a</em></span> <span class='ocrx_word' id='word_1_59' title='bbox 1815 981 1893 1034; x_wconf 79' lang='lat' dir='ltr'><em>ple-</em></span> 
     </span>
     <span class='ocr_line' id='line_1_9' title="bbox 511 1042 1895 1100; baseline -0.001 -15"><span class='ocrx_word' id='word_1_60' title='bbox 511 1047 627 1100; x_wconf 69' lang='lat' dir='ltr'><em>risque</em></span> <span class='ocrx_word' id='word_1_61' title='bbox 648 1045 805 1098; x_wconf 84' lang='lat' dir='ltr'><em>probari</em></span> <span class='ocrx_word' id='word_1_62' title='bbox 815 1047 948 1099; x_wconf 80' lang='lat' dir='ltr'><em>solent.</em></span> <span class='ocrx_word' id='word_1_63' title='bbox 996 1042 1128 1084; x_wconf 84' lang='lat' dir='ltr'><em>‘Tamen</em></span> <span class='ocrx_word' id='word_1_64' title='bbox 1144 1043 1253 1097; x_wconf 75' lang='lat' dir='ltr'><em>fleti</em></span> <span class='ocrx_word' id='word_1_65' title='bbox 1279 1055 1345 1084; x_wconf 87' lang='lat' dir='ltr'><em>tua</em></span> <span class='ocrx_word' id='word_1_66' title='bbox 1370 1045 1609 1090; x_wconf 84' lang='lat' dir='ltr'><em>humanitate,</em></span> <span class='ocrx_word' id='word_1_67' title='bbox 1639 1044 1734 1099; x_wconf 88' lang='lat' dir='ltr'><em>quod</em></span> <span class='ocrx_word' id='word_1_68' title='bbox 1755 1045 1895 1096; x_wconf 70' lang='lat' dir='ltr'><em>verg&#39;ffi-</em></span> 
     </span>
     <span class='ocr_line' id='line_1_10' title="bbox 512 1110 1897 1165; baseline 0 -15"><span class='ocrx_word' id='word_1_69' title='bbox 512 1127 605 1151; x_wconf 91' lang='lat' dir='ltr'><em>mum</em></span> <span class='ocrx_word' id='word_1_70' title='bbox 637 1112 733 1150; x_wconf 86' lang='lat' dir='ltr'><em>nobis</em></span> <span class='ocrx_word' id='word_1_71' title='bbox 763 1111 960 1156; x_wconf 82' lang='lat' dir='ltr'><em>videbitur,</em></span> <span class='ocrx_word' id='word_1_72' title='bbox 989 1110 1030 1150; x_wconf 87' lang='lat' dir='ltr'><em>de</em></span> <span class='ocrx_word' id='word_1_73' title='bbox 1058 1125 1108 1155; x_wconf 88' lang='lat' dir='ltr'><em>eo,</em></span> <span class='ocrx_word' id='word_1_74' title='bbox 1139 1110 1233 1164; x_wconf 87' lang='lat' dir='ltr'><em>quod</em></span> <span class='ocrx_word' id='word_1_75' title='bbox 1259 1110 1311 1150; x_wconf 84' lang='lat' dir='ltr'><em>ad</em></span> <span class='ocrx_word' id='word_1_76' title='bbox 1337 1125 1398 1150; x_wconf 87' lang='lat' dir='ltr'><em>nos</em></span> <span class='ocrx_word' id='word_1_77' title='bbox 1411 1111 1597 1165; x_wconf 77' lang='lat' dir='ltr'><em>stripfisti,</em></span> <span class='ocrx_word' id='word_1_78' title='bbox 1627 1111 1699 1150; x_wconf 89' lang='lat' dir='ltr'><em>tibi</em></span> <span class='ocrx_word' id='word_1_79' title='bbox 1723 1111 1897 1163; x_wconf 77' lang='lat' dir='ltr'><em>corfilium</em></span> 
     </span>
     <span class='ocr_line' id='line_1_11' title="bbox 509 1175 1898 1231; baseline -0.001 -14"><span class='ocrx_word' id='word_1_80' title='bbox 509 1178 695 1223; x_wconf 77' lang='lat' dir='ltr'><em>dabimus3</em></span> <span class='ocrx_word' id='word_1_81' title='bbox 727 1177 820 1231; x_wconf 90' lang='lat' dir='ltr'><em>quod</em></span> <span class='ocrx_word' id='word_1_82' title='bbox 829 1179 873 1230; x_wconf 81' lang='lat' dir='ltr'><em>ſs</em></span> <span class='ocrx_word' id='word_1_83' title='bbox 900 1191 968 1216; x_wconf 90' lang='lat' dir='ltr'><em>non</em></span> <span class='ocrx_word' id='word_1_84' title='bbox 983 1177 1110 1229; x_wconf 85' lang='lat' dir='ltr'><em>fuerit</em></span> <span class='ocrx_word' id='word_1_85' title='bbox 1133 1175 1307 1229; x_wconf 87' lang='lat' dir='ltr'><em>prudens,</em></span> <span class='ocrx_word' id='word_1_86' title='bbox 1337 1186 1380 1216; x_wconf 89' lang='lat' dir='ltr'><em>at</em></span> <span class='ocrx_word' id='word_1_87' title='bbox 1404 1185 1502 1217; x_wconf 86' lang='lat' dir='ltr'><em>certe</em></span> <span class='ocrx_word' id='word_1_88' title='bbox 1529 1177 1576 1216; x_wconf 86' lang='lat' dir='ltr'><em>ab</em></span> <span class='ocrx_word' id='word_1_89' title='bbox 1604 1178 1737 1230; x_wconf 89' lang='lat' dir='ltr'><em>optima</em></span> <span class='ocrx_word' id='word_1_90' title='bbox 1749 1177 1828 1229; x_wconf 80' lang='lat' dir='ltr'><em>fide</em></span> <span class='ocrx_word' id='word_1_91' title='bbox 1858 1186 1898 1216; x_wconf 80' lang='lat' dir='ltr'><em>et</em></span> 
     </span>
     <span class='ocr_line' id='line_1_12' title="bbox 510 1241 1895 1297; baseline -0.001 -15"><span class='ocrx_word' id='word_1_92' title='bbox 510 1244 638 1297; x_wconf 89' lang='lat' dir='ltr'><em>optimo</em></span> <span class='ocrx_word' id='word_1_93' title='bbox 655 1243 770 1282; x_wconf 88' lang='lat' dir='ltr'><em>animo</em></span> <span class='ocrx_word' id='word_1_94' title='bbox 783 1243 1040 1296; x_wconf 65' lang='lat' dir='ltr'><em>proficifietur.</em></span> <span class='ocrx_word' id='word_1_95' title='bbox 1086 1243 1164 1281; x_wconf 93' lang='lat' dir='ltr'><em>Nos</em></span> <span class='ocrx_word' id='word_1_96' title='bbox 1191 1242 1258 1294; x_wconf 70' lang='lat' dir='ltr'><em>nffi&#39;</em></span> <span class='ocrx_word' id='word_1_97' title='bbox 1281 1241 1330 1287; x_wconf 89' lang='lat' dir='ltr'><em>id,</em></span> <span class='ocrx_word' id='word_1_98' title='bbox 1361 1242 1455 1295; x_wconf 89' lang='lat' dir='ltr'><em>quod</em></span> <span class='ocrx_word' id='word_1_99' title='bbox 1477 1241 1588 1294; x_wconf 74' lang='lat' dir='ltr'><em>nestro</em></span> <span class='ocrx_word' id='word_1_100' title='bbox 1604 1241 1740 1294; x_wconf 85' lang='lat' dir='ltr'><em>judicio</em></span> <span class='ocrx_word' id='word_1_101' title='bbox 1770 1243 1895 1293; x_wconf 77' lang='lat' dir='ltr'><em>Caesa-</em></span> 
     </span>
     <span class='ocr_line' id='line_1_13' title="bbox 510 1307 1897 1362; baseline -0.003 -13"><span class='ocrx_word' id='word_1_102' title='bbox 510 1323 586 1349; x_wconf 85' lang='lat' dir='ltr'><em>rem</em></span> <span class='ocrx_word' id='word_1_103' title='bbox 597 1310 730 1362; x_wconf 80' lang='lat' dir='ltr'><em>fizcere</em></span> <span class='ocrx_word' id='word_1_104' title='bbox 756 1316 916 1362; x_wconf 85' lang='lat' dir='ltr'><em>oportere</em></span> <span class='ocrx_word' id='word_1_105' title='bbox 941 1307 1186 1360; x_wconf 65' lang='lat' dir='ltr'><em>exstimamus,</em></span> <span class='ocrx_word' id='word_1_106' title='bbox 1217 1317 1272 1353; x_wconf 86' lang='lat' dir='ltr'><em>ut,</em></span> <span class='ocrx_word' id='word_1_107' title='bbox 1287 1309 1404 1360; x_wconf 85' lang='lat' dir='ltr'><em>fimul</em></span> <span class='ocrx_word' id='word_1_108' title='bbox 1435 1309 1584 1347; x_wconf 89' lang='lat' dir='ltr'><em>Romam</em></span> <span class='ocrx_word' id='word_1_109' title='bbox 1611 1308 1768 1352; x_wconf 81' lang='lat' dir='ltr'><em>venerit,</em></span> <span class='ocrx_word' id='word_1_110' title='bbox 1805 1317 1897 1360; x_wconf 87' lang='lat' dir='ltr'><em>agat</em></span> 
     </span>
     <span class='ocr_line' id='line_1_14' title="bbox 510 1374 1897 1428; baseline -0.002 -13"><span class='ocrx_word' id='word_1_111' title='bbox 510 1375 552 1415; x_wconf 87' lang='lat' dir='ltr'><em>de</em></span> <span class='ocrx_word' id='word_1_112' title='bbox 579 1375 858 1415; x_wconf 78' lang='lat' dir='ltr'><em>reconciliatione</em></span> <span class='ocrx_word' id='word_1_113' title='bbox 879 1375 1019 1428; x_wconf 85' lang='lat' dir='ltr'><em>gratiae</em></span> <span class='ocrx_word' id='word_1_114' title='bbox 1031 1375 1116 1428; x_wconf 76' lang='lat' dir='ltr'><em>sitae</em></span> <span class='ocrx_word' id='word_1_115' title='bbox 1133 1384 1168 1412; x_wconf 89' lang='lat' dir='ltr'><em>et</em></span> <span class='ocrx_word' id='word_1_116' title='bbox 1188 1374 1359 1427; x_wconf 86' lang='lat' dir='ltr'><em>Pompeii,</em></span> <span class='ocrx_word' id='word_1_117' title='bbox 1389 1374 1430 1413; x_wconf 88' lang='lat' dir='ltr'><em>id</em></span> <span class='ocrx_word' id='word_1_118' title='bbox 1450 1389 1526 1413; x_wconf 86' lang='lat' dir='ltr'><em>eum</em></span> <span class='ocrx_word' id='word_1_119' title='bbox 1529 1374 1729 1427; x_wconf 64' lang='lat' dir='ltr'><em>fablurum</em></span> <span class='ocrx_word' id='word_1_120' title='bbox 1756 1388 1799 1412; x_wconf 85' lang='lat' dir='ltr'><em>ex</em></span> <span class='ocrx_word' id='word_1_121' title='bbox 1827 1374 1897 1427; x_wconf 63' lang='lat' dir='ltr'><em>ipso</em></span> 
     </span>
     <span class='ocr_line' id='line_1_15' title="bbox 511 1440 1895 1496; baseline -0.002 -14"><span class='ocrx_word' id='word_1_122' title='bbox 511 1441 788 1496; x_wconf 72' lang='lat' dir='ltr'><em>cognovffmm,</em></span> <span class='ocrx_word' id='word_1_123' title='bbox 819 1450 855 1480; x_wconf 87' lang='lat' dir='ltr'><em>te</em></span> <span class='ocrx_word' id='word_1_124' title='bbox 882 1441 1029 1480; x_wconf 88' lang='lat' dir='ltr'><em>hortari</em></span> <span class='ocrx_word' id='word_1_125' title='bbox 1052 1440 1290 1492; x_wconf 71' lang='lat' dir='ltr'><em>desineremus,</em></span> <span class='ocrx_word' id='word_1_126' title='bbox 1321 1450 1362 1479; x_wconf 85' lang='lat' dir='ltr'><em>ut</em></span> <span class='ocrx_word' id='word_1_127' title='bbox 1391 1441 1496 1480; x_wconf 84' lang='lat' dir='ltr'><em>velles</em></span> <span class='ocrx_word' id='word_1_128' title='bbox 1523 1441 1566 1479; x_wconf 88' lang='lat' dir='ltr'><em>iis</em></span> <span class='ocrx_word' id='word_1_129' title='bbox 1593 1441 1697 1480; x_wconf 87' lang='lat' dir='ltr'><em>rebus</em></span> <span class='ocrx_word' id='word_1_130' title='bbox 1725 1440 1895 1494; x_wconf 60' lang='lat' dir='ltr'><em>intereſjk,</em></span> 
     </span>
     <span class='ocr_line' id='line_1_16' title="bbox 512 1505 1894 1562; baseline -0.002 -14"><span class='ocrx_word' id='word_1_131' title='bbox 512 1523 578 1562; x_wconf 85' lang='lat' dir='ltr'><em>quo</em></span> <span class='ocrx_word' id='word_1_132' title='bbox 581 1508 749 1561; x_wconf 86' lang='lat' dir='ltr'><em>facilius,</em></span> <span class='ocrx_word' id='word_1_133' title='bbox 779 1517 815 1546; x_wconf 91' lang='lat' dir='ltr'><em>et</em></span> <span class='ocrx_word' id='word_1_134' title='bbox 842 1507 973 1559; x_wconf 72' lang='lat' dir='ltr'><em>majore</em></span> <span class='ocrx_word' id='word_1_135' title='bbox 1000 1520 1080 1545; x_wconf 88' lang='lat' dir='ltr'><em>cum</em></span> <span class='ocrx_word' id='word_1_136' title='bbox 1107 1505 1298 1558; x_wconf 85' lang='lat' dir='ltr'><em>dignitate,</em></span> <span class='ocrx_word' id='word_1_137' title='bbox 1323 1515 1392 1557; x_wconf 84' lang='lat' dir='ltr'><em>per</em></span> <span class='ocrx_word' id='word_1_138' title='bbox 1411 1515 1459 1550; x_wconf 86' lang='lat' dir='ltr'><em>te,</em></span> <span class='ocrx_word' id='word_1_139' title='bbox 1490 1507 1554 1559; x_wconf 86' lang='lat' dir='ltr'><em>qui</em></span> <span class='ocrx_word' id='word_1_140' title='bbox 1578 1507 1723 1559; x_wconf 87' lang='lat' dir='ltr'><em>utrique</em></span> <span class='ocrx_word' id='word_1_141' title='bbox 1750 1521 1785 1544; x_wconf 89' lang='lat' dir='ltr'><em>es</em></span> <span class='ocrx_word' id='word_1_142' title='bbox 1812 1520 1894 1545; x_wconf 87' lang='lat' dir='ltr'><em>con·</em></span> 
     </span>
     <span class='ocr_line' id='line_1_17' title="bbox 497 1571 1895 1626; baseline -0.001 -13"><span class='ocrx_word' id='word_1_143' title='bbox 497 1575 662 1626; x_wconf 53' lang='lat' dir='ltr'><em>justius,</em></span> <span class='ocrx_word' id='word_1_144' title='bbox 693 1588 749 1611; x_wconf 86' lang='lat' dir='ltr'><em>res</em></span> <span class='ocrx_word' id='word_1_145' title='bbox 777 1582 856 1612; x_wconf 90' lang='lat' dir='ltr'><em>tota</em></span> <span class='ocrx_word' id='word_1_146' title='bbox 883 1573 1047 1625; x_wconf 81' lang='lat' dir='ltr'><em>confieret</em></span> <span class='ocrx_word' id='word_1_147' title='bbox 1061 1587 1076 1610; x_wconf 90' lang='lat'><em>:</em></span> <span class='ocrx_word' id='word_1_148' title='bbox 1106 1581 1186 1616; x_wconf 90' lang='lat' dir='ltr'><em>aut,</em></span> <span class='ocrx_word' id='word_1_149' title='bbox 1201 1571 1246 1622; x_wconf 86' lang='lat' dir='ltr'><em>fi</em></span> <span class='ocrx_word' id='word_1_150' title='bbox 1269 1585 1312 1609; x_wconf 84' lang='lat' dir='ltr'><em>ex</em></span> <span class='ocrx_word' id='word_1_151' title='bbox 1335 1572 1518 1609; x_wconf 89' lang='lat' dir='ltr'><em>contrario</em></span> <span class='ocrx_word' id='word_1_152' title='bbox 1531 1580 1744 1624; x_wconf 81' lang='lat' dir='ltr'><em>putaremus</em></span> <span class='ocrx_word' id='word_1_153' title='bbox 1773 1572 1895 1625; x_wconf 83' lang='lat' dir='ltr'><em>Caesa-</em></span> 
     </span>
     <span class='ocr_line' id='line_1_18' title="bbox 510 1637 1894 1692; baseline -0.001 -13"><span class='ocrx_word' id='word_1_154' title='bbox 510 1655 583 1679; x_wconf 89' lang='lat' dir='ltr'><em>rem</em></span> <span class='ocrx_word' id='word_1_155' title='bbox 611 1639 652 1678; x_wconf 88' lang='lat' dir='ltr'><em>id</em></span> <span class='ocrx_word' id='word_1_156' title='bbox 674 1653 742 1678; x_wconf 87' lang='lat' dir='ltr'><em>non</em></span> <span class='ocrx_word' id='word_1_157' title='bbox 756 1639 967 1692; x_wconf 65' lang='lat' dir='ltr'><em>ficturum,</em></span> <span class='ocrx_word' id='word_1_158' title='bbox 1010 1647 1046 1676; x_wconf 86' lang='lat' dir='ltr'><em>et</em></span> <span class='ocrx_word' id='word_1_159' title='bbox 1073 1652 1150 1676; x_wconf 89' lang='lat' dir='ltr'><em>eum</em></span> <span class='ocrx_word' id='word_1_160' title='bbox 1179 1637 1268 1676; x_wconf 89' lang='lat' dir='ltr'><em>velle</em></span> <span class='ocrx_word' id='word_1_161' title='bbox 1300 1651 1379 1676; x_wconf 90' lang='lat' dir='ltr'><em>cum</em></span> <span class='ocrx_word' id='word_1_162' title='bbox 1407 1637 1570 1690; x_wconf 86' lang='lat' dir='ltr'><em>Pompeio</em></span> <span class='ocrx_word' id='word_1_163' title='bbox 1597 1637 1723 1676; x_wconf 86' lang='lat' dir='ltr'><em>bellum</em></span> <span class='ocrx_word' id='word_1_164' title='bbox 1753 1653 1894 1691; x_wconf 84' lang='lat' dir='ltr'><em>gerere,</em></span> 
     </span>
     <span class='ocr_line' id='line_1_19' title="bbox 496 1703 1899 1759; baseline -0.002 -15"><span class='ocrx_word' id='word_1_165' title='bbox 496 1707 672 1759; x_wconf 84' lang='lat' dir='ltr'><em>sciremus</em></span> <span class='ocrx_word' id='word_1_166' title='bbox 690 1724 703 1750; x_wconf 63' lang='grc' dir='ltr'><strong><em>ς</em></strong></span> <span class='ocrx_word' id='word_1_167' title='bbox 735 1718 915 1758; x_wconf 82' lang='lat' dir='ltr'><em>nunquam</em></span> <span class='ocrx_word' id='word_1_168' title='bbox 953 1704 1024 1743; x_wconf 88' lang='lat' dir='ltr'><em>tibi</em></span> <span class='ocrx_word' id='word_1_169' title='bbox 1042 1703 1290 1756; x_wconf 72' lang='lat' dir='ltr'><em>suaderemus,</em></span> <span class='ocrx_word' id='word_1_170' title='bbox 1329 1712 1457 1742; x_wconf 82' lang='lat' dir='ltr'><em>contra</em></span> <span class='ocrx_word' id='word_1_171' title='bbox 1493 1703 1661 1742; x_wconf 84' lang='lat' dir='ltr'><em>hominem</em></span> <span class='ocrx_word' id='word_1_172' title='bbox 1698 1705 1826 1756; x_wconf 86' lang='lat' dir='ltr'><em>optime</em></span> <span class='ocrx_word' id='word_1_173' title='bbox 1855 1704 1899 1742; x_wconf 87' lang='lat' dir='ltr'><em>de</em></span> 
     </span>
     <span class='ocr_line' id='line_1_20' title="bbox 504 1769 1893 1823; baseline -0.003 -13"><span class='ocrx_word' id='word_1_174' title='bbox 504 1782 540 1810; x_wconf 85' lang='lat' dir='ltr'><em>te</em></span> <span class='ocrx_word' id='word_1_175' title='bbox 558 1772 723 1810; x_wconf 81' lang='lat' dir='ltr'><em>meritum</em></span> <span class='ocrx_word' id='word_1_176' title='bbox 741 1784 845 1809; x_wconf 88' lang='lat' dir='ltr'><em>arma</em></span> <span class='ocrx_word' id='word_1_177' title='bbox 848 1771 976 1823; x_wconf 83' lang='lat' dir='ltr'><em>ferres</em></span> <span class='ocrx_word' id='word_1_178' title='bbox 994 1785 1003 1813; x_wconf 83' lang='lat'><strong>;</strong></span> <span class='ocrx_word' id='word_1_179' title='bbox 1021 1771 1141 1821; x_wconf 78' lang='lat' dir='ltr'><em>ficuti</em></span> <span class='ocrx_word' id='word_1_180' title='bbox 1154 1779 1190 1808; x_wconf 91' lang='lat' dir='ltr'><em>te</em></span> <span class='ocrx_word' id='word_1_181' title='bbox 1193 1770 1336 1821; x_wconf 63' lang='lat' dir='ltr'><em>semper</em></span> <span class='ocrx_word' id='word_1_182' title='bbox 1354 1769 1550 1811; x_wconf 86' lang='lat' dir='ltr'><em>oravimus.</em></span> <span class='ocrx_word' id='word_1_183' title='bbox 1581 1783 1624 1807; x_wconf 80' lang='lat' dir='ltr'><em>ne</em></span> <span class='ocrx_word' id='word_1_184' title='bbox 1650 1778 1778 1807; x_wconf 87' lang='lat' dir='ltr'><em>contra</em></span> <span class='ocrx_word' id='word_1_185' title='bbox 1803 1771 1893 1808; x_wconf 88' lang='lat' dir='ltr'><em>Cae-</em></span> 
     </span>
     <span class='ocr_line' id='line_1_21' title="bbox 497 1833 1894 1890; baseline -0.001 -16"><span class='ocrx_word' id='word_1_186' title='bbox 497 1839 620 1890; x_wconf 73' lang='lat' dir='ltr'><em>sarem</em></span> <span class='ocrx_word' id='word_1_187' title='bbox 635 1845 830 1889; x_wconf 87' lang='lat' dir='ltr'><em>pugnares.</em></span> <span class='ocrx_word' id='word_1_188' title='bbox 878 1836 949 1874; x_wconf 87' lang='lat' dir='ltr'><em>Sed</em></span> <span class='ocrx_word' id='word_1_189' title='bbox 961 1849 1040 1874; x_wconf 85' lang='lat' dir='ltr'><em>cum</em></span> <span class='ocrx_word' id='word_1_190' title='bbox 1059 1836 1264 1879; x_wconf 87' lang='lat' dir='ltr'><em>etiamnum,</em></span> <span class='ocrx_word' id='word_1_191' title='bbox 1298 1833 1386 1887; x_wconf 85' lang='lat' dir='ltr'><em>quid</em></span> <span class='ocrx_word' id='word_1_192' title='bbox 1383 1833 1565 1885; x_wconf 67' lang='lat' dir='ltr'><em>faHurus</em></span> <span class='ocrx_word' id='word_1_193' title='bbox 1584 1834 1783 1886; x_wconf 77' lang='lat' dir='ltr'><em>Caeſszrfit,</em></span> <span class='ocrx_word' id='word_1_194' title='bbox 1813 1849 1894 1872; x_wconf 87' lang='lat' dir='ltr'><em>ma-</em></span> 
     </span>
     <span class='ocr_line' id='line_1_22' title="bbox 505 1898 1899 1955; baseline -0.001 -14"><span class='ocrx_word' id='word_1_195' title='bbox 505 1905 562 1955; x_wconf 87' lang='lat' dir='ltr'><em>gis</em></span> <span class='ocrx_word' id='word_1_196' title='bbox 582 1902 734 1954; x_wconf 74' lang='lat' dir='ltr'><em>opinari,</em></span> <span class='ocrx_word' id='word_1_197' title='bbox 757 1915 862 1953; x_wconf 88' lang='lat' dir='ltr'><em>quam</em></span> <span class='ocrx_word' id='word_1_198' title='bbox 866 1902 978 1953; x_wconf 62' lang='lat' dir='ltr'><em>seire,</em></span> <span class='ocrx_word' id='word_1_199' title='bbox 1004 1900 1164 1953; x_wconf 83' lang='lat' dir='ltr'><em>poffimus</em></span> <span class='ocrx_word' id='word_1_200' title='bbox 1179 1918 1191 1944; x_wconf 84' lang='lat'>;</span> <span class='ocrx_word' id='word_1_201' title='bbox 1223 1913 1290 1938; x_wconf 87' lang='lat' dir='ltr'><em>non</em></span> <span class='ocrx_word' id='word_1_202' title='bbox 1304 1898 1478 1952; x_wconf 75' lang='lat' dir='ltr'><em>pffaemus</em></span> <span class='ocrx_word' id='word_1_203' title='bbox 1496 1899 1563 1950; x_wconf 71' lang='lat' dir='ltr'><em>ng&#39;fi</em></span> <span class='ocrx_word' id='word_1_204' title='bbox 1578 1899 1640 1937; x_wconf 88' lang='lat' dir='ltr'><em>boc</em></span> <span class='ocrx_word' id='word_1_205' title='bbox 1658 1916 1668 1942; x_wconf 86' lang='lat'>;</span> <span class='ocrx_word' id='word_1_206' title='bbox 1690 1913 1758 1937; x_wconf 89' lang='lat' dir='ltr'><em>non</em></span> <span class='ocrx_word' id='word_1_207' title='bbox 1777 1899 1899 1939; x_wconf 74' lang='lat' dir='ltr'><em>videri</em></span> 
     </span>
     <span class='ocr_line' id='line_1_23' title="bbox 510 1965 1893 2020; baseline -0.001 -13"><span class='ocrx_word' id='word_1_208' title='bbox 510 1983 584 2007; x_wconf 78' lang='lat' dir='ltr'><em>eam</em></span> <span class='ocrx_word' id='word_1_209' title='bbox 605 1978 705 2006; x_wconf 86' lang='lat' dir='ltr'><em>tuam</em></span> <span class='ocrx_word' id='word_1_210' title='bbox 732 1967 791 2020; x_wconf 69' lang='lat' dir='ltr'><em>effi’</em></span> <span class='ocrx_word' id='word_1_211' title='bbox 818 1966 1042 2019; x_wconf 70' lang='lat' dir='ltr'><em>dignitatem,</em></span> <span class='ocrx_word' id='word_1_212' title='bbox 1073 1980 1181 2019; x_wconf 85' lang='lat' dir='ltr'><em>neque</em></span> <span class='ocrx_word' id='word_1_213' title='bbox 1194 1965 1304 2018; x_wconf 87' lang='lat' dir='ltr'><em>fidem</em></span> <span class='ocrx_word' id='word_1_214' title='bbox 1332 1965 1489 2003; x_wconf 82' lang='lat' dir='ltr'><em>omnibus</em></span> <span class='ocrx_word' id='word_1_215' title='bbox 1517 1965 1707 2018; x_wconf 84' lang='lat' dir='ltr'><em>cognitam,</em></span> <span class='ocrx_word' id='word_1_216' title='bbox 1738 1975 1782 2004; x_wconf 87' lang='lat' dir='ltr'><em>ut</em></span> <span class='ocrx_word' id='word_1_217' title='bbox 1808 1980 1893 2005; x_wconf 85' lang='lat' dir='ltr'><em>con-</em></span> 
     </span>
     <span class='ocr_line' id='line_1_24' title="bbox 510 2029 1892 2085; baseline -0.001 -13"><span class='ocrx_word' id='word_1_218' title='bbox 510 2045 574 2073; x_wconf 81' lang='lat' dir='ltr'><em>tra</em></span> <span class='ocrx_word' id='word_1_219' title='bbox 601 2035 834 2077; x_wconf 86' lang='lat' dir='ltr'><em>alterutrum,</em></span> <span class='ocrx_word' id='word_1_220' title='bbox 865 2047 943 2071; x_wconf 84' lang='lat' dir='ltr'><em>cum</em></span> <span class='ocrx_word' id='word_1_221' title='bbox 971 2031 1116 2085; x_wconf 83' lang='lat' dir='ltr'><em>utrique</em></span> <span class='ocrx_word' id='word_1_222' title='bbox 1130 2032 1185 2084; x_wconf 82' lang='lat' dir='ltr'><em>sis</em></span> <span class='ocrx_word' id='word_1_223' title='bbox 1212 2031 1361 2069; x_wconf 84' lang='lat' dir='ltr'><em>maxime</em></span> <span class='ocrx_word' id='word_1_224' title='bbox 1382 2029 1600 2084; x_wconf 66' lang='lat' dir='ltr'><em>nccfffiirius,</em></span> <span class='ocrx_word' id='word_1_225' title='bbox 1630 2045 1734 2069; x_wconf 88' lang='lat' dir='ltr'><em>arma</em></span> <span class='ocrx_word' id='word_1_226' title='bbox 1747 2031 1859 2084; x_wconf 77' lang='lat' dir='ltr'><em>firas</em></span> <span class='ocrx_word' id='word_1_227' title='bbox 1878 2047 1892 2070; x_wconf 75' lang='lat'><em>.-</em></span> 
     </span>
     <span class='ocr_line' id='line_1_25' title="bbox 508 2095 1896 2150; baseline -0.001 -12"><span class='ocrx_word' id='word_1_228' title='bbox 508 2110 543 2138; x_wconf 83' lang='lat' dir='ltr'><em>et</em></span> <span class='ocrx_word' id='word_1_229' title='bbox 572 2100 635 2138; x_wconf 85' lang='lat' dir='ltr'><em>hoc</em></span> <span class='ocrx_word' id='word_1_230' title='bbox 662 2113 729 2137; x_wconf 88' lang='lat' dir='ltr'><em>non</em></span> <span class='ocrx_word' id='word_1_231' title='bbox 757 2097 960 2136; x_wconf 83' lang='lat' dir='ltr'><em>dubitamus</em></span> <span class='ocrx_word' id='word_1_232' title='bbox 987 2098 1072 2150; x_wconf 89' lang='lat' dir='ltr'><em>quin</em></span> <span class='ocrx_word' id='word_1_233' title='bbox 1099 2097 1223 2150; x_wconf 72' lang='lat' dir='ltr'><em>Caefiir</em></span> <span class='ocrx_word' id='word_1_234' title='bbox 1235 2105 1306 2150; x_wconf 84' lang='lat' dir='ltr'><em>pro</em></span> <span class='ocrx_word' id='word_1_235' title='bbox 1319 2097 1396 2147; x_wconf 80' lang='lat' dir='ltr'><em>sua</em></span> <span class='ocrx_word' id='word_1_236' title='bbox 1424 2095 1649 2135; x_wconf 82' lang='lat' dir='ltr'><em>humanitate</em></span> <span class='ocrx_word' id='word_1_237' title='bbox 1676 2096 1825 2135; x_wconf 76' lang='lat' dir='ltr'><em>maxime</em></span> <span class='ocrx_word' id='word_1_238' title='bbox 1837 2098 1896 2150; x_wconf 82' lang='lat' dir='ltr'><em>fit</em></span> 
     </span>
     <span class='ocr_line' id='line_1_26' title="bbox 503 2161 1892 2218; baseline -0.001 -16"><span class='ocrx_word' id='word_1_239' title='bbox 503 2165 741 2218; x_wconf 85' lang='lat' dir='ltr'><em>probaturus.</em></span> <span class='ocrx_word' id='word_1_240' title='bbox 786 2164 864 2203; x_wconf 92' lang='lat' dir='ltr'><em>Nos</em></span> <span class='ocrx_word' id='word_1_241' title='bbox 893 2171 1010 2202; x_wconf 84' lang='lat' dir='ltr'><em>tamen</em></span> <span class='ocrx_word' id='word_1_242' title='bbox 1030 2164 1085 2216; x_wconf 60' lang='lat' dir='ltr'><em>(ſs</em></span> <span class='ocrx_word' id='word_1_243' title='bbox 1099 2163 1170 2202; x_wconf 82' lang='lat' dir='ltr'><em>tibi</em></span> <span class='ocrx_word' id='word_1_244' title='bbox 1185 2161 1394 2214; x_wconf 77' lang='lat' dir='ltr'><em>videbitur)</em></span> <span class='ocrx_word' id='word_1_245' title='bbox 1413 2161 1464 2199; x_wconf 90' lang='lat' dir='ltr'><em>ad</em></span> <span class='ocrx_word' id='word_1_246' title='bbox 1489 2163 1665 2217; x_wconf 81' lang='lat' dir='ltr'><em>Caesarem</em></span> <span class='ocrx_word' id='word_1_247' title='bbox 1678 2162 1892 2215; x_wconf 77' lang='lat' dir='ltr'><em>stribemus,</em></span> 
     </span>
     <span class='ocr_line' id='line_1_27' title="bbox 509 2226 1893 2282; baseline -0.002 -14"><span class='ocrx_word' id='word_1_248' title='bbox 509 2241 551 2268; x_wconf 90' lang='lat' dir='ltr'><em>ut</em></span> <span class='ocrx_word' id='word_1_249' title='bbox 571 2245 630 2269; x_wconf 88' lang='lat' dir='ltr'><em>nos</em></span> <span class='ocrx_word' id='word_1_250' title='bbox 648 2231 716 2268; x_wconf 84' lang='lat' dir='ltr'><em>hac</em></span> <span class='ocrx_word' id='word_1_251' title='bbox 734 2243 774 2268; x_wconf 82' lang='lat' dir='ltr'><em>re</em></span> <span class='ocrx_word' id='word_1_252' title='bbox 791 2229 958 2268; x_wconf 81' lang='lat' dir='ltr'><em>certiores</em></span> <span class='ocrx_word' id='word_1_253' title='bbox 961 2228 1091 2282; x_wconf 76' lang='lat' dir='ltr'><em>jactat</em></span> <span class='ocrx_word' id='word_1_254' title='bbox 1119 2227 1207 2282; x_wconf 87' lang='lat' dir='ltr'><em>quid</em></span> <span class='ocrx_word' id='word_1_255' title='bbox 1229 2229 1380 2266; x_wconf 68' lang='lat' dir='ltr'><em>aHurus</em></span> <span class='ocrx_word' id='word_1_256' title='bbox 1391 2227 1449 2278; x_wconf 83' lang='lat' dir='ltr'><em>fit</em></span> <span class='ocrx_word' id='word_1_257' title='bbox 1467 2242 1481 2265; x_wconf 93' lang='lat'><em>.·</em></span> <span class='ocrx_word' id='word_1_258' title='bbox 1512 2241 1536 2264; x_wconf 91' lang='lat' dir='ltr'><em>a</em></span> <span class='ocrx_word' id='word_1_259' title='bbox 1563 2240 1629 2280; x_wconf 89' lang='lat' dir='ltr'><em>quo</em></span> <span class='ocrx_word' id='word_1_260' title='bbox 1642 2227 1685 2278; x_wconf 75' lang='lat' dir='ltr'><em>si</em></span> <span class='ocrx_word' id='word_1_261' title='bbox 1707 2226 1778 2265; x_wconf 84' lang='lat' dir='ltr'><em>erit</em></span> <span class='ocrx_word' id='word_1_262' title='bbox 1797 2226 1893 2265; x_wconf 87' lang='lat' dir='ltr'><em>nobis</em></span> 
     </span>
     <span class='ocr_line' id='line_1_28' title="bbox 508 2291 1893 2349; baseline -0.001 -16"><span class='ocrx_word' id='word_1_263' title='bbox 508 2296 730 2349; x_wconf 57' lang='lat' dir='ltr'><em>rescriptum,</em></span> <span class='ocrx_word' id='word_1_264' title='bbox 748 2294 890 2347; x_wconf 88' lang='lat' dir='ltr'><em>statim,</em></span> <span class='ocrx_word' id='word_1_265' title='bbox 921 2308 1002 2348; x_wconf 86' lang='lat' dir='ltr'><em>quae</em></span> <span class='ocrx_word' id='word_1_266' title='bbox 1014 2294 1225 2346; x_wconf 82' lang='lat' dir='ltr'><em>sentiemus,</em></span> <span class='ocrx_word' id='word_1_267' title='bbox 1253 2292 1305 2332; x_wconf 88' lang='lat' dir='ltr'><em>ad</em></span> <span class='ocrx_word' id='word_1_268' title='bbox 1328 2301 1366 2331; x_wconf 85' lang='lat' dir='ltr'><em>tc</em></span> <span class='ocrx_word' id='word_1_269' title='bbox 1382 2291 1608 2346; x_wconf 83' lang='lat' dir='ltr'><em>scribemus;</em></span> <span class='ocrx_word' id='word_1_270' title='bbox 1639 2301 1674 2330; x_wconf 84' lang='lat' dir='ltr'><em>et</em></span> <span class='ocrx_word' id='word_1_271' title='bbox 1703 2291 1893 2343; x_wconf 77' lang='lat' dir='ltr'><em>ti&#39;bifidem</em></span> 
     </span>
     <span class='ocr_line' id='line_1_29' title="bbox 492 2358 1891 2414; baseline -0.002 -14"><span class='ocrx_word' id='word_1_272' title='bbox 492 2362 672 2414; x_wconf 84' lang='lat' dir='ltr'><em>faciemus</em></span> <span class='ocrx_word' id='word_1_273' title='bbox 692 2376 751 2399; x_wconf 88' lang='lat' dir='ltr'><em>nos</em></span> <span class='ocrx_word' id='word_1_274' title='bbox 769 2375 810 2399; x_wconf 84' lang='lat' dir='ltr'><em>ea</em></span> <span class='ocrx_word' id='word_1_275' title='bbox 814 2360 984 2413; x_wconf 82' lang='lat' dir='ltr'><em>suadere,</em></span> <span class='ocrx_word' id='word_1_276' title='bbox 1014 2375 1094 2413; x_wconf 82' lang='lat' dir='ltr'><em>quae</em></span> <span class='ocrx_word' id='word_1_277' title='bbox 1113 2360 1208 2399; x_wconf 84' lang='lat' dir='ltr'><em>nobis</em></span> <span class='ocrx_word' id='word_1_278' title='bbox 1227 2359 1400 2398; x_wconf 79' lang='lat' dir='ltr'><em>videntur</em></span> <span class='ocrx_word' id='word_1_279' title='bbox 1418 2368 1493 2397; x_wconf 81' lang='lat' dir='ltr'><em>tuae</em></span> <span class='ocrx_word' id='word_1_280' title='bbox 1510 2358 1697 2411; x_wconf 80' lang='lat' dir='ltr'><em>dignitati,</em></span> <span class='ocrx_word' id='word_1_281' title='bbox 1717 2372 1784 2397; x_wconf 88' lang='lat' dir='ltr'><em>non</em></span> <span class='ocrx_word' id='word_1_282' title='bbox 1806 2360 1891 2398; x_wconf 82' lang='lat' dir='ltr'><em>Cae-</em></span> 
     </span>
     <span class='ocr_line' id='line_1_30' title="bbox 494 2424 1892 2481; baseline -0.001 -16"><span class='ocrx_word' id='word_1_283' title='bbox 494 2427 595 2481; x_wconf 87' lang='lat' dir='ltr'><em>saris</em></span> <span class='ocrx_word' id='word_1_284' title='bbox 615 2426 761 2471; x_wconf 87' lang='lat' dir='ltr'><em>rationi,</em></span> <span class='ocrx_word' id='word_1_285' title='bbox 783 2426 842 2479; x_wconf 78' lang='lat' dir='ltr'><em>effi</em></span> <span class='ocrx_word' id='word_1_286' title='bbox 861 2426 1037 2477; x_wconf 72' lang='lat' dir='ltr'><em>utilffma</em></span> <span class='ocrx_word' id='word_1_287' title='bbox 1054 2442 1067 2463; x_wconf 89' lang='lat'><em>:</em></span> <span class='ocrx_word' id='word_1_288' title='bbox 1098 2437 1132 2466; x_wconf 85' lang='lat' dir='ltr'><em>et</em></span> <span class='ocrx_word' id='word_1_289' title='bbox 1151 2427 1213 2465; x_wconf 84' lang='lat' dir='ltr'><em>hoc</em></span> <span class='ocrx_word' id='word_1_290' title='bbox 1234 2426 1423 2478; x_wconf 79' lang='lat' dir='ltr'><em>Caefitrem,</em></span> <span class='ocrx_word' id='word_1_291' title='bbox 1440 2432 1509 2477; x_wconf 82' lang='lat' dir='ltr'><em>pro</em></span> <span class='ocrx_word' id='word_1_292' title='bbox 1515 2427 1589 2477; x_wconf 69' lang='lat' dir='ltr'><em>sita</em></span> <span class='ocrx_word' id='word_1_293' title='bbox 1608 2424 1829 2477; x_wconf 81' lang='lat' dir='ltr'><em>indulgentia</em></span> <span class='ocrx_word' id='word_1_294' title='bbox 1855 2425 1892 2464; x_wconf 83' lang='lat' dir='ltr'><em>in</em></span> 
     </span>
     <span class='ocr_line' id='line_1_31' title="bbox 492 2488 1059 2548; baseline -0.005 -15"><span class='ocrx_word' id='word_1_295' title='bbox 492 2492 593 2548; x_wconf 79' lang='lat' dir='ltr'><em>suos,</em></span> <span class='ocrx_word' id='word_1_296' title='bbox 618 2488 858 2546; x_wconf 73' lang='lat' dir='ltr'><em>probaturum</em></span> <span class='ocrx_word' id='word_1_297' title='bbox 870 2500 1059 2546; x_wconf 84' lang='lat' dir='ltr'><em>putamus.</em></span> 
     </span>
    </p>
   </div>
  </div>
 </body>
</html>
