2243 3008
529 183 604 237 368
876 180 1563 220 EPISTOLARUM

520 282 603 332 jam
627 278 790 332 profecti
812 278 915 325 sunt,
947 279 1132 317 retinebis
1153 277 1348 317 homines.
1391 279 1452 317 De
1474 279 1611 324 Bruto,
1643 279 1668 318 s1
1690 279 1786 332 quid
1806 270 1907 324 erit;

527 345 574 383 de
597 345 756 390 Caesare,
789 345 814 384 si
835 345 932 398 quid
962 345 1084 390 scies;
1117 345 1143 382 fi
1164 344 1260 396 quid
1281 346 1353 382 erit
1373 353 1567 397 praeterea,
1600 344 1756 384 scribes.
1804 345 1911 384 Illud

527 411 646 448 etiam
678 419 794 463 atque
823 411 941 448 etiam
973 409 1188 448 confideres
1218 409 1352 453 velim,
1383 409 1583 461 placeatne
1619 411 1691 448 tibi
1724 411 1831 448 mitti
1863 409 1910 447 ad

526 476 744 513 Varronem
764 475 871 528 quod
892 475 1127 528 scripfimus.
1175 474 1256 511 Etfi
1277 475 1395 511 etiam
1415 473 1461 510 ad
1483 483 1520 511 te
1540 474 1689 526 aliquid
1710 476 1878 528 pertinet
1897 489 1907 513 ε

526 554 617 580 nam
638 540 749 585 scito,
773 549 810 578 te
829 541 865 578 ei
885 540 1042 592 dialogo
1062 538 1290 590 adjunctum
1310 537 1382 575 effe
1404 538 1579 576 tertium.
1614 541 1769 592 Opinor
1789 541 1911 592 igitur

525 605 840 650 consideremus;
871 605 938 643 etsi
959 606 1119 643 nomina
1133 605 1217 657 jam
1238 602 1336 641 facta
1357 602 1444 641 sunt
1462 617 1471 639 ι
1505 602 1568 640 sed
1587 603 1648 642 vel
1668 605 1818 651 induci,
1849 604 1910 643 vel

525 671 685 717 mutari,
715 670 886 724 poffunt.

857 873 1100 911 Cret-:Ro
1141 871 1397 910 ATTrco
1441 871 1571 909 SAL.

526 1000 618 1039 XV.
726 999 843 1038 UID
874 999 970 1051 agit,
992 999 1152 1038 obsecro
1173 1007 1224 1045 te,
1247 999 1383 1037 Attica
1403 999 1558 1038 nostra?
1582 1010 1673 1036 nam
1694 997 1824 1037 triduo
1843 999 1910 1038 abs

753 1074 790 1102 te
820 1065 947 1103 nullas
968 1077 1206 1117 acceperam.
1253 1065 1341 1103 Nec
1370 1065 1546 1104 mirum:
1578 1076 1696 1102 nemo
1716 1064 1822 1102 enim
1844 1078 1911 1102 ve-

525 1140 661 1175 nerat;
695 1143 765 1168 nec
787 1128 939 1168 fortaffe
959 1130 1070 1168 causa
1093 1129 1233 1169 fuerat.
1280 1131 1418 1183 Itaque
1449 1130 1528 1184 ipse
1559 1128 1658 1182 quid
1686 1128 1909 1174 scriberem,

524 1209 603 1236 non
625 1195 832 1234 habebam.
866 1196 959 1248 Qo
979 1205 1110 1234 autem
1131 1195 1193 1233 die
1213 1194 1281 1234 has
1306 1195 1460 1234 Valerio
1480 1195 1635 1240 dabam,
1660 1194 1912 1246 expeoabam

524 1262 697 1314 aliquem
717 1274 897 1299 meorum
913 1280 926 1307 ς
958 1262 1028 1314 qui
1049 1262 1075 1300 fi
1097 1261 1270 1306 venisset,
1301 1270 1340 1299 et
1360 1275 1381 1300 a
1402 1271 1438 1301 te
1458 1261 1556 1315 quid
1576 1259 1776 1304 attulisset,
1798 1259 1908 1297 vide-

524 1327 616 1366 bam
636 1340 715 1366 non
736 1325 967 1365 defuturum
988 1326 1095 1381 quod
1115 1326 1338 1365 scriberem.

855 1529 1098 1566 C1cnr<o
1142 1529 1398 1567 ATT1co
1442 1529 1572 1567 SAL.

523 1657 638 1696 XVI.
662 1655 857 1729 NOS,
888 1669 983 1694 cum
1012 1655 1176 1695 flumina
1205 1666 1245 1695 et
1279 1656 1508 1695 solitudines
1539 1655 1800 1709 sequeremur,
1831 1670 1912 1710 quo

780 1722 936 1760 facilius
970 1721 1175 1760 sustentare
1197 1735 1266 1760 nos
1288 1721 1496 1775 possemus,
1528 1721 1668 1775 pedem
1688 1735 1708 1759 e
1728 1721 1821 1759 villa
1839 1722 1909 1759 ad-

522 1785 601 1826 huc
622 1788 753 1841 egreffi
777 1801 854 1826 non
877 1787 1009 1825 sumus
1027 1805 1038 1832 ;
1072 1787 1125 1825 ita
1145 1800 1308 1839 magnos
1329 1796 1367 1825 et
1387 1787 1550 1825 affiduos
1572 1786 1716 1824 imbres
1738 1785 1909 1824 habeba-

522 1866 626 1892 mus.
675 1853 788 1892 Illam
811 1852 1075 1890 Academicen
1094 1848 1240 1899 σύνταξιν
1265 1861 1387 1891 totam
1418 1852 1464 1890 ad
1494 1853 1710 1890 Varronem
1733 1851 1910 1890 traduxi-

522 1930 626 1956 mus.
672 1918 806 1956 Primo
838 1916 916 1955 fuit
947 1917 1096 1961 Catuli,
1139 1917 1318 1961 Luculli,
1352 1917 1569 1955 Hortensii.
1618 1915 1787 1961 Deinde,
1818 1917 1911 1969 quia

523 1980 612 2035 mgb.
632 1977 661 2017 ri
680 1980 806 2036 πρέπον
837 1981 1054 2025 videbatur,
1085 1980 1192 2033 quod
1222 1990 1301 2018 erat
1333 1981 1564 2019 hominibus
1598 1991 1701 2026 nota,
1735 1995 1811 2020 non
1844 1983 1912 2020 illa

523 2047 687 2101 quidem
705 2041 913 2086 σἰπααδὶυσὶαι,
942 2046 1004 2084 sed
1036 2047 1075 2084 in
1108 2046 1153 2083 iis
1186 2046 1299 2084 rebus
1329 2039 1496 2092 ἀτυφία,
1529 2047 1641 2085 simul
1672 2060 1714 2085 ac
1744 2049 1832 2086 veni
1863 2048 1910 2086 ad

523 2112 674 2156 villam,
704 2110 856 2150 eosdem
891 2111 979 2149 illos
1002 2111 1195 2149 sermones
1217 2111 1262 2149 ad
1291 2112 1482 2150 Catonem
1512 2113 1758 2163 Brutumque
1786 2113 1908 2150 trans-

523 2178 612 2217 tuli.
647 2178 751 2216 Ecce
773 2186 848 2215 tuae
870 2177 989 2215 literae
1011 2177 1056 2215 de
1079 2177 1274 2215 Varrone:
1300 2178 1448 2215 nemini
1470 2178 1547 2216 visa
1566 2177 1618 2215 cst
1638 2178 1765 2230 aptior
1784 2174 1908 2213 'Arno'-

523 2257 602 2287 xua-
624 2244 734 2281 ratio.
783 2243 855 2281 Sed
883 2253 1013 2281 tamen
1035 2242 1154 2281 velim
1178 2243 1317 2296 scribas
1339 2243 1384 2280 ad
1407 2257 1484 2288 me,
1516 2243 1689 2296 primum
1712 2243 1910 2295 placeatne

525 2309 599 2348 tibi
621 2308 769 2360 aliquid
791 2309 837 2346 ad
860 2308 1004 2353 illum;
1037 2307 1191 2354 deinde,
1223 2309 1248 2347 si
1277 2308 1461 2361 placebit,
1493 2308 1619 2347 hocne
1650 2308 1907 2361 potiilimum.

525 2375 635 2428 Qid
664 2375 836 2421 Servilia,
863 2375 998 2427 jamne
1028 2375 1166 2414 venit?
1200 2375 1343 2414 Brutus
1373 2375 1516 2429 ecquid
1547 2375 1641 2428 agit,
1673 2375 1907 2427 ecquando?
