2243 3008
569 162 676 199 AD
734 161 1164 200 ATTICUM
1232 164 1371 203 LIB.
1423 165 1540 204 XIII.
1672 169 1741 219 361

357 257 436 311 ipse
457 260 661 311 negotium
681 272 815 297 meum
836 271 1025 311 gererem,
1049 258 1149 296 nihil
1171 272 1358 310 gererem,
1382 262 1450 299 nifi
1472 262 1633 300 confilio
1655 271 1736 299 tuo.

354 325 427 362 Sed
448 333 576 363 tamen
598 325 794 376 intelligo,
826 324 949 376 magis
972 333 1008 361 te
1029 323 1068 361 id
1090 323 1214 362 facere
1235 325 1453 375 diligentia,
1485 340 1561 377 qua
1589 327 1736 379 semper

355 391 490 434 uteris,
508 403 626 442 quam
642 389 750 442 quod
769 388 925 427 dubites
947 388 993 426 de
1015 389 1242 427 nominibus
1265 389 1359 428 istis.
1394 391 1551 428 Etenim
1571 393 1739 430 Caelium

357 467 435 492 non
456 455 621 507 probas:
645 455 758 507 plura
778 468 855 492 non
878 455 960 492 vIs:
984 463 1197 507 utrumque
1217 455 1347 493 laudo.
1381 455 1458 492 His
1480 456 1601 506 igitur
1622 466 1738 494 uten-

356 519 451 558 dum
482 520 548 559 est.
597 521 698 559 Praes
728 520 938 573 aliquando
958 519 1080 558 factus
1102 521 1207 566 effes,
1239 530 1277 558 et
1298 521 1338 558 in
1360 519 1420 558 his
1442 521 1602 573 quidem
1624 523 1737 559 tabu-

354 585 417 624 lis.
464 588 501 624 A
531 600 594 624 me
624 587 746 638 igitur
775 586 922 624 omnia.
969 586 1089 638 Qod
1119 586 1200 624 dies
1234 586 1391 637 longior
1419 585 1486 630 est,
1521 587 1738 638 (teneamus

353 651 473 690 modo
493 652 600 705 quod
621 651 823 702 volumus)
848 660 944 704 puto
974 651 1057 690 fore
1087 651 1197 690 istam
1226 652 1344 690 etiam
1374 665 1395 688 a
1421 665 1597 703 praecone
1617 652 1737 696 diem,

353 727 457 756 certe
478 719 524 755 ab
547 717 771 756 heredibus.
818 718 880 755 De
901 717 1041 770 Crispo
1065 726 1104 755 et
1133 718 1320 756 Mustella
1338 717 1489 754 videbis
1510 733 1517 755 ε
1550 728 1588 755 et
1618 718 1737 755 velim

353 782 464 828 scire,
482 796 568 835 quae
589 784 633 821 fit
654 796 739 836 pars
761 782 944 821 duorum.
978 783 1040 820 De
1062 784 1174 821 Bruti
1194 783 1362 821 adventu
1383 795 1486 820 eram
1508 782 1630 820 fastus
1651 797 1736 820 cer-

353 848 430 885 tior
449 862 457 885 :
490 848 671 886 attulerat
691 848 798 886 enim
819 847 866 885 ab
887 861 933 885 eo
954 849 1126 900 AEgypta
1146 848 1310 887 libertus
1332 848 1475 885 literas.
1518 848 1611 886 Mifi
1632 848 1678 885 ad
1701 857 1736 886 te

353 912 572 964 epistolam,
604 914 697 966 quia
716 913 925 952 commode
946 913 1087 966 scripta
1105 922 1200 952 erat.

686 1115 927 1154 C1c1-:Ro
968 1115 1224 1154 A‘rrrco
1266 1117 1396 1154 SAL.

351 1241 424 1280 IV.
449 1240 569 1313 HA
584 1242 613 1280 B
629 1242 662 1280 E
679 1243 716 1280 O
747 1255 891 1281 munus
916 1256 937 1281 a
956 1250 994 1281 te
1013 1243 1255 1281 elaboratum
1277 1243 1411 1281 decem
1433 1243 1666 1296 legatorum,
1698 1252 1736 1281 et

559 1308 721 1360 quidem
751 1318 877 1361 put0;
917 1322 1007 1346 nam
1040 1308 1145 1347 filius
1179 1322 1282 1346 anno
1316 1309 1400 1361 post
1431 1309 1608 1361 Qaestor
1641 1308 1734 1353 fuit,

350 1386 469 1426 quam
490 1373 640 1411 Consul
661 1374 904 1413 Mummius.
951 1373 1024 1412 Sed
1053 1374 1242 1427 quomam
1272 1373 1408 1426 saepius
1438 1374 1485 1412 de
1506 1374 1735 1412 nominibus

349 1439 490 1490 quaeris
511 1438 608 1491 quid
629 1439 806 1491 placeat;
837 1453 911 1492 ego
939 1453 1099 1492 quoque
1128 1439 1204 1478 tibi
1234 1439 1370 1492 saepius
1392 1439 1617 1492 respondeo,
1649 1440 1735 1492 pla-

349 1517 450 1542 cere.
496 1503 536 1541 Si
567 1503 665 1556 quid
685 1504 830 1556 poteris
851 1518 944 1543 cum
966 1505 1119 1550 Pisone,
1151 1504 1336 1543 conficies
1355 1520 1364 1543 :
1397 1505 1526 1543 Aulus
1547 1505 1654 1543 enim
1675 1507 1735 1543 vi-

350 1568 464 1606 detur
484 1568 525 1606 in
546 1568 679 1606 officio
699 1567 872 1608 futurus.
916 1569 1050 1607 Velim
1079 1578 1168 1607 ante
1196 1569 1309 1622 poffis
1329 1584 1339 1607 ε
1371 1569 1397 1607 fi
1418 1570 1565 1614 minus,
1598 1570 1736 1623 utique

349 1633 465 1672 fimul
486 1633 604 1672 fimus
625 1646 719 1672 cum
740 1635 884 1673 Brutus
904 1635 1034 1673 veniet
1060 1635 1101 1672 in
1123 1634 1411 1673 Tusculanum.
1448 1635 1589 1687 Magni
1611 1635 1734 1673 inter-

349 1699 403 1737 est
433 1712 532 1744 mea,
564 1712 641 1737 una
660 1713 730 1737 nos
751 1700 837 1739 effe.
882 1701 985 1738 Scies
1006 1709 1152 1746 autern,
1185 1700 1255 1753 qui
1275 1700 1355 1738 dies
1377 1700 1408 1738 is
1436 1699 1594 1738 futurus
1616 1700 1676 1745 fit,
1708 1700 1734 1739 st

350 1778 471 1818 puero
492 1765 698 1817 negotium
719 1765 884 1812 dederis,
916 1775 960 1805 ut
980 1776 1139 1818 quaerat.

687 1968 929 2007 CICERO
969 1969 1224 2007 ATTICO
1267 1968 1396 2005 SAL.

318 2083 322 2086 .
351 2095 402 2133 V.
427 2094 758 2166 SPURIUM
789 2097 1040 2134 Mummium
1062 2106 1239 2149 putaram
1261 2096 1300 2132 in
1323 2095 1455 2132 decem
1478 2094 1614 2146 legatis
1637 2094 1734 2132 fuis-

487 2160 523 2198 se
541 2175 550 2198 ε
584 2160 646 2198 sed
666 2161 864 2199 videlicet.
900 2162 1062 2199 Etenim
1082 2160 1210 2207 εὔλογον
1229 2159 1339 2197 fratri
1360 2158 1470 2196 fuiffe
1489 2173 1498 2195 :
1530 2158 1609 2195 fuit
1628 2159 1735 2198 enim

351 2227 398 2264 ad
419 2225 677 2266 Corinthum.
725 2227 818 2265 Mifi
839 2226 914 2265 tibi
935 2229 1202 2279 Torquatum.
1249 2225 1486 2277 Colloquere
1512 2233 1554 2262 tu
1575 2224 1736 2276 quidem

351 2305 444 2330 cum
466 2291 561 2329 Silio
582 2302 626 2330 ut
647 2292 799 2338 scribis,
830 2302 869 2330 et
890 2306 998 2346 urge.
1046 2292 1160 2330 Illam
1191 2290 1295 2328 diem
1324 2289 1488 2342 negabat
1514 2289 1586 2327 effe
1607 2291 1737 2328 mense

353 2356 479 2400 Maio,
511 2356 578 2393 ista
599 2370 677 2394 non
700 2357 891 2410 negabat:
925 2357 987 2396 sed
1021 2366 1078 2401 tu,
1111 2365 1153 2394 ut
1174 2355 1320 2400 omnia,
1355 2355 1450 2392 istuc
1472 2368 1629 2406 quoque
1650 2368 1735 2407 ages

435 2421 573 2459 ToM.
607 2420 723 2459 VIII.
1345 2421 1377 2457 Z
1411 2434 1432 2457 z
