2243 3008
511 283 620 322 AD
678 281 1111 320 ATTICUM
1178 284 1489 326 LIB.XVI.
1617 290 1698 342 469

310 392 382 418 nos
403 392 544 433 magna
562 377 761 432 geffimuS,
792 377 913 416 aedem
935 377 1037 431 Opis
1064 379 1370 432 explicaturum,
1401 383 1521 436 idque
1550 385 1598 423 ad
1622 399 1698 439 po-

309 446 466 498 pulum.
498 444 664 485 Videbis
684 443 807 495 igitur
827 453 866 482 et
886 443 1045 483 scribes.
1077 445 1185 484 Sexti
1199 446 1402 499 judicium
1421 452 1601 502 expecto.

644 646 888 685 CICERO
929 647 1186 686 Αττιοο
1226 648 1360 688 SAL.

309 773 403 812 XV.
427 773 618 845 NOLI
648 784 798 828 putare,
820 774 980 829 pigritia
999 789 1063 814 me
1083 775 1223 821 facere,
1245 776 1351 829 quod
1374 790 1452 814 non
1474 791 1560 817 mea
1579 794 1700 821 manu

535 839 716 880 scribam.
761 840 834 878 Sed
855 839 1080 879 mehercule
1099 841 1286 893 pigritia:
1319 841 1422 879 nihil
1443 844 1550 883 enim
1570 845 1700 885 habeo

306 904 414 943 aliud
434 905 542 959 quod
562 906 719 952 dicam5
752 915 791 944 et
822 916 951 944 tamen
982 907 1023 944 in
1054 907 1132 945 tuis
1160 920 1320 959 quoque
1340 908 1513 960 epistolis
1533 912 1698 951 Alexim

304 970 440 1009 videor
459 971 678 1024 agnoscere.
725 971 798 1009 Sed
827 972 874 1009 ad
895 986 978 1010 rem
998 973 1127 1010 venio.
1175 973 1277 1024 Ego,
1309 974 1336 1012 fi
1356 986 1420 1012 me
1440 988 1518 1013 noa
1542 977 1697 1029 impro-

307 1036 459 1074 biffime
480 1037 689 1075 Dolabella
709 1038 911 1082 tractafl‘et,
943 1037 1173 1076 dubitassem
1195 1037 1364 1084 fortaffe,
1395 1050 1529 1079 utrum
1557 1044 1696 1082 remis-

306 1101 380 1139 fior
410 1102 539 1147 essem,
571 1116 618 1140 an
651 1103 807 1140 summo
833 1104 921 1154 jure
953 1103 1247 1142 contenderem.
1294 1104 1417 1142 Nunc
1452 1119 1543 1144 vero
1576 1109 1697 1148 etiarn

303 1167 455 1219 gaudeo
476 1167 577 1206 mihi
597 1168 750 1206 causam
769 1168 958 1213 oblatam,
991 1169 1030 1206 in
1052 1182 1130 1221 qua
1149 1178 1187 1206 et
1208 1169 1287 1221 ipse
1308 1170 1461 1216 sentiat,
1493 1181 1530 1209 et
1552 1174 1696 1226 reliqui

304 1246 458 1278 omnes,
490 1248 553 1272 me
573 1233 620 1272 ab
641 1234 713 1272 illo
733 1233 995 1272 abalienatum
1013 1253 1024 1279 ;
1058 1235 1176 1286 idque
1196 1249 1273 1287 prae
1294 1249 1357 1273 me
1378 1235 1514 1282 feram,
1543 1248 1582 1276 et
1602 1241 1695 1291 qui-

302 1298 395 1336 dem
429 1312 493 1337 me
527 1313 613 1337 mea
642 1298 768 1338 facere
802 1309 840 1337 et
871 1300 1118 1352 Reipublicae
1149 1300 1274 1345 causa,
1305 1310 1349 1338 ut
1378 1301 1495 1340 illum
1526 1303 1694 1352 oderim,

304 1364 412 1416 quod
433 1377 526 1402 cum
545 1377 631 1402 eam
653 1378 715 1402 me
735 1366 890 1402 auitore
910 1364 1117 1403 defendere
1144 1365 1332 1418 coepisset,
1365 1380 1443 1404 non
1475 1368 1595 1406 modo
1624 1370 1696 1408 de-

302 1428 478 1474 seruerit,
510 1439 667 1481 emptus
702 1430 883 1482 pecunia,
915 1429 978 1467 sed
1012 1429 1146 1474 etiam,
1178 1420 1371 1482 quantum
1406 1432 1447 1468 in
1482 1432 1566 1484 ipso
1600 1433 1697 1480 fuit,

301 1497 498 1534 everterit.
531 1495 651 1546 Qod
672 1505 803 1547 autem
823 1496 979 1548 quaeris,
1003 1495 1204 1547 quomodo
1225 1497 1287 1548 agi
1308 1496 1472 1549 placeat,
1499 1511 1592 1537 cum
1613 1500 1695 1539 dies

300 1561 479 1605 venerit;
512 1562 687 1612 primum
708 1560 828 1598 velim
850 1560 1042 1612 ejusmodi
1064 1560 1124 1605 fit,
1156 1570 1200 1598 ut
1233 1574 1312 1598 non
1344 1562 1516 1601 alienum
1539 1565 1598 1609 fit,
1630 1579 1696 1604 me

301 1625 441 1665 Romae
461 1625 559 1664 effe:
581 1624 630 1662 de
651 1639 745 1678 quo,
764 1634 807 1662 ut
828 1624 874 1662 de
895 1625 1058 1670 caeteris‚
1081 1624 1237 1670 faciam,
1260 1635 1304 1663 ut
1326 1635 1368 1663 tu
1389 1628 1598 1667 censueris.
1632 1631 1695 1669 De

302 1690 455 1729 summa
488 1700 619 1729 autem
652 1691 716 1742 agi
750 1690 905 1743 prorsus
941 1689 1192 1728 vehementer
1226 1699 1264 1729 et
1298 1690 1423 1730 severe
1458 1693 1561 1732 volo.
1609 1695 1693 1734 Etfi

301 1756 502 1809 sponsores
522 1755 731 1808 appellare,
763 1755 916 1793 videtur
936 1755 1077 1793 habere
1107 1755 1303 1807 quandam
1333 1749 1526 1796 δυσωπίαη
1561 1768 1693 1799 tamen

300 1820 378 1859 hoc
399 1821 513 1874 quale
534 1821 594 1866 fit,
626 1820 840 1859 confideres
861 1821 996 1859 velim.
1044 1820 1248 1858 Possumus
1281 1820 1404 1865 enim,
1429 1830 1471 1859 ut
1492 1822 1692 1874 sponsores

298 1888 562 1940 appellentur,
594 1896 862 1939 procuratores
884 1886 1159 1931 introducere5
1193 1899 1320 1938 neque
1349 1886 1457 1924 enim
1487 1888 1548 1925 illi
1578 1889 1693 1928 litem

295 1954 646 1993 contestabuntur:
679 1967 758 2006 quo
779 1952 896 1999 saleto,
919 1967 998 1991 non
1020 1953 1104 1991 sum
1126 1953 1276 1991 nescius
1299 1953 1497 2005 sponsores
1518 1955 1690 1996 liberari.

301 2019 375 2058 Sed
405 2029 445 2059 et
476 2020 537 2058 illi
568 2029 682 2072 turpe
713 2018 894 2063 arbitror,
927 2032 972 2056 eo
1004 2019 1179 2063 nomine,
1211 2018 1317 2070 quod
1340 2018 1517 2056 satisdato
1539 2019 1691 2067 debeat,

297 2095 568 2138 procuratores
588 2086 671 2137 ejus
693 2098 771 2122 non
794 2084 1021 2130 diffolvere3
1053 2093 1092 2122 et
1113 2083 1248 2122 nostrae
1269 2084 1485 2136 gravitatis,
1511 2087 1577 2137 jus
1599 2088 1690 2124 nos-

300 2161 406 2189 trum
428 2151 506 2189 fine
527 2151 679 2188 summa
699 2150 807 2188 illius
828 2150 1048 2202 ignominia
1067 2149 1260 2203 persequi.
1306 2150 1368 2186 De
1388 2149 1465 2186 hoc
1486 2150 1582 2201 quid
1602 2152 1690 2203 pla—

294 2226 397 2261 ceat,
415 2215 598 2254 rescribas
620 2215 740 2253 velim
758 2229 767 2253 :
790 2228 863 2252 nec
884 2214 1025 2253 dubito
1045 2215 1141 2267 quin
1162 2213 1239 2252 hoc
1261 2222 1391 2251 totum
1411 2213 1538 2252 lenius
1561 2216 1687 2254 admi-

297 2281 527 2321 nistraturus
544 2282 604 2321 fis.
638 2280 772 2319 Redeo
788 2280 834 2318 ad
857 2280 1180 2333 Rempublicam.
1213 2279 1347 2317 Multa
1363 2279 1589 2318 mehercule
1610 2295 1630 2318 a
1651 2291 1689 2319 te

298 2347 395 2399 saepe
415 2347 448 2381 ἐν
466 2343 628 2396 πολιτικῷ
648 2360 787 2399 genere
809 2346 1048 2398 prudenter;
1075 2345 1138 2382 sed
1159 2343 1220 2382 his
1243 2345 1366 2382 literis
1389 2344 1490 2382 nihil
1512 2346 1688 2397 pruden-

299 2413 392 2452 tius.
438 2412 652 2463 Qanquam
681 2411 771 2450 enim
793 2411 923 2463 pqstea‚
956 2411 991 2448 in
1015 2409 1210 2463 prceſsntia
1238 2409 1322 2447 belle
1340 2409 1400 2461 sse
1410 2418 1506 2462 puer
1525 2412 1688 2449 retundit

296 2477 513 2521 Antonium,
545 2486 663 2514 tamen
689 2476 822 2514 exitum
853 2478 1040 2528 exchare
1070 2474 1240 2514 debemus.
1289 2476 1359 2521 At,
1391 2489 1478 2527 quae
1513 2479 1684 2515 concio?

295 2557 390 2586 nam
409 2543 463 2584 est
482 2542 592 2585 miffa
610 2541 727 2582 mihi.
750 2543 862 2596 Jurat
882 2541 1020 2594 itastbi
1029 2543 1196 2597 parentis
1216 2542 1362 2583 honores
1379 2541 1539 2595 cotfiqui
1554 2542 1657 2582 liceat
1670 2557 1691 2582 .·;
