2243 3008
468 246 542 288 186
810 239 1548 284 EPISTOLARUM-

464 347 625 387 Caesaris
657 345 864 391 rationem,
907 345 979 383 illo
1009 343 1228 381 exercitum
1259 341 1321 379 vel
1354 354 1422 394 per
1453 342 1655 385 Senatum,
1694 338 1755 378 vel
1787 351 1861 392 per

465 413 671 452 Tribunos
692 412 835 465 plebis,
866 411 1099 454 obtinente3
1132 417 1197 446 aut
1225 406 1442 460 persuaderi
1471 405 1627 451 Caesari‚
1658 413 1703 444 ut
1732 404 1860 443 tradat

466 477 712 531 provinciam
743 486 860 529 atque
891 475 1125 517 exercitum,
1162 481 1201 511 et
1233 473 1287 510 ita
1318 470 1467 510 Consul
1500 471 1594 516 fiat;
1635 479 1716 516 aut,
1759 470 1785 508 s1
1818 468 1859 508 id

468 556 548 582 non
576 542 862 596 persuadeatur,
893 540 1029 578 haberi
1060 538 1223 576 comitia
1254 537 1332 575 fine
1359 536 1468 574 illius
1495 537 1659 580 ratione,
1690 535 1762 574 illo
1789 549 1860 588 pa-

469 609 608 653 tiente,
639 617 756 660 atque
776 607 980 644 obtinente
1001 604 1244 658 provinciam
1262 621 1274 647 ;
1306 610 1386 647 aut,
1413 601 1439 639 s1
1461 614 1529 653 per
1548 601 1752 640 Tribunos
1774 601 1862 654 ple-

471 673 532 712 bis
563 687 641 712 non
670 673 854 725 patiatur,
885 681 923 709 et
951 680 1080 708 tamen
1110 668 1297 722 quiescat,
1329 680 1411 705 rem
1431 666 1573 704 adduci
1593 666 1639 704 ad
1669 666 1864 719 interreg-

471 753 598 784 num3
630 748 711 784 aut,
742 738 769 776 fi
796 738 848 776 ob
874 750 960 775 eam
986 736 1154 780 causam,
1186 733 1293 787 quod
1321 733 1420 771 ratio
1447 734 1530 784 ejus
1559 745 1637 770 non
1658 731 1865 777 habeatur,

472 804 692 843 exercitum
723 803 904 847 adducat,
935 801 1053 839 armis
1083 813 1176 838 cum
1208 813 1254 837 eo
1287 798 1552 842 contendere3
1585 796 1702 835 illum
1734 805 1866 834 autem

473 869 636 907 initium
657 867 782 906 facere
811 880 1025 911 armorum,
1056 874 1123 903 aut
1151 864 1281 902 statim
1309 863 1423 902 nobis
1451 863 1583 902 minus
1613 862 1769 915 paratis,
1800 870 1869 899 aut

476 944 579 980 tum,
611 947 705 972 cum
725 934 915 978 comitiis,
947 931 1084 970 amicis
1105 931 1188 983 ejus
1210 929 1514 982 postulantibus,
1546 936 1591 966 ut
1610 941 1631 966 e
1659 927 1745 980 lege
1770 927 1872 965 ratio

475 999 679 1045 habeatur,
710 1000 966 1052 impetratum
994 1010 1073 1035 non
1101 997 1171 1034 fit:
1204 996 1259 1034 ire
1288 1004 1420 1033 autern
1446 994 1494 1032 ad
1522 1007 1644 1039 arma,
1675 1003 1741 1032 aut
1767 992 1870 1031 hanc

477 1079 597 1104 unam
622 1065 676 1103 ob
707 1064 875 1109 causam,
906 1061 1015 1116 quod
1034 1062 1134 1100 ratio
1154 1075 1232 1100 non
1254 1059 1442 1099 habeatur
1460 1079 1471 1105 3
1504 1068 1570 1098 aut
1590 1058 1721 1097 addita
1740 1058 1869 1103 causa,

479 1132 505 1170 fi
527 1130 629 1170 forte
648 1131 856 1169 Tribunus
877 1129 1005 1182 plebis
1028 1129 1214 1166 Senatum
1234 1126 1470 1180 impediens,
1501 1135 1568 1164 aut
1589 1125 1784 1178 populum
1805 1125 1871 1162 in-

479 1197 621 1242 citans,
652 1204 824 1240 notatus,
854 1203 922 1233 aut
942 1192 1311 1233 Senatus-consulto
1331 1190 1668 1244 circumscriptus,
1690 1198 1756 1228 aut
1777 1189 1872 1227 sub·-

481 1263 598 1308 latus,
629 1271 696 1300 aut
721 1259 906 1314 expulsus
936 1260 996 1305 fit,
1028 1258 1207 1297 dicensve
1237 1257 1273 1296 se
1292 1257 1502 1311 expulsum
1521 1257 1569 1295 ad
1589 1256 1706 1294 illum
1727 1255 1873 1294 confu-

482 1329 611 1381 gerit:
645 1327 822 1379 suscepto
841 1335 974 1364 autern
994 1325 1115 1371 bello,
1145 1332 1212 1362 aut
1244 1323 1411 1362 tenenda
1442 1323 1487 1361 fit
1516 1322 1625 1367 urbs,
1655 1330 1722 1360 aut
1747 1334 1791 1359 ea
1806 1333 1872 1358 re-

483 1394 590 1438 licta,
621 1393 689 1431 ille
721 1400 945 1430 commeatu
971 1401 1009 1429 et
1039 1390 1201 1443 reliquis
1231 1390 1356 1442 copiis
1385 1387 1734 1427 intercludendus:
1767 1385 1876 1439 quod

484 1458 631 1497 horum
651 1458 861 1502 malorum,
887 1471 1058 1510 quorum
1078 1455 1239 1509 aliquod
1259 1465 1362 1493 certe
1382 1454 1630 1493 subeundum
1652 1453 1720 1498 est,
1751 1453 1875 1491 mini-

486 1538 599 1563 mum
621 1533 748 1577 putes.
796 1523 916 1562 Dices
944 1521 1135 1575 profe&o‚
1167 1520 1385 1573 persuaderi
1407 1520 1484 1565 illi,
1514 1529 1558 1557 ut
1580 1518 1703 1557 tradat
1724 1518 1876 1556 exerci-

488 1600 590 1635 tum,
622 1599 660 1628 et
689 1589 745 1627 ita
773 1587 922 1627 Consul
950 1579 1032 1627 fiat.
1078 1586 1146 1626 Est
1175 1586 1342 1624 omnino
1362 1584 1402 1622 id
1421 1584 1629 1637 ejusmodi,
1661 1592 1720 1630 ut,
1752 1582 1778 1621 s1
1809 1582 1878 1621 ille

487 1669 534 1693 eo
554 1655 773 1700 descendat,
805 1664 942 1692 contra
960 1653 1040 1691 dici
1062 1653 1164 1691 nihil
1185 1651 1327 1705 poffit;
1359 1651 1479 1704 idque
1508 1664 1615 1695 eum,
1647 1650 1674 1688 fi
1704 1662 1782 1688 non
1803 1649 1879 1688 ob-

490 1721 589 1758 tinet
610 1730 654 1759 ut
675 1721 773 1758 ratio
793 1719 982 1758 habeatur
1002 1719 1207 1757 retinentis
1228 1717 1461 1762 exercitum,
1494 1729 1572 1754 non
1594 1715 1721 1754 facere
1740 1715 1877 1754 miror.

490 1787 620 1825 Nobis
642 1796 790 1830 autem,
820 1794 865 1824 ut
885 1784 1048 1838 quidam
1078 1793 1233 1837 putant,
1266 1781 1367 1821 nihil
1397 1781 1450 1820 est
1483 1780 1705 1819 timendum
1737 1781 1878 1833 magis,

492 1866 610 1904 quam
631 1852 698 1890 ille
720 1851 885 1890 Consul.
932 1852 987 1888 At
1008 1851 1058 1889 sic
1080 1849 1199 1893 malo,
1231 1848 1402 1900 inquies,
1433 1860 1553 1900 quam
1574 1860 1668 1885 cum
1688 1847 1879 1885 exercitu.

493 1922 609 1956 Certe
628 1933 636 1955 :
661 1917 722 1955 sed
744 1917 840 1955 istuc
863 1916 991 1968 ipsum
1013 1916 1079 1961 fic,
1101 1927 1290 1966 magnum
1312 1914 1462 1951 malum
1483 1922 1596 1966 putet
1616 1912 1784 1964 aliquis;
1809 1926 1880 1951 ne-

493 1997 568 2036 que
589 1983 624 2020 ei
646 1982 864 2021 remedium
884 1981 937 2019 est
958 1981 1087 2019 ullum
1106 1996 1115 2018 :
1147 1978 1367 2018 cedendum
1388 1978 1456 2023 est,
1488 1979 1514 2016 si
1544 1977 1584 2016 id
1616 1978 1735 2016 volet.
1779 1978 1883 2016 Vide

494 2048 695 2086 consulem
717 2048 833 2086 illum
854 2047 1013 2091 iterum,
1031 2059 1149 2099 quem
1167 2045 1295 2083 vidisti
1316 2044 1520 2082 consulatu
1543 2044 1684 2096 priore.
1717 2044 1772 2081 At
1795 2053 1882 2082 tum

497 2113 720 2152 imbecillus
752 2113 857 2165 plus,
889 2112 1038 2165 inquiS,
1069 2111 1205 2154 valuit.
1237 2123 1356 2163 quam
1387 2118 1468 2148 tota
1490 2107 1754 2161 Respublica:
1787 2108 1885 2161 quid

497 2193 600 2217 nunc
622 2179 767 2231 putas?
798 2187 836 2216 et
856 2191 905 2215 eo
922 2177 1096 2223 consule,
1129 2177 1319 2229 Pompeio
1348 2184 1501 2213 certum
1530 2174 1583 2212 est
1613 2173 1683 2212 ess'e
1715 2174 1755 2211 in
1786 2173 1882 2211 His-

497 2245 622 2296 pania.
671 2246 707 2281 O
731 2257 812 2282 rem
844 2243 1023 2282 miseram
1042 2243 1051 2280 !
1084 2243 1108 2281 si
1142 2242 1303 2295 quidem
1326 2241 1365 2279 id
1387 2240 1515 2293 ipsum
1536 2240 1792 2278 deterrimum
1814 2239 1882 2284 cil,

496 2309 602 2362 quod
625 2309 787 2347 recusari
820 2323 897 2348 non
930 2309 1082 2363 potest;
1114 2317 1152 2347 et
1184 2307 1290 2360 quod
1323 2307 1390 2345 illc
1423 2306 1448 2344 sn
1482 2305 1612 2350 faciat,
1639 2307 1721 2357 jam
1750 2306 1833 2357 jam
1866 2316 1886 2343 a

499 2377 611 2413 bonis
632 2376 816 2413 omnibus
840 2376 1032 2414 summam
1055 2376 1156 2413 ineat
1178 2375 1358 2427 gratiam.
1402 2373 1611 2411 ‘sonamus
1644 2372 1764 2423 igitur
1792 2370 1883 2416 hoc,

497 2454 577 2493 quo
599 2440 713 2479 illum
738 2440 838 2493 posse
860 2440 999 2479 adduci
1023 2450 1192 2493 negant:
1226 2439 1272 2477 de
1304 2439 1480 2492 reliquis.
1512 2437 1608 2490 quid
1641 2437 1693 2475 est
1720 2436 1885 2475 deterri·

499 2507 642 2543 inum?
683 2506 894 2545 concedere
930 2506 1004 2551 illi,
1037 2505 1159 2558 quod,
1192 2515 1233 2543 ut
1269 2505 1371 2543 idem
1408 2505 1518 2544 dicit.
1553 2502 1885 2556 impudentiffime
