2243 3008
499 255 573 282 120
843 243 1529 282 EPISTOLARUM

495 343 686 395 Qintus,
732 341 962 394 Pomponia,
1005 342 1150 394 inquit,
1191 351 1232 379 tu
1267 342 1390 379 invita
1424 342 1621 387 mulieres,
1663 355 1736 394 ego
1768 342 1873 380 acci-

493 422 584 446 vero
604 421 757 460 pueros.
790 406 907 445 Nihil
928 408 1074 459 potuit,
1100 406 1200 445 mihi
1222 407 1382 459 quidem
1404 417 1447 445 ut
1468 408 1594 445 visum
1614 407 1681 452 est,
1703 407 1874 451 dulcius,

495 473 613 526 idque
642 486 734 510 cum
760 472 901 517 verbis,
934 482 1019 510 turn
1051 473 1169 509 etiam
1198 472 1331 509 animo
1360 485 1403 510 ac
1432 472 1560 511 vultu.
1607 475 1662 511 At
1691 472 1773 517 illa,
1804 485 1874 510 au-

494 539 693 577 dientibus
725 538 852 582 nobis,
886 539 972 590 Ego
1004 537 1103 582 sum,
1135 538 1280 590 inquit,
1312 537 1378 575 hic
1404 537 1583 590 hospita:
1617 538 1657 576 id
1677 548 1807 576 autem
1827 551 1875 575 ex

493 619 554 651 eo,
586 614 629 643 ut
658 605 812 657 opinor,
843 604 950 656 quod
979 603 1223 641 antecefferat
1254 604 1412 648 Statius,
1445 614 1489 642 ut
1519 604 1728 656 prandium
1760 603 1874 642 nobis

493 671 654 709 videret.
686 672 796 708 Tum
819 670 1010 721 Qintus,
1042 670 1120 714 En,
1143 669 1274 721 inquit
1294 667 1410 713 mihi,
1433 667 1515 707 haec
1535 683 1608 721 ego
1628 669 1754 722 patior
1774 682 1876 722 quo-

494 738 604 776 tidie.
651 737 786 780 Dices,
817 735 928 788 quid‚
959 735 1102 788 quaeso,
1134 734 1230 772 istuc
1257 735 1367 772 erat?
1400 734 1625 787 Magnum;
1658 736 1788 787 itaque
1815 748 1878 772 me

494 802 623 855 ipsum
643 810 909 839 commoverat
927 816 936 838 z
968 801 1018 838 s1c
1039 799 1201 838 absurde
1220 809 1258 837 et
1278 799 1406 851 aspere
1434 799 1562 837 verbis
1592 799 1786 851 vultuque
1815 813 1876 837 re-

495 867 712 920 sponderat.
754 866 1002 904 Diffimulavi
1023 865 1158 903 dolens
1177 880 1186 903 :
1219 864 1489 903 discubuimus
1510 878 1646 903 omnes
1668 873 1806 918 praeter
1825 864 1878 902 il-

492 933 600 977 lam;
632 932 697 969 cui
719 941 848 969 tamen
870 931 1046 982 Qintus
1073 930 1121 967 de
1150 929 1281 967 mensa
1309 929 1440 967 misit:
1473 929 1542 967 illa
1570 930 1718 982 rejecit.
1765 929 1878 982 Qid

493 998 620 1036 multa
638 999 651 1035 ?
683 995 785 1035 nihil
805 1009 894 1034 meo
913 995 1030 1033 fratre
1051 995 1194 1040 lenius,
1216 993 1318 1032 nihil
1339 994 1506 1047 asperius
1529 1004 1595 1033 tua
1614 995 1755 1041 sorore,
1776 994 1880 1034 mihi

491 1062 620 1100 visum
640 1061 718 1099 est:
740 1070 779 1099 et
800 1060 925 1099 multa
943 1068 1143 1113 praetereo,
1165 1073 1251 1112 quae
1273 1069 1360 1097 tum
1381 1058 1483 1097 mihi
1503 1061 1642 1113 majori
1662 1059 1877 1105 stomacho,

492 1141 613 1180 quam
634 1127 703 1180 ipfi
725 1126 895 1179 Qinto,
917 1125 1093 1164 fuerunt.
1139 1126 1227 1178 Ego
1256 1125 1348 1163 inde
1367 1126 1577 1178 Aquinum
1593 1145 1606 1171 ς
1638 1126 1815 1178 Qintus
1837 1126 1879 1164 in

494 1193 651 1230 Arcano
682 1191 876 1236 remanfit,
907 1199 946 1229 et
977 1190 1185 1243 Aquinum
1217 1189 1263 1227 ad
1294 1203 1358 1228 me
1391 1189 1573 1242 postridie
1602 1204 1715 1229 mane
1742 1191 1877 1235 venit;

493 1257 674 1310 mihique
695 1257 877 1302 narravit,
908 1269 979 1295 nec
1000 1256 1131 1294 secum
1151 1255 1260 1294 illam
1281 1255 1452 1294 dormire
1481 1256 1641 1295 voluisse
1657 1275 1669 1302 ;
1700 1265 1754 1301 et,
1785 1270 1880 1295 cum

494 1323 698 1362 discessura
727 1323 831 1368 esset,
862 1321 975 1361 fuiss‘e
1003 1321 1209 1375 ejusmodi,
1240 1322 1397 1374 qualem
1428 1335 1501 1374 ego
1531 1322 1722 1361 vidiffem.
1769 1322 1881 1374 Qid

493 1390 667 1441 quaeris?
698 1388 759 1426 vel
780 1388 850 1441 ips1
870 1387 948 1426 hoc
977 1387 1082 1426 dicas
1112 1387 1222 1433 licet,
1251 1386 1541 1426 humanitatem
1569 1388 1621 1434 ei,
1652 1401 1741 1426 meo
1767 1388 1880 1441 judi-

493 1455 572 1501 cio,
594 1455 666 1493 illo
686 1454 749 1493 die
768 1453 943 1492 defuisse.
976 1454 1075 1492 Haec
1095 1453 1142 1492 ad
1163 1463 1199 1492 te
1220 1453 1349 1506 scripsi
1370 1453 1522 1492 fortasse
1542 1454 1739 1506 pluribus,
1760 1467 1881 1507 quam

494 1520 641 1558 necefl‘e
660 1519 753 1565 fuit,
785 1528 828 1557 ut
848 1518 995 1557 videres
1023 1528 1107 1557 tuas
1139 1531 1297 1571 quoque
1325 1518 1397 1556 effe
1426 1527 1551 1570 partes
1583 1518 1812 1557 instituendi
1842 1528 1882 1557 et

494 1585 697 1624 monendi.
735 1584 954 1637 Reliquum
974 1583 1042 1629 est,
1073 1592 1132 1629 ut,
1163 1593 1251 1622 ante
1271 1597 1390 1636 quam
1411 1583 1669 1635 proficiscare,
1701 1583 1883 1622 mandata

495 1650 622 1689 nostra
641 1649 843 1689 exhaurias
860 1669 873 1695 ς
906 1649 1047 1687 scribas
1068 1649 1115 1687 ad
1136 1663 1198 1687 me
1218 1649 1379 1694 omnia;
1412 1649 1646 1687 Pontinium
1666 1649 1847 1688 extrudas
1865 1669 1877 1695 ς

494 1729 586 1754 cum
608 1715 804 1769 profectus
824 1715 914 1761 eris,
945 1728 1056 1753 cures
1078 1725 1121 1753 ut
1142 1715 1275 1754 sciam.
1322 1715 1384 1753 Sic
1411 1713 1569 1760 habeas.
1600 1714 1702 1753 nihil
1722 1714 1880 1753 meher-

495 1781 583 1819 cule
618 1791 655 1819 te
691 1780 792 1819 mihi
825 1794 897 1819 nec
931 1781 1057 1818 carius
1091 1780 1178 1825 effe,
1221 1793 1292 1818 nec
1328 1780 1494 1818 suavius.
1541 1781 1592 1818 A.
1628 1782 1880 1832 Torquatum

495 1847 752 1885 amantisfime
772 1846 899 1884 dimisi
923 1846 1159 1891 Minturnis,
1190 1846 1390 1898 optimum
1411 1845 1539 1883 virum
1559 1860 1567 1883 ε
1600 1845 1664 1883 cui
1686 1858 1749 1883 me
1769 1845 1814 1883 ad
1843 1855 1880 1883 te

495 1911 678 1965 scripfiffe
697 1911 862 1963 aliquid,
893 1911 933 1949 in
956 1911 1130 1950 sermone
1151 1910 1343 1964 significes
1363 1910 1497 1948 velim.

833 2114 1075 2151 C1c1zno
1117 2113 1372 2150 Αττιεο
1414 2111 1543 2149 SAL.

497 2241 550 2279 11.
578 2240 819 2313 ANTE
851 2241 955 2279 diem
978 2254 1021 2278 v1
1047 2239 1106 2278 ld.
1131 2239 1231 2278 Mai.
1264 2253 1354 2278 cum
1390 2241 1456 2280 has
1489 2241 1628 2279 dabam
1659 2240 1802 2285 literas,
1833 2255 1880 2279 ex

688 2306 929 2359 Pompeiano
950 2303 1234 2359 proficiscebar,
1267 2314 1310 2342 ut
1339 2319 1385 2343 co
1413 2307 1476 2344 die
1497 2319 1692 2345 manerem
1716 2306 1754 2342 in
1777 2307 1880 2343 Tre-

495 2372 641 2411 bulano
661 2372 762 2425 apud
786 2372 999 2409 Pontium:
1023 2370 1162 2409 deinde
1182 2370 1419 2423 cogitabam,
1444 2372 1519 2410 {ine
1540 2371 1620 2410 ulla
1641 2385 1763 2416 mora,
1781 2371 1883 2422 justa

496 2439 635 2477 itinera
655 2437 793 2476 facere.
828 2438 874 2476 In
896 2438 1078 2475 Cumano
1098 2450 1191 2475 cum
1211 2435 1341 2480 effcm.
1360 2439 1466 2475 venit
1488 2438 1533 2476 ad
1555 2451 1631 2480 me,
1654 2436 1759 2489 quod
1781 2435 1882 2474 mihi

495 2513 721 2559 pergratum
742 2503 835 2549 fuit,
858 2502 983 2543 noster
999 2502 1252 2543 Hortensius:
1276 2503 1341 2541 cui
1358 2502 1582 2556 deposcenti
1605 2516 1688 2541 mea
1705 2502 1884 2540 mandata
